<?xml version="1.0" encoding="utf-8"?>
<Prices>
  <ChainID>7290661400001</ChainID>
  <SubChainID>001</SubChainID>
  <StoreID>011</StoreID>
  <BikoretNo>000</BikoretNo>
  <Products>
    <Product>
      <PriceUpdateDate>2016/11/14 14:21</PriceUpdateDate>
      <ItemCode>403</ItemCode>
      <ItemType>0</ItemType>
      <ItemName>דג פילה סלמון טרי</ItemName>
      <ManufactureName>ח.י. מעדני גורמה בעמ</ManufactureName>
      <ManufactureCountry />
      <ManufactureItemDescription />
      <UnitQty>ק"ג</UnitQty>
      <Quantity>1</Quantity>
      <UnitMeasure />
      <BisWeighted>1</BisWeighted>
      <QtyInPackage>1</QtyInPackage>
      <ItemPrice>99.90</ItemPrice>
      <UnitOfMeasurePrice>99.90</UnitOfMeasurePrice>
      <AllowDiscount>1</AllowDiscount>
      <itemStatus>1</itemStatus>
      <LastUpdateDate />
      <LastUpdateTime />
    </Product>
    <Product>
      <PriceUpdateDate>2020/05/03 15:08</PriceUpdateDate>
      <ItemCode>711</ItemCode>
      <ItemType>0</ItemType>
      <ItemName>ענבים</ItemName>
      <ManufactureName>ביכורי הנגב מ.ד בעמ</ManufactureName>
      <ManufactureCountry />
      <ManufactureItemDescription />
      <UnitQty>ק"ג</UnitQty>
      <Quantity>1</Quantity>
      <UnitMeasure />
      <BisWeighted>1</BisWeighted>
      <QtyInPackage>1</QtyInPackage>
      <ItemPrice>39.90</ItemPrice>
      <UnitOfMeasurePrice>39.90</UnitOfMeasurePrice>
      <AllowDiscount>0</AllowDiscount>
      <itemStatus>1</itemStatus>
      <LastUpdateDate />
      <LastUpdateTime />
    </Product>
    <Product>
      <PriceUpdateDate>2014/10/05 12:41</PriceUpdateDate>
      <ItemCode>22440</ItemCode>
      <ItemType>0</ItemType>
      <ItemName>קוד מרכז שמפו 10 700</ItemName>
      <ManufactureName>לפ דנאגיס בעמ @@@</ManufactureName>
      <ManufactureCountry />
      <ManufactureItemDescription />
      <UnitQty>י"ח</UnitQty>
      <Quantity>1</Quantity>
      <UnitMeasure />
      <BisWeighted>0</BisWeighted>
      <QtyInPackage>1</QtyInPackage>
      <ItemPrice>11.90</ItemPrice>
      <UnitOfMeasurePrice>11.90</UnitOfMeasurePrice>
      <AllowDiscount>1</AllowDiscount>
      <itemStatus>1</itemStatus>
      <LastUpdateDate />
      <LastUpdateTime />
    </Product>
    <Product>
      <PriceUpdateDate>2013/12/24 14:34</PriceUpdateDate>
      <ItemCode>22480</ItemCode>
      <ItemType>0</ItemType>
      <ItemName>קוד מרכז סבוני הוואי X 4</ItemName>
      <ManufactureName>הנקל סוד בעמ</ManufactureName>
      <ManufactureCountry />
      <ManufactureItemDescription />
      <UnitQty>י"ח</UnitQty>
      <Quantity>1</Quantity>
      <UnitMeasure />
      <BisWeighted>0</BisWeighted>
      <QtyInPackage>1</QtyInPackage>
      <ItemPrice>15</ItemPrice>
      <UnitOfMeasurePrice>15</UnitOfMeasurePrice>
      <AllowDiscount>1</AllowDiscount>
      <itemStatus>1</itemStatus>
      <LastUpdateDate />
      <LastUpdateTime />
    </Product>
    <Product>
      <PriceUpdateDate>2019/08/21 08:47</PriceUpdateDate>
      <ItemCode>22616</ItemCode>
      <ItemType>0</ItemType>
      <ItemName>קוד מרכז סירופ 1 ליטר</ItemName>
      <ManufactureName>זנלכל בעמ</ManufactureName>
      <ManufactureCountry />
      <ManufactureItemDescription />
      <UnitQty>י"ח</UnitQty>
      <Quantity>1</Quantity>
      <UnitMeasure />
      <BisWeighted>0</BisWeighted>
      <QtyInPackage>1</QtyInPackage>
      <ItemPrice>7.50</ItemPrice>
      <UnitOfMeasurePrice>7.50</UnitOfMeasurePrice>
      <AllowDiscount>1</AllowDiscount>
      <itemStatus>1</itemStatus>
      <LastUpdateDate />
      <LastUpdateTime />
    </Product>
    <Product>
      <PriceUpdateDate>2019/01/21 08:54</PriceUpdateDate>
      <ItemCode>23007</ItemCode>
      <ItemType>0</ItemType>
      <ItemName>סטוק }84 ברנדי{ כש</ItemName>
      <ManufactureName>טמפו משקאות בעמ</ManufactureName>
      <ManufactureCountry />
      <ManufactureItemDescription />
      <UnitQty>י"ח</UnitQty>
      <Quantity>750</Quantity>
      <UnitMeasure>ל  גרם</UnitMeasure>
      <BisWeighted>0</BisWeighted>
      <QtyInPackage>1</QtyInPackage>
      <ItemPrice>70.20</ItemPrice>
      <UnitOfMeasurePrice>9.32</UnitOfMeasurePrice>
      <AllowDiscount>1</AllowDiscount>
      <itemStatus>1</itemStatus>
      <LastUpdateDate />
      <LastUpdateTime />
    </Product>
    <Product>
      <PriceUpdateDate>2019/02/03 11:14</PriceUpdateDate>
      <ItemCode>7290000023410</ItemCode>
      <ItemType>1</ItemType>
      <ItemName>ליקר גלה קפה סטוק</ItemName>
      <ManufactureName>טמפו משקאות בעמ</ManufactureName>
      <ManufactureCountry />
      <ManufactureItemDescription />
      <UnitQty>י"ח</UnitQty>
      <Quantity>750</Quantity>
      <UnitMeasure>ל  מ"ל</UnitMeasure>
      <BisWeighted>0</BisWeighted>
      <QtyInPackage>1</QtyInPackage>
      <ItemPrice>50.20</ItemPrice>
      <UnitOfMeasurePrice>6.65</UnitOfMeasurePrice>
      <AllowDiscount>1</AllowDiscount>
      <itemStatus>1</itemStatus>
      <LastUpdateDate />
      <LastUpdateTime />
    </Product>
    <Product>
      <PriceUpdateDate>2019/02/03 11:14</PriceUpdateDate>
      <ItemCode>7290000023427</ItemCode>
      <ItemType>1</ItemType>
      <ItemName>אמרטו ליקר</ItemName>
      <ManufactureName>טמפו משקאות בעמ</ManufactureName>
      <ManufactureCountry />
      <ManufactureItemDescription />
      <UnitQty>י"ח</UnitQty>
      <Quantity>750</Quantity>
      <UnitMeasure>ל  מ"ל</UnitMeasure>
      <BisWeighted>0</BisWeighted>
      <QtyInPackage>1</QtyInPackage>
      <ItemPrice>50.20</ItemPrice>
      <UnitOfMeasurePrice>6.65</UnitOfMeasurePrice>
      <AllowDiscount>1</AllowDiscount>
      <itemStatus>1</itemStatus>
      <LastUpdateDate />
      <LastUpdateTime />
    </Product>
    <Product>
      <PriceUpdateDate>2019/02/03 11:14</PriceUpdateDate>
      <ItemCode>7290000023434</ItemCode>
      <ItemType>1</ItemType>
      <ItemName>ליקר וישיניאק שטוק</ItemName>
      <ManufactureName>טמפו משקאות בעמ</ManufactureName>
      <ManufactureCountry />
      <ManufactureItemDescription />
      <UnitQty>י"ח</UnitQty>
      <Quantity>750</Quantity>
      <UnitMeasure>ל  מ"ל</UnitMeasure>
      <BisWeighted>0</BisWeighted>
      <QtyInPackage>1</QtyInPackage>
      <ItemPrice>50.20</ItemPrice>
      <UnitOfMeasurePrice>6.65</UnitOfMeasurePrice>
      <AllowDiscount>1</AllowDiscount>
      <itemStatus>1</itemStatus>
      <LastUpdateDate />
      <LastUpdateTime />
    </Product>
    <Product>
      <PriceUpdateDate>2019/02/03 11:14</PriceUpdateDate>
      <ItemCode>7290000023441</ItemCode>
      <ItemType>1</ItemType>
      <ItemName>ליקר שוקולד קוקטייל</ItemName>
      <ManufactureName>טמפו משקאות בעמ</ManufactureName>
      <ManufactureCountry />
      <ManufactureItemDescription />
      <UnitQty>י"ח</UnitQty>
      <Quantity>750</Quantity>
      <UnitMeasure>ל  מ"ל</UnitMeasure>
      <BisWeighted>0</BisWeighted>
      <QtyInPackage>1</QtyInPackage>
      <ItemPrice>50.20</ItemPrice>
      <UnitOfMeasurePrice>6.65</UnitOfMeasurePrice>
      <AllowDiscount>1</AllowDiscount>
      <itemStatus>1</itemStatus>
      <LastUpdateDate />
      <LastUpdateTime />
    </Product>
    <Product>
      <PriceUpdateDate>2019/02/03 11:14</PriceUpdateDate>
      <ItemCode>7290000023458</ItemCode>
      <ItemType>1</ItemType>
      <ItemName>ליקר סטוק שרי</ItemName>
      <ManufactureName>טמפו משקאות בעמ</ManufactureName>
      <ManufactureCountry />
      <ManufactureItemDescription />
      <UnitQty>י"ח</UnitQty>
      <Quantity>750</Quantity>
      <UnitMeasure>ל  מ"ל</UnitMeasure>
      <BisWeighted>0</BisWeighted>
      <QtyInPackage>1</QtyInPackage>
      <ItemPrice>50.20</ItemPrice>
      <UnitOfMeasurePrice>6.65</UnitOfMeasurePrice>
      <AllowDiscount>1</AllowDiscount>
      <itemStatus>1</itemStatus>
      <LastUpdateDate />
      <LastUpdateTime />
    </Product>
    <Product>
      <PriceUpdateDate>2019/02/03 11:14</PriceUpdateDate>
      <ItemCode>7290000023465</ItemCode>
      <ItemType>1</ItemType>
      <ItemName>ליקר בננה סטוק</ItemName>
      <ManufactureName>טמפו משקאות בעמ</ManufactureName>
      <ManufactureCountry />
      <ManufactureItemDescription />
      <UnitQty>י"ח</UnitQty>
      <Quantity>750</Quantity>
      <UnitMeasure>ל  מ"ל</UnitMeasure>
      <BisWeighted>0</BisWeighted>
      <QtyInPackage>1</QtyInPackage>
      <ItemPrice>50.20</ItemPrice>
      <UnitOfMeasurePrice>6.65</UnitOfMeasurePrice>
      <AllowDiscount>1</AllowDiscount>
      <itemStatus>1</itemStatus>
      <LastUpdateDate />
      <LastUpdateTime />
    </Product>
    <Product>
      <PriceUpdateDate>2019/02/03 11:14</PriceUpdateDate>
      <ItemCode>7290000023472</ItemCode>
      <ItemType>1</ItemType>
      <ItemName>ליקר טריפל-סק</ItemName>
      <ManufactureName>טמפו משקאות בעמ</ManufactureName>
      <ManufactureCountry />
      <ManufactureItemDescription />
      <UnitQty>י"ח</UnitQty>
      <Quantity>750</Quantity>
      <UnitMeasure>ל  מ"ל</UnitMeasure>
      <BisWeighted>0</BisWeighted>
      <QtyInPackage>1</QtyInPackage>
      <ItemPrice>50.20</ItemPrice>
      <UnitOfMeasurePrice>6.65</UnitOfMeasurePrice>
      <AllowDiscount>1</AllowDiscount>
      <itemStatus>1</itemStatus>
      <LastUpdateDate />
      <LastUpdateTime />
    </Product>
    <Product>
      <PriceUpdateDate>2014/05/15 10:20</PriceUpdateDate>
      <ItemCode>23779</ItemCode>
      <ItemType>0</ItemType>
      <ItemName>קלאסיק ארגמן</ItemName>
      <ManufactureName>טמפו משקאות בעמ</ManufactureName>
      <ManufactureCountry />
      <ManufactureItemDescription />
      <UnitQty>י"ח</UnitQty>
      <Quantity>750</Quantity>
      <UnitMeasure>ל  מ"ל</UnitMeasure>
      <BisWeighted>0</BisWeighted>
      <QtyInPackage>1</QtyInPackage>
      <ItemPrice>29.90</ItemPrice>
      <UnitOfMeasurePrice>3.95</UnitOfMeasurePrice>
      <AllowDiscount>1</AllowDiscount>
      <itemStatus>1</itemStatus>
      <LastUpdateDate />
      <LastUpdateTime />
    </Product>
    <Product>
      <PriceUpdateDate>2014/03/17 16:31</PriceUpdateDate>
      <ItemCode>23816</ItemCode>
      <ItemType>0</ItemType>
      <ItemName>יין קלאסיק ברקן אמרלד ריזלינג</ItemName>
      <ManufactureName>טמפו משקאות בעמ</ManufactureName>
      <ManufactureCountry />
      <ManufactureItemDescription />
      <UnitQty>י"ח</UnitQty>
      <Quantity>750</Quantity>
      <UnitMeasure>ל  מ"ל</UnitMeasure>
      <BisWeighted>0</BisWeighted>
      <QtyInPackage>1</QtyInPackage>
      <ItemPrice>29.90</ItemPrice>
      <UnitOfMeasurePrice>3.95</UnitOfMeasurePrice>
      <AllowDiscount>1</AllowDiscount>
      <itemStatus>1</itemStatus>
      <LastUpdateDate />
      <LastUpdateTime />
    </Product>
    <Product>
      <PriceUpdateDate>2013/11/28 13:30</PriceUpdateDate>
      <ItemCode>23823</ItemCode>
      <ItemType>0</ItemType>
      <ItemName>קלאסיק סוביניון בלאן</ItemName>
      <ManufactureName>טמפו משקאות בעמ</ManufactureName>
      <ManufactureCountry />
      <ManufactureItemDescription />
      <UnitQty>י"ח</UnitQty>
      <Quantity>750</Quantity>
      <UnitMeasure>ל  מ"ל</UnitMeasure>
      <BisWeighted>0</BisWeighted>
      <QtyInPackage>1</QtyInPackage>
      <ItemPrice>30.30</ItemPrice>
      <UnitOfMeasurePrice>4</UnitOfMeasurePrice>
      <AllowDiscount>1</AllowDiscount>
      <itemStatus>1</itemStatus>
      <LastUpdateDate />
      <LastUpdateTime />
    </Product>
    <Product>
      <PriceUpdateDate>2014/03/17 16:31</PriceUpdateDate>
      <ItemCode>7290000023830</ItemCode>
      <ItemType>1</ItemType>
      <ItemName>קלאסיק  קברנה בלאש.</ItemName>
      <ManufactureName>טמפו משקאות בעמ</ManufactureName>
      <ManufactureCountry />
      <ManufactureItemDescription />
      <UnitQty>י"ח</UnitQty>
      <Quantity>750</Quantity>
      <UnitMeasure>ל  מ"ל</UnitMeasure>
      <BisWeighted>0</BisWeighted>
      <QtyInPackage>1</QtyInPackage>
      <ItemPrice>29.90</ItemPrice>
      <UnitOfMeasurePrice>3.95</UnitOfMeasurePrice>
      <AllowDiscount>1</AllowDiscount>
      <itemStatus>1</itemStatus>
      <LastUpdateDate />
      <LastUpdateTime />
    </Product>
    <Product>
      <PriceUpdateDate>2013/11/29 10:37</PriceUpdateDate>
      <ItemCode>23847</ItemCode>
      <ItemType>0</ItemType>
      <ItemName>קלאסיק ברקן שרדונה</ItemName>
      <ManufactureName>טמפו משקאות בעמ</ManufactureName>
      <ManufactureCountry />
      <ManufactureItemDescription />
      <UnitQty>י"ח</UnitQty>
      <Quantity>750</Quantity>
      <UnitMeasure>ל  מ"ל</UnitMeasure>
      <BisWeighted>0</BisWeighted>
      <QtyInPackage>1</QtyInPackage>
      <ItemPrice>30.30</ItemPrice>
      <UnitOfMeasurePrice>4</UnitOfMeasurePrice>
      <AllowDiscount>1</AllowDiscount>
      <itemStatus>1</itemStatus>
      <LastUpdateDate />
      <LastUpdateTime />
    </Product>
    <Product>
      <PriceUpdateDate>2018/03/20 11:08</PriceUpdateDate>
      <ItemCode>23953</ItemCode>
      <ItemType>0</ItemType>
      <ItemName>קלאסיק ברקן פטיט סירה</ItemName>
      <ManufactureName>טמפו משקאות בעמ</ManufactureName>
      <ManufactureCountry />
      <ManufactureItemDescription />
      <UnitQty>י"ח</UnitQty>
      <Quantity>750</Quantity>
      <UnitMeasure>ל  מ"ל</UnitMeasure>
      <BisWeighted>0</BisWeighted>
      <QtyInPackage>1</QtyInPackage>
      <ItemPrice>31.90</ItemPrice>
      <UnitOfMeasurePrice>4.21</UnitOfMeasurePrice>
      <AllowDiscount>1</AllowDiscount>
      <itemStatus>1</itemStatus>
      <LastUpdateDate />
      <LastUpdateTime />
    </Product>
    <Product>
      <PriceUpdateDate>2018/03/20 11:08</PriceUpdateDate>
      <ItemCode>23960</ItemCode>
      <ItemType>0</ItemType>
      <ItemName>קלאסיק ברקן שיראז קלאסיק</ItemName>
      <ManufactureName>טמפו משקאות בעמ</ManufactureName>
      <ManufactureCountry />
      <ManufactureItemDescription />
      <UnitQty>י"ח</UnitQty>
      <Quantity>750</Quantity>
      <UnitMeasure>ל  מ"ל</UnitMeasure>
      <BisWeighted>0</BisWeighted>
      <QtyInPackage>1</QtyInPackage>
      <ItemPrice>31.90</ItemPrice>
      <UnitOfMeasurePrice>4.21</UnitOfMeasurePrice>
      <AllowDiscount>1</AllowDiscount>
      <itemStatus>1</itemStatus>
      <LastUpdateDate />
      <LastUpdateTime />
    </Product>
    <Product>
      <PriceUpdateDate>2018/03/20 11:08</PriceUpdateDate>
      <ItemCode>23977</ItemCode>
      <ItemType>0</ItemType>
      <ItemName>יין קלאסיק מרלו ברקן.</ItemName>
      <ManufactureName>טמפו משקאות בעמ</ManufactureName>
      <ManufactureCountry />
      <ManufactureItemDescription />
      <UnitQty>י"ח</UnitQty>
      <Quantity>750</Quantity>
      <UnitMeasure>ל  מ"ל</UnitMeasure>
      <BisWeighted>0</BisWeighted>
      <QtyInPackage>1</QtyInPackage>
      <ItemPrice>31.90</ItemPrice>
      <UnitOfMeasurePrice>4.21</UnitOfMeasurePrice>
      <AllowDiscount>1</AllowDiscount>
      <itemStatus>1</itemStatus>
      <LastUpdateDate />
      <LastUpdateTime />
    </Product>
    <Product>
      <PriceUpdateDate>2018/03/20 11:08</PriceUpdateDate>
      <ItemCode>23984</ItemCode>
      <ItemType>0</ItemType>
      <ItemName>קלאסיק ברקן מרלו/פינוטאג</ItemName>
      <ManufactureName>טמפו משקאות בעמ</ManufactureName>
      <ManufactureCountry />
      <ManufactureItemDescription />
      <UnitQty>י"ח</UnitQty>
      <Quantity>750</Quantity>
      <UnitMeasure>ל  מ"ל</UnitMeasure>
      <BisWeighted>0</BisWeighted>
      <QtyInPackage>1</QtyInPackage>
      <ItemPrice>31.90</ItemPrice>
      <UnitOfMeasurePrice>4.21</UnitOfMeasurePrice>
      <AllowDiscount>1</AllowDiscount>
      <itemStatus>1</itemStatus>
      <LastUpdateDate />
      <LastUpdateTime />
    </Product>
    <Product>
      <PriceUpdateDate>2015/12/09 14:39</PriceUpdateDate>
      <ItemCode>24202</ItemCode>
      <ItemType>0</ItemType>
      <ItemName>רזרב  קברנה סובניון ברקן</ItemName>
      <ManufactureName>טמפו משקאות בעמ</ManufactureName>
      <ManufactureCountry />
      <ManufactureItemDescription />
      <UnitQty>י"ח</UnitQty>
      <Quantity>750</Quantity>
      <UnitMeasure>ל  מ"ל</UnitMeasure>
      <BisWeighted>0</BisWeighted>
      <QtyInPackage>1</QtyInPackage>
      <ItemPrice>49.90</ItemPrice>
      <UnitOfMeasurePrice>6.61</UnitOfMeasurePrice>
      <AllowDiscount>1</AllowDiscount>
      <itemStatus>1</itemStatus>
      <LastUpdateDate />
      <LastUpdateTime />
    </Product>
    <Product>
      <PriceUpdateDate>2014/03/18 17:17</PriceUpdateDate>
      <ItemCode>7290000024219</ItemCode>
      <ItemType>1</ItemType>
      <ItemName>רזרב אמרלד ריזלינג 750ברקן</ItemName>
      <ManufactureName>טמפו משקאות בעמ</ManufactureName>
      <ManufactureCountry />
      <ManufactureItemDescription />
      <UnitQty>י"ח</UnitQty>
      <Quantity>750</Quantity>
      <UnitMeasure>ל  מ"ל</UnitMeasure>
      <BisWeighted>0</BisWeighted>
      <QtyInPackage>1</QtyInPackage>
      <ItemPrice>49.90</ItemPrice>
      <UnitOfMeasurePrice>6.61</UnitOfMeasurePrice>
      <AllowDiscount>1</AllowDiscount>
      <itemStatus>1</itemStatus>
      <LastUpdateDate />
      <LastUpdateTime />
    </Product>
    <Product>
      <PriceUpdateDate>2017/03/26 10:51</PriceUpdateDate>
      <ItemCode>7290000024240</ItemCode>
      <ItemType>1</ItemType>
      <ItemName>רזרב ברקן שרדונה</ItemName>
      <ManufactureName>טמפו משקאות בעמ</ManufactureName>
      <ManufactureCountry />
      <ManufactureItemDescription />
      <UnitQty>י"ח</UnitQty>
      <Quantity>750</Quantity>
      <UnitMeasure>ל  מ"ל</UnitMeasure>
      <BisWeighted>0</BisWeighted>
      <QtyInPackage>1</QtyInPackage>
      <ItemPrice>49.90</ItemPrice>
      <UnitOfMeasurePrice>6.61</UnitOfMeasurePrice>
      <AllowDiscount>1</AllowDiscount>
      <itemStatus>1</itemStatus>
      <LastUpdateDate />
      <LastUpdateTime />
    </Product>
    <Product>
      <PriceUpdateDate>2015/12/09 14:39</PriceUpdateDate>
      <ItemCode>7290000024264</ItemCode>
      <ItemType>1</ItemType>
      <ItemName>רזרב מרלו ברקן</ItemName>
      <ManufactureName>טמפו משקאות בעמ</ManufactureName>
      <ManufactureCountry />
      <ManufactureItemDescription />
      <UnitQty>י"ח</UnitQty>
      <Quantity>750</Quantity>
      <UnitMeasure>ל  מ"ל</UnitMeasure>
      <BisWeighted>0</BisWeighted>
      <QtyInPackage>1</QtyInPackage>
      <ItemPrice>49.90</ItemPrice>
      <UnitOfMeasurePrice>6.61</UnitOfMeasurePrice>
      <AllowDiscount>1</AllowDiscount>
      <itemStatus>1</itemStatus>
      <LastUpdateDate />
      <LastUpdateTime />
    </Product>
    <Product>
      <PriceUpdateDate>2017/12/21 10:37</PriceUpdateDate>
      <ItemCode>24516</ItemCode>
      <ItemType>0</ItemType>
      <ItemName>יין לבן עלמון אסמבלאז 750מ"ל</ItemName>
      <ManufactureName>טמפו משקאות בעמ</ManufactureName>
      <ManufactureCountry />
      <ManufactureItemDescription />
      <UnitQty>י"ח</UnitQty>
      <Quantity>750</Quantity>
      <UnitMeasure>ל  מ"ל</UnitMeasure>
      <BisWeighted>0</BisWeighted>
      <QtyInPackage>1</QtyInPackage>
      <ItemPrice>59.90</ItemPrice>
      <UnitOfMeasurePrice>7.95</UnitOfMeasurePrice>
      <AllowDiscount>1</AllowDiscount>
      <itemStatus>1</itemStatus>
      <LastUpdateDate />
      <LastUpdateTime />
    </Product>
    <Product>
      <PriceUpdateDate>2017/07/17 08:27</PriceUpdateDate>
      <ItemCode>24530</ItemCode>
      <ItemType>0</ItemType>
      <ItemName>יין אדום מתוק לקידוש של סגל 750מ"ל</ItemName>
      <ManufactureName>טמפו משקאות בעמ</ManufactureName>
      <ManufactureCountry />
      <ManufactureItemDescription />
      <UnitQty>י"ח</UnitQty>
      <Quantity>750</Quantity>
      <UnitMeasure>ל  מ"ל</UnitMeasure>
      <BisWeighted>0</BisWeighted>
      <QtyInPackage>1</QtyInPackage>
      <ItemPrice>14.90</ItemPrice>
      <UnitOfMeasurePrice>1.95</UnitOfMeasurePrice>
      <AllowDiscount>1</AllowDiscount>
      <itemStatus>1</itemStatus>
      <LastUpdateDate />
      <LastUpdateTime />
    </Product>
    <Product>
      <PriceUpdateDate>2016/04/10 15:59</PriceUpdateDate>
      <ItemCode>24554</ItemCode>
      <ItemType>0</ItemType>
      <ItemName>יין   אסמבלאז`ריחן 2012</ItemName>
      <ManufactureName>טמפו משקאות בעמ</ManufactureName>
      <ManufactureCountry />
      <ManufactureItemDescription />
      <UnitQty>י"ח</UnitQty>
      <Quantity>750</Quantity>
      <UnitMeasure>ל  מ"ל</UnitMeasure>
      <BisWeighted>0</BisWeighted>
      <QtyInPackage>1</QtyInPackage>
      <ItemPrice>59.90</ItemPrice>
      <UnitOfMeasurePrice>7.95</UnitOfMeasurePrice>
      <AllowDiscount>1</AllowDiscount>
      <itemStatus>1</itemStatus>
      <LastUpdateDate />
      <LastUpdateTime />
    </Product>
    <Product>
      <PriceUpdateDate>2016/04/10 15:59</PriceUpdateDate>
      <ItemCode>7290000024561</ItemCode>
      <ItemType>1</ItemType>
      <ItemName>יין   אסמבלאז`איתן 2012</ItemName>
      <ManufactureName>טמפו משקאות בעמ</ManufactureName>
      <ManufactureCountry />
      <ManufactureItemDescription />
      <UnitQty>י"ח</UnitQty>
      <Quantity>750</Quantity>
      <UnitMeasure>ל  מ"ל</UnitMeasure>
      <BisWeighted>0</BisWeighted>
      <QtyInPackage>1</QtyInPackage>
      <ItemPrice>59.90</ItemPrice>
      <UnitOfMeasurePrice>7.95</UnitOfMeasurePrice>
      <AllowDiscount>1</AllowDiscount>
      <itemStatus>1</itemStatus>
      <LastUpdateDate />
      <LastUpdateTime />
    </Product>
    <Product>
      <PriceUpdateDate>2016/04/10 15:59</PriceUpdateDate>
      <ItemCode>24578</ItemCode>
      <ItemType>0</ItemType>
      <ItemName>יין   אסמבלאז`צפית 2012</ItemName>
      <ManufactureName>טמפו משקאות בעמ</ManufactureName>
      <ManufactureCountry />
      <ManufactureItemDescription />
      <UnitQty>י"ח</UnitQty>
      <Quantity>750</Quantity>
      <UnitMeasure>ל  מ"ל</UnitMeasure>
      <BisWeighted>0</BisWeighted>
      <QtyInPackage>1</QtyInPackage>
      <ItemPrice>59.90</ItemPrice>
      <UnitOfMeasurePrice>7.95</UnitOfMeasurePrice>
      <AllowDiscount>1</AllowDiscount>
      <itemStatus>1</itemStatus>
      <LastUpdateDate />
      <LastUpdateTime />
    </Product>
    <Product>
      <PriceUpdateDate>2015/11/15 11:26</PriceUpdateDate>
      <ItemCode>24899</ItemCode>
      <ItemType>0</ItemType>
      <ItemName>וודקה קגלביץ אסאי700</ItemName>
      <ManufactureName>טמפו משקאות בעמ</ManufactureName>
      <ManufactureCountry />
      <ManufactureItemDescription />
      <UnitQty>י"ח</UnitQty>
      <Quantity>700</Quantity>
      <UnitMeasure>ל  מ"ל</UnitMeasure>
      <BisWeighted>0</BisWeighted>
      <QtyInPackage>1</QtyInPackage>
      <ItemPrice>49.90</ItemPrice>
      <UnitOfMeasurePrice>7.09</UnitOfMeasurePrice>
      <AllowDiscount>1</AllowDiscount>
      <itemStatus>1</itemStatus>
      <LastUpdateDate />
      <LastUpdateTime />
    </Product>
    <Product>
      <PriceUpdateDate>2015/11/15 11:26</PriceUpdateDate>
      <ItemCode>7290000024912</ItemCode>
      <ItemType>1</ItemType>
      <ItemName>וודקה קגלוויץ לימון 700 כשל"פ</ItemName>
      <ManufactureName>טמפו משקאות בעמ</ManufactureName>
      <ManufactureCountry />
      <ManufactureItemDescription />
      <UnitQty>י"ח</UnitQty>
      <Quantity>700</Quantity>
      <UnitMeasure>ל  מ"ל</UnitMeasure>
      <BisWeighted>0</BisWeighted>
      <QtyInPackage>1</QtyInPackage>
      <ItemPrice>49.90</ItemPrice>
      <UnitOfMeasurePrice>7.09</UnitOfMeasurePrice>
      <AllowDiscount>1</AllowDiscount>
      <itemStatus>1</itemStatus>
      <LastUpdateDate />
      <LastUpdateTime />
    </Product>
    <Product>
      <PriceUpdateDate>2015/11/15 11:26</PriceUpdateDate>
      <ItemCode>7290000024943</ItemCode>
      <ItemType>1</ItemType>
      <ItemName>וודקה קגלביץ מלון   700</ItemName>
      <ManufactureName>טמפו משקאות בעמ</ManufactureName>
      <ManufactureCountry />
      <ManufactureItemDescription />
      <UnitQty>י"ח</UnitQty>
      <Quantity>700</Quantity>
      <UnitMeasure>ל  מ"ל</UnitMeasure>
      <BisWeighted>0</BisWeighted>
      <QtyInPackage>1</QtyInPackage>
      <ItemPrice>49.90</ItemPrice>
      <UnitOfMeasurePrice>7.09</UnitOfMeasurePrice>
      <AllowDiscount>1</AllowDiscount>
      <itemStatus>1</itemStatus>
      <LastUpdateDate />
      <LastUpdateTime />
    </Product>
    <Product>
      <PriceUpdateDate>2015/11/15 11:26</PriceUpdateDate>
      <ItemCode>7290000024967</ItemCode>
      <ItemType>1</ItemType>
      <ItemName>וודקה קגלביץ אספרסו 700</ItemName>
      <ManufactureName>טמפו משקאות בעמ</ManufactureName>
      <ManufactureCountry />
      <ManufactureItemDescription />
      <UnitQty>י"ח</UnitQty>
      <Quantity>700</Quantity>
      <UnitMeasure>ל  מ"ל</UnitMeasure>
      <BisWeighted>0</BisWeighted>
      <QtyInPackage>1</QtyInPackage>
      <ItemPrice>49.90</ItemPrice>
      <UnitOfMeasurePrice>7.09</UnitOfMeasurePrice>
      <AllowDiscount>1</AllowDiscount>
      <itemStatus>1</itemStatus>
      <LastUpdateDate />
      <LastUpdateTime />
    </Product>
    <Product>
      <PriceUpdateDate>2020/01/14 09:59</PriceUpdateDate>
      <ItemCode>42209</ItemCode>
      <ItemType>0</ItemType>
      <ItemName>בשר טחון טרי מנתח מובחר</ItemName>
      <ManufactureName>ח.י. מעדני גורמה בעמ</ManufactureName>
      <ManufactureCountry />
      <ManufactureItemDescription />
      <UnitQty>ק"ג</UnitQty>
      <Quantity>1</Quantity>
      <UnitMeasure />
      <BisWeighted>1</BisWeighted>
      <QtyInPackage>1</QtyInPackage>
      <ItemPrice>59.90</ItemPrice>
      <UnitOfMeasurePrice>59.90</UnitOfMeasurePrice>
      <AllowDiscount>1</AllowDiscount>
      <itemStatus>1</itemStatus>
      <LastUpdateDate />
      <LastUpdateTime />
    </Product>
    <Product>
      <PriceUpdateDate>2019/06/24 08:38</PriceUpdateDate>
      <ItemCode>7290000047546</ItemCode>
      <ItemType>1</ItemType>
      <ItemName>כנען 500 ג</ItemName>
      <ManufactureName>תנובה בעמ ***</ManufactureName>
      <ManufactureCountry />
      <ManufactureItemDescription />
      <UnitQty>י"ח</UnitQty>
      <Quantity>500</Quantity>
      <UnitMeasure>ל  גרם</UnitMeasure>
      <BisWeighted>0</BisWeighted>
      <QtyInPackage>1</QtyInPackage>
      <ItemPrice>24.90</ItemPrice>
      <UnitOfMeasurePrice>4.98</UnitOfMeasurePrice>
      <AllowDiscount>1</AllowDiscount>
      <itemStatus>1</itemStatus>
      <LastUpdateDate />
      <LastUpdateTime />
    </Product>
    <Product>
      <PriceUpdateDate>2019/06/16 09:47</PriceUpdateDate>
      <ItemCode>7290000047621</ItemCode>
      <ItemType>1</ItemType>
      <ItemName>גבינה לבנה 5% תנובה  250  גרם*</ItemName>
      <ManufactureName>תנובה בעמ ***</ManufactureName>
      <ManufactureCountry />
      <ManufactureItemDescription />
      <UnitQty>י"ח</UnitQty>
      <Quantity>250</Quantity>
      <UnitMeasure>ל  גרם</UnitMeasure>
      <BisWeighted>0</BisWeighted>
      <QtyInPackage>1</QtyInPackage>
      <ItemPrice>4.75</ItemPrice>
      <UnitOfMeasurePrice>1.90</UnitOfMeasurePrice>
      <AllowDiscount>1</AllowDiscount>
      <itemStatus>1</itemStatus>
      <LastUpdateDate />
      <LastUpdateTime />
    </Product>
    <Product>
      <PriceUpdateDate>2019/06/16 09:47</PriceUpdateDate>
      <ItemCode>7290000047942</ItemCode>
      <ItemType>1</ItemType>
      <ItemName>גבינה לבנה 9% רכה 250 גרם</ItemName>
      <ManufactureName>תנובה בעמ ***</ManufactureName>
      <ManufactureCountry />
      <ManufactureItemDescription />
      <UnitQty>י"ח</UnitQty>
      <Quantity>250</Quantity>
      <UnitMeasure>ל  גרם</UnitMeasure>
      <BisWeighted>0</BisWeighted>
      <QtyInPackage>1</QtyInPackage>
      <ItemPrice>4.90</ItemPrice>
      <UnitOfMeasurePrice>1.96</UnitOfMeasurePrice>
      <AllowDiscount>1</AllowDiscount>
      <itemStatus>1</itemStatus>
      <LastUpdateDate />
      <LastUpdateTime />
    </Product>
    <Product>
      <PriceUpdateDate>2019/06/16 09:47</PriceUpdateDate>
      <ItemCode>7290000048185</ItemCode>
      <ItemType>1</ItemType>
      <ItemName>גבינה% 5  תנובה 250גרם*</ItemName>
      <ManufactureName>תנובה בעמ ***</ManufactureName>
      <ManufactureCountry />
      <ManufactureItemDescription />
      <UnitQty>י"ח</UnitQty>
      <Quantity>250</Quantity>
      <UnitMeasure>ל  גרם</UnitMeasure>
      <BisWeighted>0</BisWeighted>
      <QtyInPackage>1</QtyInPackage>
      <ItemPrice>4.75</ItemPrice>
      <UnitOfMeasurePrice>1.90</UnitOfMeasurePrice>
      <AllowDiscount>1</AllowDiscount>
      <itemStatus>1</itemStatus>
      <LastUpdateDate />
      <LastUpdateTime />
    </Product>
    <Product>
      <PriceUpdateDate>2019/06/16 09:47</PriceUpdateDate>
      <ItemCode>7290000048192</ItemCode>
      <ItemType>1</ItemType>
      <ItemName>גבינה 9%  250 גרם</ItemName>
      <ManufactureName>תנובה בעמ ***</ManufactureName>
      <ManufactureCountry />
      <ManufactureItemDescription />
      <UnitQty>י"ח</UnitQty>
      <Quantity>250</Quantity>
      <UnitMeasure>ל  גרם</UnitMeasure>
      <BisWeighted>0</BisWeighted>
      <QtyInPackage>1</QtyInPackage>
      <ItemPrice>4.90</ItemPrice>
      <UnitOfMeasurePrice>1.96</UnitOfMeasurePrice>
      <AllowDiscount>1</AllowDiscount>
      <itemStatus>1</itemStatus>
      <LastUpdateDate />
      <LastUpdateTime />
    </Product>
    <Product>
      <PriceUpdateDate>2019/12/31 14:35</PriceUpdateDate>
      <ItemCode>7290000048413</ItemCode>
      <ItemType>1</ItemType>
      <ItemName>חמד</ItemName>
      <ManufactureName>תנובה בעמ ***</ManufactureName>
      <ManufactureCountry />
      <ManufactureItemDescription />
      <UnitQty>י"ח</UnitQty>
      <Quantity>250</Quantity>
      <UnitMeasure>ל  גרם</UnitMeasure>
      <BisWeighted>0</BisWeighted>
      <QtyInPackage>1</QtyInPackage>
      <ItemPrice>18.90</ItemPrice>
      <UnitOfMeasurePrice>7.56</UnitOfMeasurePrice>
      <AllowDiscount>1</AllowDiscount>
      <itemStatus>1</itemStatus>
      <LastUpdateDate />
      <LastUpdateTime />
    </Product>
    <Product>
      <PriceUpdateDate>2019/12/31 14:35</PriceUpdateDate>
      <ItemCode>7290000048437</ItemCode>
      <ItemType>1</ItemType>
      <ItemName>גבינה צפתית צ פיראוס 200  ג%`5</ItemName>
      <ManufactureName>תנובה בעמ ***</ManufactureName>
      <ManufactureCountry />
      <ManufactureItemDescription />
      <UnitQty>י"ח</UnitQty>
      <Quantity>200</Quantity>
      <UnitMeasure>ל  גרם</UnitMeasure>
      <BisWeighted>0</BisWeighted>
      <QtyInPackage>1</QtyInPackage>
      <ItemPrice>14.90</ItemPrice>
      <UnitOfMeasurePrice>7.45</UnitOfMeasurePrice>
      <AllowDiscount>1</AllowDiscount>
      <itemStatus>1</itemStatus>
      <LastUpdateDate />
      <LastUpdateTime />
    </Product>
    <Product>
      <PriceUpdateDate>2019/05/20 08:11</PriceUpdateDate>
      <ItemCode>7290000048444</ItemCode>
      <ItemType>1</ItemType>
      <ItemName>פיראוס חמד 1 ק"ג 16%</ItemName>
      <ManufactureName>תנובה בעמ ***</ManufactureName>
      <ManufactureCountry />
      <ManufactureItemDescription />
      <UnitQty>י"ח</UnitQty>
      <Quantity>1</Quantity>
      <UnitMeasure>ק"ג</UnitMeasure>
      <BisWeighted>0</BisWeighted>
      <QtyInPackage>1</QtyInPackage>
      <ItemPrice>52.90</ItemPrice>
      <UnitOfMeasurePrice>52.90</UnitOfMeasurePrice>
      <AllowDiscount>1</AllowDiscount>
      <itemStatus>1</itemStatus>
      <LastUpdateDate />
      <LastUpdateTime />
    </Product>
    <Product>
      <PriceUpdateDate>2018/09/14 11:28</PriceUpdateDate>
      <ItemCode>7290000048451</ItemCode>
      <ItemType>1</ItemType>
      <ItemName>חרמון 250</ItemName>
      <ManufactureName>תנובה בעמ ***</ManufactureName>
      <ManufactureCountry />
      <ManufactureItemDescription />
      <UnitQty>י"ח</UnitQty>
      <Quantity>250</Quantity>
      <UnitMeasure>ל  גרם</UnitMeasure>
      <BisWeighted>0</BisWeighted>
      <QtyInPackage>1</QtyInPackage>
      <ItemPrice>17.50</ItemPrice>
      <UnitOfMeasurePrice>7</UnitOfMeasurePrice>
      <AllowDiscount>1</AllowDiscount>
      <itemStatus>1</itemStatus>
      <LastUpdateDate />
      <LastUpdateTime />
    </Product>
    <Product>
      <PriceUpdateDate>2019/12/31 14:35</PriceUpdateDate>
      <ItemCode>7290000049458</ItemCode>
      <ItemType>1</ItemType>
      <ItemName>פיראוס בולגרית עזים 250גר`</ItemName>
      <ManufactureName>תנובה בעמ ***</ManufactureName>
      <ManufactureCountry />
      <ManufactureItemDescription />
      <UnitQty>י"ח</UnitQty>
      <Quantity>250</Quantity>
      <UnitMeasure>ל  גרם</UnitMeasure>
      <BisWeighted>0</BisWeighted>
      <QtyInPackage>1</QtyInPackage>
      <ItemPrice>28.40</ItemPrice>
      <UnitOfMeasurePrice>11.36</UnitOfMeasurePrice>
      <AllowDiscount>1</AllowDiscount>
      <itemStatus>1</itemStatus>
      <LastUpdateDate />
      <LastUpdateTime />
    </Product>
    <Product>
      <PriceUpdateDate>2019/12/31 14:35</PriceUpdateDate>
      <ItemCode>50270</ItemCode>
      <ItemType>0</ItemType>
      <ItemName>פיראוס צפתית עיזים 5% 200גר`</ItemName>
      <ManufactureName>תנובה בעמ ***</ManufactureName>
      <ManufactureCountry />
      <ManufactureItemDescription />
      <UnitQty>י"ח</UnitQty>
      <Quantity>200</Quantity>
      <UnitMeasure>ל  גרם</UnitMeasure>
      <BisWeighted>0</BisWeighted>
      <QtyInPackage>1</QtyInPackage>
      <ItemPrice>17.90</ItemPrice>
      <UnitOfMeasurePrice>8.95</UnitOfMeasurePrice>
      <AllowDiscount>1</AllowDiscount>
      <itemStatus>1</itemStatus>
      <LastUpdateDate />
      <LastUpdateTime />
    </Product>
    <Product>
      <PriceUpdateDate>2019/12/31 14:35</PriceUpdateDate>
      <ItemCode>51710</ItemCode>
      <ItemType>0</ItemType>
      <ItemName>פיראוס לאבנה עם שמן זית וזעתר 263גר`</ItemName>
      <ManufactureName>תנובה בעמ ***</ManufactureName>
      <ManufactureCountry />
      <ManufactureItemDescription />
      <UnitQty>י"ח</UnitQty>
      <Quantity>263</Quantity>
      <UnitMeasure>ל  גרם</UnitMeasure>
      <BisWeighted>0</BisWeighted>
      <QtyInPackage>1</QtyInPackage>
      <ItemPrice>13.80</ItemPrice>
      <UnitOfMeasurePrice>5.25</UnitOfMeasurePrice>
      <AllowDiscount>1</AllowDiscount>
      <itemStatus>1</itemStatus>
      <LastUpdateDate />
      <LastUpdateTime />
    </Product>
    <Product>
      <PriceUpdateDate>2019/05/14 09:26</PriceUpdateDate>
      <ItemCode>52649</ItemCode>
      <ItemType>0</ItemType>
      <ItemName>פיראוס לאבנה 5% 500גר`</ItemName>
      <ManufactureName>תנובה בעמ ***</ManufactureName>
      <ManufactureCountry />
      <ManufactureItemDescription />
      <UnitQty>י"ח</UnitQty>
      <Quantity>500</Quantity>
      <UnitMeasure>ל  גרם</UnitMeasure>
      <BisWeighted>0</BisWeighted>
      <QtyInPackage>1</QtyInPackage>
      <ItemPrice>19.90</ItemPrice>
      <UnitOfMeasurePrice>3.98</UnitOfMeasurePrice>
      <AllowDiscount>1</AllowDiscount>
      <itemStatus>1</itemStatus>
      <LastUpdateDate />
      <LastUpdateTime />
    </Product>
    <Product>
      <PriceUpdateDate>2014/01/02 13:41</PriceUpdateDate>
      <ItemCode>54957</ItemCode>
      <ItemType>0</ItemType>
      <ItemName>פיראוס לאבנה עם שמן זית 250גרם</ItemName>
      <ManufactureName>תנובה בעמ ***</ManufactureName>
      <ManufactureCountry />
      <ManufactureItemDescription />
      <UnitQty>י"ח</UnitQty>
      <Quantity>2.50</Quantity>
      <UnitMeasure>ליטר</UnitMeasure>
      <BisWeighted>0</BisWeighted>
      <QtyInPackage>1</QtyInPackage>
      <ItemPrice>13.30</ItemPrice>
      <UnitOfMeasurePrice>5.32</UnitOfMeasurePrice>
      <AllowDiscount>1</AllowDiscount>
      <itemStatus>1</itemStatus>
      <LastUpdateDate />
      <LastUpdateTime />
    </Product>
    <Product>
      <PriceUpdateDate>2014/01/02 13:41</PriceUpdateDate>
      <ItemCode>54988</ItemCode>
      <ItemType>0</ItemType>
      <ItemName>פיראוס יוגורט עזים  500מ"ל</ItemName>
      <ManufactureName>תנובה בעמ ***</ManufactureName>
      <ManufactureCountry />
      <ManufactureItemDescription />
      <UnitQty>י"ח</UnitQty>
      <Quantity>500</Quantity>
      <UnitMeasure>ל  גרם</UnitMeasure>
      <BisWeighted>0</BisWeighted>
      <QtyInPackage>1</QtyInPackage>
      <ItemPrice>12.40</ItemPrice>
      <UnitOfMeasurePrice>2.48</UnitOfMeasurePrice>
      <AllowDiscount>1</AllowDiscount>
      <itemStatus>1</itemStatus>
      <LastUpdateDate />
      <LastUpdateTime />
    </Product>
    <Product>
      <PriceUpdateDate>2019/12/31 14:35</PriceUpdateDate>
      <ItemCode>54995</ItemCode>
      <ItemType>0</ItemType>
      <ItemName>פיראוס יוגורט עזים טבעי 500מ"ל</ItemName>
      <ManufactureName>תנובה בעמ ***</ManufactureName>
      <ManufactureCountry />
      <ManufactureItemDescription />
      <UnitQty>י"ח</UnitQty>
      <Quantity>500</Quantity>
      <UnitMeasure>ל  גרם</UnitMeasure>
      <BisWeighted>0</BisWeighted>
      <QtyInPackage>1</QtyInPackage>
      <ItemPrice>11.90</ItemPrice>
      <UnitOfMeasurePrice>2.38</UnitOfMeasurePrice>
      <AllowDiscount>1</AllowDiscount>
      <itemStatus>1</itemStatus>
      <LastUpdateDate />
      <LastUpdateTime />
    </Product>
    <Product>
      <PriceUpdateDate>2019/12/31 14:35</PriceUpdateDate>
      <ItemCode>55015</ItemCode>
      <ItemType>0</ItemType>
      <ItemName>פיראוס פטה כבשים 5% 250גרם</ItemName>
      <ManufactureName>תנובה בעמ ***</ManufactureName>
      <ManufactureCountry />
      <ManufactureItemDescription />
      <UnitQty>י"ח</UnitQty>
      <Quantity>250</Quantity>
      <UnitMeasure>ל  גרם</UnitMeasure>
      <BisWeighted>0</BisWeighted>
      <QtyInPackage>1</QtyInPackage>
      <ItemPrice>26.80</ItemPrice>
      <UnitOfMeasurePrice>10.72</UnitOfMeasurePrice>
      <AllowDiscount>1</AllowDiscount>
      <itemStatus>1</itemStatus>
      <LastUpdateDate />
      <LastUpdateTime />
    </Product>
    <Product>
      <PriceUpdateDate>2019/12/31 14:35</PriceUpdateDate>
      <ItemCode>57064</ItemCode>
      <ItemType>0</ItemType>
      <ItemName>מארז 2 פיראוס חרמון 16%  250*2</ItemName>
      <ManufactureName>תנובה בעמ ***</ManufactureName>
      <ManufactureCountry />
      <ManufactureItemDescription />
      <UnitQty>י"ח</UnitQty>
      <Quantity>500</Quantity>
      <UnitMeasure>ל  גרם</UnitMeasure>
      <BisWeighted>0</BisWeighted>
      <QtyInPackage>1</QtyInPackage>
      <ItemPrice>34.20</ItemPrice>
      <UnitOfMeasurePrice>6.84</UnitOfMeasurePrice>
      <AllowDiscount>1</AllowDiscount>
      <itemStatus>1</itemStatus>
      <LastUpdateDate />
      <LastUpdateTime />
    </Product>
    <Product>
      <PriceUpdateDate>2012/07/01 23:44</PriceUpdateDate>
      <ItemCode>57248</ItemCode>
      <ItemType>0</ItemType>
      <ItemName>גבינה ערבית מסורתית  16% שומן</ItemName>
      <ManufactureName>תנובה בעמ ***</ManufactureName>
      <ManufactureCountry />
      <ManufactureItemDescription />
      <UnitQty>י"ח</UnitQty>
      <Quantity>400</Quantity>
      <UnitMeasure>ל  גרם</UnitMeasure>
      <BisWeighted>0</BisWeighted>
      <QtyInPackage>1</QtyInPackage>
      <ItemPrice>19.90</ItemPrice>
      <UnitOfMeasurePrice>4.98</UnitOfMeasurePrice>
      <AllowDiscount>1</AllowDiscount>
      <itemStatus>1</itemStatus>
      <LastUpdateDate />
      <LastUpdateTime />
    </Product>
    <Product>
      <PriceUpdateDate>2019/12/31 14:35</PriceUpdateDate>
      <ItemCode>58283</ItemCode>
      <ItemType>0</ItemType>
      <ItemName>פיראוס גבינת עזים למריחה 5% 240גרם</ItemName>
      <ManufactureName>תנובה בעמ ***</ManufactureName>
      <ManufactureCountry />
      <ManufactureItemDescription />
      <UnitQty>י"ח</UnitQty>
      <Quantity>240</Quantity>
      <UnitMeasure>ל  גרם</UnitMeasure>
      <BisWeighted>0</BisWeighted>
      <QtyInPackage>1</QtyInPackage>
      <ItemPrice>15.50</ItemPrice>
      <UnitOfMeasurePrice>6.46</UnitOfMeasurePrice>
      <AllowDiscount>1</AllowDiscount>
      <itemStatus>1</itemStatus>
      <LastUpdateDate />
      <LastUpdateTime />
    </Product>
    <Product>
      <PriceUpdateDate>2013/12/25 11:42</PriceUpdateDate>
      <ItemCode>7290000058580</ItemCode>
      <ItemType>1</ItemType>
      <ItemName>קוקילידה וניל</ItemName>
      <ManufactureName>נגה גלידות</ManufactureName>
      <ManufactureCountry />
      <ManufactureItemDescription />
      <UnitQty>י"ח</UnitQty>
      <Quantity>1</Quantity>
      <UnitMeasure />
      <BisWeighted>0</BisWeighted>
      <QtyInPackage>1</QtyInPackage>
      <ItemPrice>9</ItemPrice>
      <UnitOfMeasurePrice>9</UnitOfMeasurePrice>
      <AllowDiscount>1</AllowDiscount>
      <itemStatus>1</itemStatus>
      <LastUpdateDate />
      <LastUpdateTime />
    </Product>
    <Product>
      <PriceUpdateDate>2015/06/09 09:24</PriceUpdateDate>
      <ItemCode>58863</ItemCode>
      <ItemType>0</ItemType>
      <ItemName>גבינה צפתית דליקטס פיראוס 9% 200גר</ItemName>
      <ManufactureName>תנובה בעמ ***</ManufactureName>
      <ManufactureCountry />
      <ManufactureItemDescription />
      <UnitQty>י"ח</UnitQty>
      <Quantity>200</Quantity>
      <UnitMeasure>ל  גרם</UnitMeasure>
      <BisWeighted>0</BisWeighted>
      <QtyInPackage>1</QtyInPackage>
      <ItemPrice>14.30</ItemPrice>
      <UnitOfMeasurePrice>7.15</UnitOfMeasurePrice>
      <AllowDiscount>1</AllowDiscount>
      <itemStatus>1</itemStatus>
      <LastUpdateDate />
      <LastUpdateTime />
    </Product>
    <Product>
      <PriceUpdateDate>2014/12/08 15:26</PriceUpdateDate>
      <ItemCode>7290000060071</ItemCode>
      <ItemType>1</ItemType>
      <ItemName>חטיפי פריכונים מאורז מלא</ItemName>
      <ManufactureName>קבוצת אוסם סחר-שות.מוגבלת</ManufactureName>
      <ManufactureCountry />
      <ManufactureItemDescription />
      <UnitQty>י"ח</UnitQty>
      <Quantity>1</Quantity>
      <UnitMeasure />
      <BisWeighted>0</BisWeighted>
      <QtyInPackage>1</QtyInPackage>
      <ItemPrice>7.60</ItemPrice>
      <UnitOfMeasurePrice>7.60</UnitOfMeasurePrice>
      <AllowDiscount>1</AllowDiscount>
      <itemStatus>1</itemStatus>
      <LastUpdateDate />
      <LastUpdateTime />
    </Product>
    <Product>
      <PriceUpdateDate>2016/05/31 12:41</PriceUpdateDate>
      <ItemCode>7290000060156</ItemCode>
      <ItemType>1</ItemType>
      <ItemName>אטריות ביצים דקות 200 גרם</ItemName>
      <ManufactureName>קבוצת אוסם סחר-שות.מוגבלת</ManufactureName>
      <ManufactureCountry />
      <ManufactureItemDescription />
      <UnitQty>י"ח</UnitQty>
      <Quantity>200</Quantity>
      <UnitMeasure>ל  גרם</UnitMeasure>
      <BisWeighted>0</BisWeighted>
      <QtyInPackage>1</QtyInPackage>
      <ItemPrice>6.90</ItemPrice>
      <UnitOfMeasurePrice>3.45</UnitOfMeasurePrice>
      <AllowDiscount>1</AllowDiscount>
      <itemStatus>1</itemStatus>
      <LastUpdateDate />
      <LastUpdateTime />
    </Product>
    <Product>
      <PriceUpdateDate>2014/11/03 16:52</PriceUpdateDate>
      <ItemCode>7290000060163</ItemCode>
      <ItemType>1</ItemType>
      <ItemName>אטריות דקות 400 גרם</ItemName>
      <ManufactureName>קבוצת אוסם סחר-שות.מוגבלת</ManufactureName>
      <ManufactureCountry />
      <ManufactureItemDescription />
      <UnitQty>י"ח</UnitQty>
      <Quantity>400</Quantity>
      <UnitMeasure>ל  גרם</UnitMeasure>
      <BisWeighted>0</BisWeighted>
      <QtyInPackage>1</QtyInPackage>
      <ItemPrice>6.90</ItemPrice>
      <UnitOfMeasurePrice>1.73</UnitOfMeasurePrice>
      <AllowDiscount>1</AllowDiscount>
      <itemStatus>1</itemStatus>
      <LastUpdateDate />
      <LastUpdateTime />
    </Product>
    <Product>
      <PriceUpdateDate>2016/09/28 18:02</PriceUpdateDate>
      <ItemCode>7290000060316</ItemCode>
      <ItemType>1</ItemType>
      <ItemName>פרפקטו ספגטי</ItemName>
      <ManufactureName>קבוצת אוסם סחר-שות.מוגבלת</ManufactureName>
      <ManufactureCountry />
      <ManufactureItemDescription />
      <UnitQty>י"ח</UnitQty>
      <Quantity>500</Quantity>
      <UnitMeasure>ל  גרם</UnitMeasure>
      <BisWeighted>0</BisWeighted>
      <QtyInPackage>1</QtyInPackage>
      <ItemPrice>6.90</ItemPrice>
      <UnitOfMeasurePrice>1.38</UnitOfMeasurePrice>
      <AllowDiscount>1</AllowDiscount>
      <itemStatus>1</itemStatus>
      <LastUpdateDate />
      <LastUpdateTime />
    </Product>
    <Product>
      <PriceUpdateDate>2016/09/28 18:02</PriceUpdateDate>
      <ItemCode>7290000060323</ItemCode>
      <ItemType>1</ItemType>
      <ItemName>פרפקטו ספגטיני</ItemName>
      <ManufactureName>קבוצת אוסם סחר-שות.מוגבלת</ManufactureName>
      <ManufactureCountry />
      <ManufactureItemDescription />
      <UnitQty>י"ח</UnitQty>
      <Quantity>500</Quantity>
      <UnitMeasure>ל  גרם</UnitMeasure>
      <BisWeighted>0</BisWeighted>
      <QtyInPackage>1</QtyInPackage>
      <ItemPrice>6.90</ItemPrice>
      <UnitOfMeasurePrice>1.38</UnitOfMeasurePrice>
      <AllowDiscount>1</AllowDiscount>
      <itemStatus>1</itemStatus>
      <LastUpdateDate />
      <LastUpdateTime />
    </Product>
    <Product>
      <PriceUpdateDate>2016/09/28 18:02</PriceUpdateDate>
      <ItemCode>7290000060330</ItemCode>
      <ItemType>1</ItemType>
      <ItemName>לה פסטה פתיתים</ItemName>
      <ManufactureName>קבוצת אוסם סחר-שות.מוגבלת</ManufactureName>
      <ManufactureCountry />
      <ManufactureItemDescription />
      <UnitQty>י"ח</UnitQty>
      <Quantity>500</Quantity>
      <UnitMeasure>ל  גרם</UnitMeasure>
      <BisWeighted>0</BisWeighted>
      <QtyInPackage>1</QtyInPackage>
      <ItemPrice>6.90</ItemPrice>
      <UnitOfMeasurePrice>1.38</UnitOfMeasurePrice>
      <AllowDiscount>1</AllowDiscount>
      <itemStatus>1</itemStatus>
      <LastUpdateDate />
      <LastUpdateTime />
    </Product>
    <Product>
      <PriceUpdateDate>2016/09/07 15:32</PriceUpdateDate>
      <ItemCode>7290000060408</ItemCode>
      <ItemType>1</ItemType>
      <ItemName>טבעות פתיתים 500 גרם</ItemName>
      <ManufactureName>קבוצת אוסם סחר-שות.מוגבלת</ManufactureName>
      <ManufactureCountry />
      <ManufactureItemDescription />
      <UnitQty>י"ח</UnitQty>
      <Quantity>500</Quantity>
      <UnitMeasure>ל  גרם</UnitMeasure>
      <BisWeighted>0</BisWeighted>
      <QtyInPackage>1</QtyInPackage>
      <ItemPrice>6.90</ItemPrice>
      <UnitOfMeasurePrice>1.38</UnitOfMeasurePrice>
      <AllowDiscount>1</AllowDiscount>
      <itemStatus>1</itemStatus>
      <LastUpdateDate />
      <LastUpdateTime />
    </Product>
    <Product>
      <PriceUpdateDate>2016/04/28 08:44</PriceUpdateDate>
      <ItemCode>7290000060415</ItemCode>
      <ItemType>1</ItemType>
      <ItemName>לזניה לה 500 ג`  פרפקטו אוסם</ItemName>
      <ManufactureName>קבוצת אוסם סחר-שות.מוגבלת</ManufactureName>
      <ManufactureCountry />
      <ManufactureItemDescription />
      <UnitQty>י"ח</UnitQty>
      <Quantity>500</Quantity>
      <UnitMeasure>ל  גרם</UnitMeasure>
      <BisWeighted>0</BisWeighted>
      <QtyInPackage>1</QtyInPackage>
      <ItemPrice>15.90</ItemPrice>
      <UnitOfMeasurePrice>3.18</UnitOfMeasurePrice>
      <AllowDiscount>1</AllowDiscount>
      <itemStatus>1</itemStatus>
      <LastUpdateDate />
      <LastUpdateTime />
    </Product>
    <Product>
      <PriceUpdateDate>2016/09/28 18:02</PriceUpdateDate>
      <ItemCode>7290000060491</ItemCode>
      <ItemType>1</ItemType>
      <ItemName>פרפקטו קורנטי</ItemName>
      <ManufactureName>קבוצת אוסם סחר-שות.מוגבלת</ManufactureName>
      <ManufactureCountry />
      <ManufactureItemDescription />
      <UnitQty>י"ח</UnitQty>
      <Quantity>500</Quantity>
      <UnitMeasure>ל  גרם</UnitMeasure>
      <BisWeighted>0</BisWeighted>
      <QtyInPackage>1</QtyInPackage>
      <ItemPrice>6.90</ItemPrice>
      <UnitOfMeasurePrice>1.38</UnitOfMeasurePrice>
      <AllowDiscount>1</AllowDiscount>
      <itemStatus>1</itemStatus>
      <LastUpdateDate />
      <LastUpdateTime />
    </Product>
    <Product>
      <PriceUpdateDate>2016/09/07 15:32</PriceUpdateDate>
      <ItemCode>7290000060576</ItemCode>
      <ItemType>1</ItemType>
      <ItemName>פתיתים אפויים כוכבים 500</ItemName>
      <ManufactureName>קבוצת אוסם סחר-שות.מוגבלת</ManufactureName>
      <ManufactureCountry />
      <ManufactureItemDescription />
      <UnitQty>י"ח</UnitQty>
      <Quantity>500</Quantity>
      <UnitMeasure>ל  גרם</UnitMeasure>
      <BisWeighted>0</BisWeighted>
      <QtyInPackage>1</QtyInPackage>
      <ItemPrice>6.90</ItemPrice>
      <UnitOfMeasurePrice>1.38</UnitOfMeasurePrice>
      <AllowDiscount>1</AllowDiscount>
      <itemStatus>1</itemStatus>
      <LastUpdateDate />
      <LastUpdateTime />
    </Product>
    <Product>
      <PriceUpdateDate>2013/12/25 11:42</PriceUpdateDate>
      <ItemCode>7290000060811</ItemCode>
      <ItemType>1</ItemType>
      <ItemName>אקסטרים מטבע ענק 120גר</ItemName>
      <ManufactureName>נגה גלידות</ManufactureName>
      <ManufactureCountry />
      <ManufactureItemDescription />
      <UnitQty>י"ח</UnitQty>
      <Quantity>120</Quantity>
      <UnitMeasure>ל  גרם</UnitMeasure>
      <BisWeighted>0</BisWeighted>
      <QtyInPackage>1</QtyInPackage>
      <ItemPrice>10</ItemPrice>
      <UnitOfMeasurePrice>8.33</UnitOfMeasurePrice>
      <AllowDiscount>1</AllowDiscount>
      <itemStatus>1</itemStatus>
      <LastUpdateDate />
      <LastUpdateTime />
    </Product>
    <Product>
      <PriceUpdateDate>2016/09/07 15:32</PriceUpdateDate>
      <ItemCode>7290000060903</ItemCode>
      <ItemType>1</ItemType>
      <ItemName>פתיתים אפויים אורז</ItemName>
      <ManufactureName>קבוצת אוסם סחר-שות.מוגבלת</ManufactureName>
      <ManufactureCountry />
      <ManufactureItemDescription />
      <UnitQty>י"ח</UnitQty>
      <Quantity>500</Quantity>
      <UnitMeasure>ל  גרם</UnitMeasure>
      <BisWeighted>0</BisWeighted>
      <QtyInPackage>1</QtyInPackage>
      <ItemPrice>6.90</ItemPrice>
      <UnitOfMeasurePrice>1.38</UnitOfMeasurePrice>
      <AllowDiscount>1</AllowDiscount>
      <itemStatus>1</itemStatus>
      <LastUpdateDate />
      <LastUpdateTime />
    </Product>
    <Product>
      <PriceUpdateDate>2014/11/03 16:52</PriceUpdateDate>
      <ItemCode>7290000060958</ItemCode>
      <ItemType>1</ItemType>
      <ItemName>איטריות מובחרות</ItemName>
      <ManufactureName>קבוצת אוסם סחר-שות.מוגבלת</ManufactureName>
      <ManufactureCountry />
      <ManufactureItemDescription />
      <UnitQty>י"ח</UnitQty>
      <Quantity>400</Quantity>
      <UnitMeasure>ל  גרם</UnitMeasure>
      <BisWeighted>0</BisWeighted>
      <QtyInPackage>1</QtyInPackage>
      <ItemPrice>6.90</ItemPrice>
      <UnitOfMeasurePrice>1.73</UnitOfMeasurePrice>
      <AllowDiscount>1</AllowDiscount>
      <itemStatus>1</itemStatus>
      <LastUpdateDate />
      <LastUpdateTime />
    </Product>
    <Product>
      <PriceUpdateDate>2014/11/03 16:52</PriceUpdateDate>
      <ItemCode>7290000060965</ItemCode>
      <ItemType>1</ItemType>
      <ItemName>איטריות מובחרות</ItemName>
      <ManufactureName>קבוצת אוסם סחר-שות.מוגבלת</ManufactureName>
      <ManufactureCountry />
      <ManufactureItemDescription />
      <UnitQty>י"ח</UnitQty>
      <Quantity>400</Quantity>
      <UnitMeasure>ל  גרם</UnitMeasure>
      <BisWeighted>0</BisWeighted>
      <QtyInPackage>1</QtyInPackage>
      <ItemPrice>6.90</ItemPrice>
      <UnitOfMeasurePrice>1.73</UnitOfMeasurePrice>
      <AllowDiscount>1</AllowDiscount>
      <itemStatus>1</itemStatus>
      <LastUpdateDate />
      <LastUpdateTime />
    </Product>
    <Product>
      <PriceUpdateDate>2014/11/03 16:52</PriceUpdateDate>
      <ItemCode>7290000060972</ItemCode>
      <ItemType>1</ItemType>
      <ItemName>איטריות דקיקות אסם 400 גרם</ItemName>
      <ManufactureName>קבוצת אוסם סחר-שות.מוגבלת</ManufactureName>
      <ManufactureCountry />
      <ManufactureItemDescription />
      <UnitQty>י"ח</UnitQty>
      <Quantity>400</Quantity>
      <UnitMeasure>ל  גרם</UnitMeasure>
      <BisWeighted>0</BisWeighted>
      <QtyInPackage>1</QtyInPackage>
      <ItemPrice>6.90</ItemPrice>
      <UnitOfMeasurePrice>1.73</UnitOfMeasurePrice>
      <AllowDiscount>1</AllowDiscount>
      <itemStatus>1</itemStatus>
      <LastUpdateDate />
      <LastUpdateTime />
    </Product>
    <Product>
      <PriceUpdateDate>2014/12/08 15:26</PriceUpdateDate>
      <ItemCode>7290000061085</ItemCode>
      <ItemType>1</ItemType>
      <ItemName>רוטב צ ילי מתוק אוסם</ItemName>
      <ManufactureName>קבוצת אוסם סחר-שות.מוגבלת</ManufactureName>
      <ManufactureCountry />
      <ManufactureItemDescription />
      <UnitQty>י"ח</UnitQty>
      <Quantity>290</Quantity>
      <UnitMeasure>ל  מ"ל</UnitMeasure>
      <BisWeighted>0</BisWeighted>
      <QtyInPackage>1</QtyInPackage>
      <ItemPrice>10.90</ItemPrice>
      <UnitOfMeasurePrice>3.76</UnitOfMeasurePrice>
      <AllowDiscount>1</AllowDiscount>
      <itemStatus>1</itemStatus>
      <LastUpdateDate />
      <LastUpdateTime />
    </Product>
    <Product>
      <PriceUpdateDate>2014/12/08 15:26</PriceUpdateDate>
      <ItemCode>7290000061108</ItemCode>
      <ItemType>1</ItemType>
      <ItemName>רוטב טריאקי</ItemName>
      <ManufactureName>קבוצת אוסם סחר-שות.מוגבלת</ManufactureName>
      <ManufactureCountry />
      <ManufactureItemDescription />
      <UnitQty>י"ח</UnitQty>
      <Quantity>290</Quantity>
      <UnitMeasure>ל  מ"ל</UnitMeasure>
      <BisWeighted>0</BisWeighted>
      <QtyInPackage>1</QtyInPackage>
      <ItemPrice>10.90</ItemPrice>
      <UnitOfMeasurePrice>3.76</UnitOfMeasurePrice>
      <AllowDiscount>1</AllowDiscount>
      <itemStatus>1</itemStatus>
      <LastUpdateDate />
      <LastUpdateTime />
    </Product>
    <Product>
      <PriceUpdateDate>2016/09/07 15:32</PriceUpdateDate>
      <ItemCode>61214</ItemCode>
      <ItemType>0</ItemType>
      <ItemName>פתיתים קוסקום עם בצל 500גר`</ItemName>
      <ManufactureName>קבוצת אוסם סחר-שות.מוגבלת</ManufactureName>
      <ManufactureCountry />
      <ManufactureItemDescription />
      <UnitQty>י"ח</UnitQty>
      <Quantity>500</Quantity>
      <UnitMeasure>ל  גרם</UnitMeasure>
      <BisWeighted>0</BisWeighted>
      <QtyInPackage>1</QtyInPackage>
      <ItemPrice>6.90</ItemPrice>
      <UnitOfMeasurePrice>1.38</UnitOfMeasurePrice>
      <AllowDiscount>1</AllowDiscount>
      <itemStatus>1</itemStatus>
      <LastUpdateDate />
      <LastUpdateTime />
    </Product>
    <Product>
      <PriceUpdateDate>2016/09/07 15:32</PriceUpdateDate>
      <ItemCode>61450</ItemCode>
      <ItemType>0</ItemType>
      <ItemName>פתיתים קוסקוס 3 צבעים 500גר`</ItemName>
      <ManufactureName>קבוצת אוסם סחר-שות.מוגבלת</ManufactureName>
      <ManufactureCountry />
      <ManufactureItemDescription />
      <UnitQty>י"ח</UnitQty>
      <Quantity>500</Quantity>
      <UnitMeasure>ל  גרם</UnitMeasure>
      <BisWeighted>0</BisWeighted>
      <QtyInPackage>1</QtyInPackage>
      <ItemPrice>6.90</ItemPrice>
      <UnitOfMeasurePrice>1.38</UnitOfMeasurePrice>
      <AllowDiscount>1</AllowDiscount>
      <itemStatus>1</itemStatus>
      <LastUpdateDate />
      <LastUpdateTime />
    </Product>
    <Product>
      <PriceUpdateDate>2020/01/23 08:27</PriceUpdateDate>
      <ItemCode>7290000061771</ItemCode>
      <ItemType>1</ItemType>
      <ItemName>קפה רד מאג 50 גרם</ItemName>
      <ManufactureName>קבוצת אוסם סחר-שות.מוגבלת</ManufactureName>
      <ManufactureCountry />
      <ManufactureItemDescription />
      <UnitQty>י"ח</UnitQty>
      <Quantity>50</Quantity>
      <UnitMeasure>ל  גרם</UnitMeasure>
      <BisWeighted>0</BisWeighted>
      <QtyInPackage>1</QtyInPackage>
      <ItemPrice>6.90</ItemPrice>
      <UnitOfMeasurePrice>13.80</UnitOfMeasurePrice>
      <AllowDiscount>1</AllowDiscount>
      <itemStatus>1</itemStatus>
      <LastUpdateDate />
      <LastUpdateTime />
    </Product>
    <Product>
      <PriceUpdateDate>2014/12/08 15:26</PriceUpdateDate>
      <ItemCode>7290000062242</ItemCode>
      <ItemType>1</ItemType>
      <ItemName>דובונים שמנת בצל 40גר</ItemName>
      <ManufactureName>קבוצת אוסם סחר-שות.מוגבלת</ManufactureName>
      <ManufactureCountry />
      <ManufactureItemDescription />
      <UnitQty>י"ח</UnitQty>
      <Quantity>40</Quantity>
      <UnitMeasure>ל  גרם</UnitMeasure>
      <BisWeighted>0</BisWeighted>
      <QtyInPackage>1</QtyInPackage>
      <ItemPrice>5</ItemPrice>
      <UnitOfMeasurePrice>12.50</UnitOfMeasurePrice>
      <AllowDiscount>1</AllowDiscount>
      <itemStatus>1</itemStatus>
      <LastUpdateDate />
      <LastUpdateTime />
    </Product>
    <Product>
      <PriceUpdateDate>2014/12/08 15:26</PriceUpdateDate>
      <ItemCode>65656</ItemCode>
      <ItemType>0</ItemType>
      <ItemName>רוטב אלף האיים צ`ילי 290מ"ל</ItemName>
      <ManufactureName>קבוצת אוסם סחר-שות.מוגבלת</ManufactureName>
      <ManufactureCountry />
      <ManufactureItemDescription />
      <UnitQty>י"ח</UnitQty>
      <Quantity>290</Quantity>
      <UnitMeasure>ל  מ"ל</UnitMeasure>
      <BisWeighted>0</BisWeighted>
      <QtyInPackage>1</QtyInPackage>
      <ItemPrice>10.90</ItemPrice>
      <UnitOfMeasurePrice>3.76</UnitOfMeasurePrice>
      <AllowDiscount>1</AllowDiscount>
      <itemStatus>1</itemStatus>
      <LastUpdateDate />
      <LastUpdateTime />
    </Product>
    <Product>
      <PriceUpdateDate>2014/12/08 15:26</PriceUpdateDate>
      <ItemCode>65663</ItemCode>
      <ItemType>0</ItemType>
      <ItemName>רוטב לסלט קיסר 290מ"ל</ItemName>
      <ManufactureName>קבוצת אוסם סחר-שות.מוגבלת</ManufactureName>
      <ManufactureCountry />
      <ManufactureItemDescription />
      <UnitQty>י"ח</UnitQty>
      <Quantity>290</Quantity>
      <UnitMeasure>ל  מ"ל</UnitMeasure>
      <BisWeighted>0</BisWeighted>
      <QtyInPackage>1</QtyInPackage>
      <ItemPrice>10.90</ItemPrice>
      <UnitOfMeasurePrice>3.76</UnitOfMeasurePrice>
      <AllowDiscount>1</AllowDiscount>
      <itemStatus>1</itemStatus>
      <LastUpdateDate />
      <LastUpdateTime />
    </Product>
    <Product>
      <PriceUpdateDate>2014/12/08 15:26</PriceUpdateDate>
      <ItemCode>65768</ItemCode>
      <ItemType>0</ItemType>
      <ItemName>ביסלי 70 גר`כל"פ.</ItemName>
      <ManufactureName>קבוצת אוסם סחר-שות.מוגבלת</ManufactureName>
      <ManufactureCountry />
      <ManufactureItemDescription />
      <UnitQty>י"ח</UnitQty>
      <Quantity>70</Quantity>
      <UnitMeasure>ל  גרם</UnitMeasure>
      <BisWeighted>0</BisWeighted>
      <QtyInPackage>1</QtyInPackage>
      <ItemPrice>4.30</ItemPrice>
      <UnitOfMeasurePrice>6.14</UnitOfMeasurePrice>
      <AllowDiscount>1</AllowDiscount>
      <itemStatus>1</itemStatus>
      <LastUpdateDate />
      <LastUpdateTime />
    </Product>
    <Product>
      <PriceUpdateDate>2014/12/08 15:26</PriceUpdateDate>
      <ItemCode>65977</ItemCode>
      <ItemType>0</ItemType>
      <ItemName>חטיפי פריכונים תירס שומשום 80 ג`</ItemName>
      <ManufactureName>קבוצת אוסם סחר-שות.מוגבלת</ManufactureName>
      <ManufactureCountry />
      <ManufactureItemDescription />
      <UnitQty>י"ח</UnitQty>
      <Quantity>800</Quantity>
      <UnitMeasure>ל  גרם</UnitMeasure>
      <BisWeighted>0</BisWeighted>
      <QtyInPackage>1</QtyInPackage>
      <ItemPrice>7.60</ItemPrice>
      <UnitOfMeasurePrice>0.95</UnitOfMeasurePrice>
      <AllowDiscount>1</AllowDiscount>
      <itemStatus>1</itemStatus>
      <LastUpdateDate />
      <LastUpdateTime />
    </Product>
    <Product>
      <PriceUpdateDate>2018/12/31 14:23</PriceUpdateDate>
      <ItemCode>7290000066134</ItemCode>
      <ItemType>1</ItemType>
      <ItemName>ביסלי  פלאפל}קטן{</ItemName>
      <ManufactureName>קבוצת אוסם סחר-שות.מוגבלת</ManufactureName>
      <ManufactureCountry />
      <ManufactureItemDescription />
      <UnitQty>י"ח</UnitQty>
      <Quantity>70</Quantity>
      <UnitMeasure>ל  גרם</UnitMeasure>
      <BisWeighted>0</BisWeighted>
      <QtyInPackage>1</QtyInPackage>
      <ItemPrice>4.50</ItemPrice>
      <UnitOfMeasurePrice>6.43</UnitOfMeasurePrice>
      <AllowDiscount>1</AllowDiscount>
      <itemStatus>1</itemStatus>
      <LastUpdateDate />
      <LastUpdateTime />
    </Product>
    <Product>
      <PriceUpdateDate>2018/12/31 14:23</PriceUpdateDate>
      <ItemCode>7290000066158</ItemCode>
      <ItemType>1</ItemType>
      <ItemName>ביסלי  בצל}קטן{</ItemName>
      <ManufactureName>קבוצת אוסם סחר-שות.מוגבלת</ManufactureName>
      <ManufactureCountry />
      <ManufactureItemDescription />
      <UnitQty>י"ח</UnitQty>
      <Quantity>70</Quantity>
      <UnitMeasure>ל  גרם</UnitMeasure>
      <BisWeighted>0</BisWeighted>
      <QtyInPackage>1</QtyInPackage>
      <ItemPrice>4.50</ItemPrice>
      <UnitOfMeasurePrice>6.43</UnitOfMeasurePrice>
      <AllowDiscount>1</AllowDiscount>
      <itemStatus>1</itemStatus>
      <LastUpdateDate />
      <LastUpdateTime />
    </Product>
    <Product>
      <PriceUpdateDate>2018/12/31 14:23</PriceUpdateDate>
      <ItemCode>7290000066165</ItemCode>
      <ItemType>1</ItemType>
      <ItemName>ביסלי  ברביקיו}קטן{</ItemName>
      <ManufactureName>קבוצת אוסם סחר-שות.מוגבלת</ManufactureName>
      <ManufactureCountry />
      <ManufactureItemDescription />
      <UnitQty>י"ח</UnitQty>
      <Quantity>70</Quantity>
      <UnitMeasure>ל  גרם</UnitMeasure>
      <BisWeighted>0</BisWeighted>
      <QtyInPackage>1</QtyInPackage>
      <ItemPrice>4.50</ItemPrice>
      <UnitOfMeasurePrice>6.43</UnitOfMeasurePrice>
      <AllowDiscount>1</AllowDiscount>
      <itemStatus>1</itemStatus>
      <LastUpdateDate />
      <LastUpdateTime />
    </Product>
    <Product>
      <PriceUpdateDate>2018/12/31 14:23</PriceUpdateDate>
      <ItemCode>7290000066172</ItemCode>
      <ItemType>1</ItemType>
      <ItemName>ביסלי בצל  פיצה(קטן{</ItemName>
      <ManufactureName>קבוצת אוסם סחר-שות.מוגבלת</ManufactureName>
      <ManufactureCountry />
      <ManufactureItemDescription />
      <UnitQty>י"ח</UnitQty>
      <Quantity>70</Quantity>
      <UnitMeasure>ל  גרם</UnitMeasure>
      <BisWeighted>0</BisWeighted>
      <QtyInPackage>1</QtyInPackage>
      <ItemPrice>4.50</ItemPrice>
      <UnitOfMeasurePrice>6.43</UnitOfMeasurePrice>
      <AllowDiscount>1</AllowDiscount>
      <itemStatus>1</itemStatus>
      <LastUpdateDate />
      <LastUpdateTime />
    </Product>
    <Product>
      <PriceUpdateDate>2018/07/15 13:33</PriceUpdateDate>
      <ItemCode>7290000066318</ItemCode>
      <ItemType>1</ItemType>
      <ItemName>במבה אסם{</ItemName>
      <ManufactureName>קבוצת אוסם סחר-שות.מוגבלת</ManufactureName>
      <ManufactureCountry />
      <ManufactureItemDescription />
      <UnitQty>י"ח</UnitQty>
      <Quantity>80</Quantity>
      <UnitMeasure>ל  גרם</UnitMeasure>
      <BisWeighted>0</BisWeighted>
      <QtyInPackage>1</QtyInPackage>
      <ItemPrice>4.90</ItemPrice>
      <UnitOfMeasurePrice>6.13</UnitOfMeasurePrice>
      <AllowDiscount>1</AllowDiscount>
      <itemStatus>1</itemStatus>
      <LastUpdateDate />
      <LastUpdateTime />
    </Product>
    <Product>
      <PriceUpdateDate>2019/07/02 08:54</PriceUpdateDate>
      <ItemCode>7290000066431</ItemCode>
      <ItemType>1</ItemType>
      <ItemName>פופקו חמאה ודבש</ItemName>
      <ManufactureName>קבוצת אוסם סחר-שות.מוגבלת</ManufactureName>
      <ManufactureCountry />
      <ManufactureItemDescription />
      <UnitQty>י"ח</UnitQty>
      <Quantity>80</Quantity>
      <UnitMeasure>ל  גרם</UnitMeasure>
      <BisWeighted>0</BisWeighted>
      <QtyInPackage>1</QtyInPackage>
      <ItemPrice>5</ItemPrice>
      <UnitOfMeasurePrice>6.25</UnitOfMeasurePrice>
      <AllowDiscount>1</AllowDiscount>
      <itemStatus>1</itemStatus>
      <LastUpdateDate />
      <LastUpdateTime />
    </Product>
    <Product>
      <PriceUpdateDate>2014/12/08 15:26</PriceUpdateDate>
      <ItemCode>66608</ItemCode>
      <ItemType>0</ItemType>
      <ItemName>ביסלי מקסיקני 70 ג`</ItemName>
      <ManufactureName>קבוצת אוסם סחר-שות.מוגבלת</ManufactureName>
      <ManufactureCountry />
      <ManufactureItemDescription />
      <UnitQty>י"ח</UnitQty>
      <Quantity>700</Quantity>
      <UnitMeasure>ל  גרם</UnitMeasure>
      <BisWeighted>0</BisWeighted>
      <QtyInPackage>1</QtyInPackage>
      <ItemPrice>4.30</ItemPrice>
      <UnitOfMeasurePrice>0.61</UnitOfMeasurePrice>
      <AllowDiscount>1</AllowDiscount>
      <itemStatus>1</itemStatus>
      <LastUpdateDate />
      <LastUpdateTime />
    </Product>
    <Product>
      <PriceUpdateDate>2014/12/08 15:26</PriceUpdateDate>
      <ItemCode>67537</ItemCode>
      <ItemType>0</ItemType>
      <ItemName>ביסלי 70 גר`כל"פ</ItemName>
      <ManufactureName>קבוצת אוסם סחר-שות.מוגבלת</ManufactureName>
      <ManufactureCountry />
      <ManufactureItemDescription />
      <UnitQty>י"ח</UnitQty>
      <Quantity>70</Quantity>
      <UnitMeasure>ל  גרם</UnitMeasure>
      <BisWeighted>0</BisWeighted>
      <QtyInPackage>1</QtyInPackage>
      <ItemPrice>4.30</ItemPrice>
      <UnitOfMeasurePrice>6.14</UnitOfMeasurePrice>
      <AllowDiscount>1</AllowDiscount>
      <itemStatus>1</itemStatus>
      <LastUpdateDate />
      <LastUpdateTime />
    </Product>
    <Product>
      <PriceUpdateDate>2014/12/08 15:26</PriceUpdateDate>
      <ItemCode>67551</ItemCode>
      <ItemType>0</ItemType>
      <ItemName>ביסלי 70 גר`כשל"פ</ItemName>
      <ManufactureName>קבוצת אוסם סחר-שות.מוגבלת</ManufactureName>
      <ManufactureCountry />
      <ManufactureItemDescription />
      <UnitQty>י"ח</UnitQty>
      <Quantity>70</Quantity>
      <UnitMeasure>ל  גרם</UnitMeasure>
      <BisWeighted>0</BisWeighted>
      <QtyInPackage>1</QtyInPackage>
      <ItemPrice>4.30</ItemPrice>
      <UnitOfMeasurePrice>6.14</UnitOfMeasurePrice>
      <AllowDiscount>1</AllowDiscount>
      <itemStatus>1</itemStatus>
      <LastUpdateDate />
      <LastUpdateTime />
    </Product>
    <Product>
      <PriceUpdateDate>2019/07/02 08:54</PriceUpdateDate>
      <ItemCode>7290000067568</ItemCode>
      <ItemType>1</ItemType>
      <ItemName>ביסלי 70 גר`כל"פ..</ItemName>
      <ManufactureName>קבוצת אוסם סחר-שות.מוגבלת</ManufactureName>
      <ManufactureCountry />
      <ManufactureItemDescription />
      <UnitQty>י"ח</UnitQty>
      <Quantity>70</Quantity>
      <UnitMeasure>ל  גרם</UnitMeasure>
      <BisWeighted>0</BisWeighted>
      <QtyInPackage>1</QtyInPackage>
      <ItemPrice>3.90</ItemPrice>
      <UnitOfMeasurePrice>5.57</UnitOfMeasurePrice>
      <AllowDiscount>1</AllowDiscount>
      <itemStatus>1</itemStatus>
      <LastUpdateDate />
      <LastUpdateTime />
    </Product>
    <Product>
      <PriceUpdateDate>2020/03/15 10:06</PriceUpdateDate>
      <ItemCode>67742</ItemCode>
      <ItemType>0</ItemType>
      <ItemName>פודינג וניל 80 גר`כל"פ</ItemName>
      <ManufactureName>קבוצת אוסם סחר-שות.מוגבלת</ManufactureName>
      <ManufactureCountry />
      <ManufactureItemDescription />
      <UnitQty>י"ח</UnitQty>
      <Quantity>80</Quantity>
      <UnitMeasure>ל  גרם</UnitMeasure>
      <BisWeighted>0</BisWeighted>
      <QtyInPackage>1</QtyInPackage>
      <ItemPrice>5.50</ItemPrice>
      <UnitOfMeasurePrice>6.88</UnitOfMeasurePrice>
      <AllowDiscount>1</AllowDiscount>
      <itemStatus>1</itemStatus>
      <LastUpdateDate />
      <LastUpdateTime />
    </Product>
    <Product>
      <PriceUpdateDate>2014/11/03 16:52</PriceUpdateDate>
      <ItemCode>67780</ItemCode>
      <ItemType>0</ItemType>
      <ItemName>פודינג שוקולד 95 גר`כל"פ</ItemName>
      <ManufactureName>קבוצת אוסם סחר-שות.מוגבלת</ManufactureName>
      <ManufactureCountry />
      <ManufactureItemDescription />
      <UnitQty>י"ח</UnitQty>
      <Quantity>95</Quantity>
      <UnitMeasure>ל  גרם</UnitMeasure>
      <BisWeighted>0</BisWeighted>
      <QtyInPackage>1</QtyInPackage>
      <ItemPrice>5.50</ItemPrice>
      <UnitOfMeasurePrice>5.79</UnitOfMeasurePrice>
      <AllowDiscount>1</AllowDiscount>
      <itemStatus>1</itemStatus>
      <LastUpdateDate />
      <LastUpdateTime />
    </Product>
    <Product>
      <PriceUpdateDate>2015/01/11 11:05</PriceUpdateDate>
      <ItemCode>7290000068138</ItemCode>
      <ItemType>1</ItemType>
      <ItemName>פודינג  וניל 80 ג אסם</ItemName>
      <ManufactureName>קבוצת אוסם סחר-שות.מוגבלת</ManufactureName>
      <ManufactureCountry />
      <ManufactureItemDescription />
      <UnitQty>י"ח</UnitQty>
      <Quantity>80</Quantity>
      <UnitMeasure>ל  גרם</UnitMeasure>
      <BisWeighted>0</BisWeighted>
      <QtyInPackage>1</QtyInPackage>
      <ItemPrice>5.50</ItemPrice>
      <UnitOfMeasurePrice>6.88</UnitOfMeasurePrice>
      <AllowDiscount>1</AllowDiscount>
      <itemStatus>1</itemStatus>
      <LastUpdateDate />
      <LastUpdateTime />
    </Product>
    <Product>
      <PriceUpdateDate>2014/01/08 07:43</PriceUpdateDate>
      <ItemCode>7290000068169</ItemCode>
      <ItemType>1</ItemType>
      <ItemName>פודינג שוקולד</ItemName>
      <ManufactureName>קבוצת אוסם סחר-שות.מוגבלת</ManufactureName>
      <ManufactureCountry />
      <ManufactureItemDescription />
      <UnitQty>י"ח</UnitQty>
      <Quantity>95</Quantity>
      <UnitMeasure>ל  גרם</UnitMeasure>
      <BisWeighted>0</BisWeighted>
      <QtyInPackage>1</QtyInPackage>
      <ItemPrice>5.70</ItemPrice>
      <UnitOfMeasurePrice>6</UnitOfMeasurePrice>
      <AllowDiscount>1</AllowDiscount>
      <itemStatus>1</itemStatus>
      <LastUpdateDate />
      <LastUpdateTime />
    </Product>
    <Product>
      <PriceUpdateDate>2019/06/24 08:38</PriceUpdateDate>
      <ItemCode>7290000068190</ItemCode>
      <ItemType>1</ItemType>
      <ItemName>ג לי תות אסם</ItemName>
      <ManufactureName>קבוצת אוסם סחר-שות.מוגבלת</ManufactureName>
      <ManufactureCountry />
      <ManufactureItemDescription />
      <UnitQty>י"ח</UnitQty>
      <Quantity>85</Quantity>
      <UnitMeasure>ל  גרם</UnitMeasure>
      <BisWeighted>0</BisWeighted>
      <QtyInPackage>1</QtyInPackage>
      <ItemPrice>6.50</ItemPrice>
      <UnitOfMeasurePrice>7.65</UnitOfMeasurePrice>
      <AllowDiscount>1</AllowDiscount>
      <itemStatus>1</itemStatus>
      <LastUpdateDate />
      <LastUpdateTime />
    </Product>
    <Product>
      <PriceUpdateDate>2014/05/09 13:58</PriceUpdateDate>
      <ItemCode>7290000068206</ItemCode>
      <ItemType>1</ItemType>
      <ItemName>ג לי מישמש</ItemName>
      <ManufactureName>קבוצת אוסם סחר-שות.מוגבלת</ManufactureName>
      <ManufactureCountry />
      <ManufactureItemDescription />
      <UnitQty>י"ח</UnitQty>
      <Quantity>85</Quantity>
      <UnitMeasure>ל  גרם</UnitMeasure>
      <BisWeighted>0</BisWeighted>
      <QtyInPackage>1</QtyInPackage>
      <ItemPrice>6.50</ItemPrice>
      <UnitOfMeasurePrice>7.65</UnitOfMeasurePrice>
      <AllowDiscount>1</AllowDiscount>
      <itemStatus>1</itemStatus>
      <LastUpdateDate />
      <LastUpdateTime />
    </Product>
    <Product>
      <PriceUpdateDate>2014/05/09 13:58</PriceUpdateDate>
      <ItemCode>7290000068237</ItemCode>
      <ItemType>1</ItemType>
      <ItemName>ג לי פטל</ItemName>
      <ManufactureName>קבוצת אוסם סחר-שות.מוגבלת</ManufactureName>
      <ManufactureCountry />
      <ManufactureItemDescription />
      <UnitQty>י"ח</UnitQty>
      <Quantity>85</Quantity>
      <UnitMeasure>ל  גרם</UnitMeasure>
      <BisWeighted>0</BisWeighted>
      <QtyInPackage>1</QtyInPackage>
      <ItemPrice>6.50</ItemPrice>
      <UnitOfMeasurePrice>7.65</UnitOfMeasurePrice>
      <AllowDiscount>1</AllowDiscount>
      <itemStatus>1</itemStatus>
      <LastUpdateDate />
      <LastUpdateTime />
    </Product>
    <Product>
      <PriceUpdateDate>2014/05/09 13:58</PriceUpdateDate>
      <ItemCode>7290000068251</ItemCode>
      <ItemType>1</ItemType>
      <ItemName>ג לי אננס</ItemName>
      <ManufactureName>קבוצת אוסם סחר-שות.מוגבלת</ManufactureName>
      <ManufactureCountry />
      <ManufactureItemDescription />
      <UnitQty>י"ח</UnitQty>
      <Quantity>85</Quantity>
      <UnitMeasure>ל  גרם</UnitMeasure>
      <BisWeighted>0</BisWeighted>
      <QtyInPackage>1</QtyInPackage>
      <ItemPrice>6.50</ItemPrice>
      <UnitOfMeasurePrice>7.65</UnitOfMeasurePrice>
      <AllowDiscount>1</AllowDiscount>
      <itemStatus>1</itemStatus>
      <LastUpdateDate />
      <LastUpdateTime />
    </Product>
    <Product>
      <PriceUpdateDate>2014/12/08 15:26</PriceUpdateDate>
      <ItemCode>7290000068770</ItemCode>
      <ItemType>1</ItemType>
      <ItemName>במבה יום הולדת 80 גרם</ItemName>
      <ManufactureName>קבוצת אוסם סחר-שות.מוגבלת</ManufactureName>
      <ManufactureCountry />
      <ManufactureItemDescription />
      <UnitQty>י"ח</UnitQty>
      <Quantity>80</Quantity>
      <UnitMeasure>ל  גרם</UnitMeasure>
      <BisWeighted>0</BisWeighted>
      <QtyInPackage>1</QtyInPackage>
      <ItemPrice>4.80</ItemPrice>
      <UnitOfMeasurePrice>6</UnitOfMeasurePrice>
      <AllowDiscount>1</AllowDiscount>
      <itemStatus>1</itemStatus>
      <LastUpdateDate />
      <LastUpdateTime />
    </Product>
    <Product>
      <PriceUpdateDate>2016/09/28 18:02</PriceUpdateDate>
      <ItemCode>7290000069258</ItemCode>
      <ItemType>1</ItemType>
      <ItemName>פרפקטו פנה ריגאט</ItemName>
      <ManufactureName>קבוצת אוסם סחר-שות.מוגבלת</ManufactureName>
      <ManufactureCountry />
      <ManufactureItemDescription />
      <UnitQty>י"ח</UnitQty>
      <Quantity>500</Quantity>
      <UnitMeasure>ל  גרם</UnitMeasure>
      <BisWeighted>0</BisWeighted>
      <QtyInPackage>1</QtyInPackage>
      <ItemPrice>6.90</ItemPrice>
      <UnitOfMeasurePrice>1.38</UnitOfMeasurePrice>
      <AllowDiscount>1</AllowDiscount>
      <itemStatus>1</itemStatus>
      <LastUpdateDate />
      <LastUpdateTime />
    </Product>
    <Product>
      <PriceUpdateDate>2016/09/05 10:03</PriceUpdateDate>
      <ItemCode>69609</ItemCode>
      <ItemType>0</ItemType>
      <ItemName>חטיפי קרקר זעתר 300גר`</ItemName>
      <ManufactureName>קבוצת אוסם סחר-שות.מוגבלת</ManufactureName>
      <ManufactureCountry />
      <ManufactureItemDescription />
      <UnitQty>י"ח</UnitQty>
      <Quantity>300</Quantity>
      <UnitMeasure>ל  גרם</UnitMeasure>
      <BisWeighted>0</BisWeighted>
      <QtyInPackage>1</QtyInPackage>
      <ItemPrice>11.90</ItemPrice>
      <UnitOfMeasurePrice>3.97</UnitOfMeasurePrice>
      <AllowDiscount>1</AllowDiscount>
      <itemStatus>1</itemStatus>
      <LastUpdateDate />
      <LastUpdateTime />
    </Product>
    <Product>
      <PriceUpdateDate>2016/02/01 09:40</PriceUpdateDate>
      <ItemCode>69715</ItemCode>
      <ItemType>0</ItemType>
      <ItemName>חטיפי קרקר מלוח 300גר`</ItemName>
      <ManufactureName>קבוצת אוסם סחר-שות.מוגבלת</ManufactureName>
      <ManufactureCountry />
      <ManufactureItemDescription />
      <UnitQty>י"ח</UnitQty>
      <Quantity>300</Quantity>
      <UnitMeasure>ל  גרם</UnitMeasure>
      <BisWeighted>0</BisWeighted>
      <QtyInPackage>1</QtyInPackage>
      <ItemPrice>12.90</ItemPrice>
      <UnitOfMeasurePrice>4.30</UnitOfMeasurePrice>
      <AllowDiscount>1</AllowDiscount>
      <itemStatus>1</itemStatus>
      <LastUpdateDate />
      <LastUpdateTime />
    </Product>
    <Product>
      <PriceUpdateDate>2016/09/05 10:03</PriceUpdateDate>
      <ItemCode>69739</ItemCode>
      <ItemType>0</ItemType>
      <ItemName>חטיפי קרקר שומשום 300גר`</ItemName>
      <ManufactureName>קבוצת אוסם סחר-שות.מוגבלת</ManufactureName>
      <ManufactureCountry />
      <ManufactureItemDescription />
      <UnitQty>י"ח</UnitQty>
      <Quantity>300</Quantity>
      <UnitMeasure>ל  גרם</UnitMeasure>
      <BisWeighted>0</BisWeighted>
      <QtyInPackage>1</QtyInPackage>
      <ItemPrice>11.90</ItemPrice>
      <UnitOfMeasurePrice>3.97</UnitOfMeasurePrice>
      <AllowDiscount>1</AllowDiscount>
      <itemStatus>1</itemStatus>
      <LastUpdateDate />
      <LastUpdateTime />
    </Product>
    <Product>
      <PriceUpdateDate>2014/06/30 16:02</PriceUpdateDate>
      <ItemCode>72067</ItemCode>
      <ItemType>0</ItemType>
      <ItemName>במבה חלבה 60גר`</ItemName>
      <ManufactureName>קבוצת אוסם סחר-שות.מוגבלת</ManufactureName>
      <ManufactureCountry />
      <ManufactureItemDescription />
      <UnitQty>י"ח</UnitQty>
      <Quantity>60</Quantity>
      <UnitMeasure>ל  גרם</UnitMeasure>
      <BisWeighted>0</BisWeighted>
      <QtyInPackage>1</QtyInPackage>
      <ItemPrice>4.80</ItemPrice>
      <UnitOfMeasurePrice>8</UnitOfMeasurePrice>
      <AllowDiscount>1</AllowDiscount>
      <itemStatus>1</itemStatus>
      <LastUpdateDate />
      <LastUpdateTime />
    </Product>
    <Product>
      <PriceUpdateDate>2014/12/08 15:26</PriceUpdateDate>
      <ItemCode>7290000072203</ItemCode>
      <ItemType>1</ItemType>
      <ItemName>רוטב אלף האיים אסם 290 מייל.</ItemName>
      <ManufactureName>קבוצת אוסם סחר-שות.מוגבלת</ManufactureName>
      <ManufactureCountry />
      <ManufactureItemDescription />
      <UnitQty>י"ח</UnitQty>
      <Quantity>290</Quantity>
      <UnitMeasure>ל  מ"ל</UnitMeasure>
      <BisWeighted>0</BisWeighted>
      <QtyInPackage>1</QtyInPackage>
      <ItemPrice>10.90</ItemPrice>
      <UnitOfMeasurePrice>3.76</UnitOfMeasurePrice>
      <AllowDiscount>1</AllowDiscount>
      <itemStatus>1</itemStatus>
      <LastUpdateDate />
      <LastUpdateTime />
    </Product>
    <Product>
      <PriceUpdateDate>2014/12/08 15:26</PriceUpdateDate>
      <ItemCode>7290000072227</ItemCode>
      <ItemType>1</ItemType>
      <ItemName>רוטב סויה בסגנון אסם</ItemName>
      <ManufactureName>קבוצת אוסם סחר-שות.מוגבלת</ManufactureName>
      <ManufactureCountry />
      <ManufactureItemDescription />
      <UnitQty>י"ח</UnitQty>
      <Quantity>290</Quantity>
      <UnitMeasure>ל  מ"ל</UnitMeasure>
      <BisWeighted>0</BisWeighted>
      <QtyInPackage>1</QtyInPackage>
      <ItemPrice>10.90</ItemPrice>
      <UnitOfMeasurePrice>3.76</UnitOfMeasurePrice>
      <AllowDiscount>1</AllowDiscount>
      <itemStatus>1</itemStatus>
      <LastUpdateDate />
      <LastUpdateTime />
    </Product>
    <Product>
      <PriceUpdateDate>2014/12/08 15:26</PriceUpdateDate>
      <ItemCode>7290000072241</ItemCode>
      <ItemType>1</ItemType>
      <ItemName>רוטב פיצה בקבוק</ItemName>
      <ManufactureName>קבוצת אוסם סחר-שות.מוגבלת</ManufactureName>
      <ManufactureCountry />
      <ManufactureItemDescription />
      <UnitQty>י"ח</UnitQty>
      <Quantity>290</Quantity>
      <UnitMeasure>ל  מ"ל</UnitMeasure>
      <BisWeighted>0</BisWeighted>
      <QtyInPackage>1</QtyInPackage>
      <ItemPrice>10.90</ItemPrice>
      <UnitOfMeasurePrice>3.76</UnitOfMeasurePrice>
      <AllowDiscount>1</AllowDiscount>
      <itemStatus>1</itemStatus>
      <LastUpdateDate />
      <LastUpdateTime />
    </Product>
    <Product>
      <PriceUpdateDate>2014/12/08 15:26</PriceUpdateDate>
      <ItemCode>7290000072890</ItemCode>
      <ItemType>1</ItemType>
      <ItemName>רוטב אלף האיים ל 290 מייל</ItemName>
      <ManufactureName>קבוצת אוסם סחר-שות.מוגבלת</ManufactureName>
      <ManufactureCountry />
      <ManufactureItemDescription />
      <UnitQty>י"ח</UnitQty>
      <Quantity>290</Quantity>
      <UnitMeasure>ל  מ"ל</UnitMeasure>
      <BisWeighted>0</BisWeighted>
      <QtyInPackage>1</QtyInPackage>
      <ItemPrice>10.90</ItemPrice>
      <UnitOfMeasurePrice>3.76</UnitOfMeasurePrice>
      <AllowDiscount>1</AllowDiscount>
      <itemStatus>1</itemStatus>
      <LastUpdateDate />
      <LastUpdateTime />
    </Product>
    <Product>
      <PriceUpdateDate>2014/12/08 15:26</PriceUpdateDate>
      <ItemCode>7290000072913</ItemCode>
      <ItemType>1</ItemType>
      <ItemName>רוטב שום  לייט 290 מייל</ItemName>
      <ManufactureName>קבוצת אוסם סחר-שות.מוגבלת</ManufactureName>
      <ManufactureCountry />
      <ManufactureItemDescription />
      <UnitQty>י"ח</UnitQty>
      <Quantity>290</Quantity>
      <UnitMeasure>ל  מ"ל</UnitMeasure>
      <BisWeighted>0</BisWeighted>
      <QtyInPackage>1</QtyInPackage>
      <ItemPrice>10.90</ItemPrice>
      <UnitOfMeasurePrice>3.76</UnitOfMeasurePrice>
      <AllowDiscount>1</AllowDiscount>
      <itemStatus>1</itemStatus>
      <LastUpdateDate />
      <LastUpdateTime />
    </Product>
    <Product>
      <PriceUpdateDate>2015/07/05 09:43</PriceUpdateDate>
      <ItemCode>7290000072968</ItemCode>
      <ItemType>1</ItemType>
      <ItemName>סיני מיניס 500גרם</ItemName>
      <ManufactureName>קבוצת אוסם סחר-שות.מוגבלת</ManufactureName>
      <ManufactureCountry />
      <ManufactureItemDescription />
      <UnitQty>י"ח</UnitQty>
      <Quantity>375</Quantity>
      <UnitMeasure>ל  גרם</UnitMeasure>
      <BisWeighted>0</BisWeighted>
      <QtyInPackage>1</QtyInPackage>
      <ItemPrice>25.90</ItemPrice>
      <UnitOfMeasurePrice>6.91</UnitOfMeasurePrice>
      <AllowDiscount>1</AllowDiscount>
      <itemStatus>1</itemStatus>
      <LastUpdateDate />
      <LastUpdateTime />
    </Product>
    <Product>
      <PriceUpdateDate>2014/11/03 16:52</PriceUpdateDate>
      <ItemCode>76966</ItemCode>
      <ItemType>0</ItemType>
      <ItemName>איטריות דקות 400   ג% `+25תוספת</ItemName>
      <ManufactureName>קבוצת אוסם סחר-שות.מוגבלת</ManufactureName>
      <ManufactureCountry />
      <ManufactureItemDescription />
      <UnitQty>י"ח</UnitQty>
      <Quantity>500</Quantity>
      <UnitMeasure>ל  גרם</UnitMeasure>
      <BisWeighted>0</BisWeighted>
      <QtyInPackage>1</QtyInPackage>
      <ItemPrice>6.90</ItemPrice>
      <UnitOfMeasurePrice>1.38</UnitOfMeasurePrice>
      <AllowDiscount>1</AllowDiscount>
      <itemStatus>1</itemStatus>
      <LastUpdateDate />
      <LastUpdateTime />
    </Product>
    <Product>
      <PriceUpdateDate>2014/12/08 15:26</PriceUpdateDate>
      <ItemCode>7290000078762</ItemCode>
      <ItemType>1</ItemType>
      <ItemName>חטיפי פריכונים מאורז מלא דבש</ItemName>
      <ManufactureName>קבוצת אוסם סחר-שות.מוגבלת</ManufactureName>
      <ManufactureCountry />
      <ManufactureItemDescription />
      <UnitQty>י"ח</UnitQty>
      <Quantity>100</Quantity>
      <UnitMeasure>ל  גרם</UnitMeasure>
      <BisWeighted>0</BisWeighted>
      <QtyInPackage>1</QtyInPackage>
      <ItemPrice>7.60</ItemPrice>
      <UnitOfMeasurePrice>7.60</UnitOfMeasurePrice>
      <AllowDiscount>1</AllowDiscount>
      <itemStatus>1</itemStatus>
      <LastUpdateDate />
      <LastUpdateTime />
    </Product>
    <Product>
      <PriceUpdateDate>2018/10/07 13:25</PriceUpdateDate>
      <ItemCode>7290000121017</ItemCode>
      <ItemType>1</ItemType>
      <ItemName>גבינה שומרון 120 גרם</ItemName>
      <ManufactureName>נטו מלינדה סחר בעמ</ManufactureName>
      <ManufactureCountry />
      <ManufactureItemDescription />
      <UnitQty>י"ח</UnitQty>
      <Quantity>120</Quantity>
      <UnitMeasure>ל  גרם</UnitMeasure>
      <BisWeighted>0</BisWeighted>
      <QtyInPackage>1</QtyInPackage>
      <ItemPrice>10.90</ItemPrice>
      <UnitOfMeasurePrice>9.08</UnitOfMeasurePrice>
      <AllowDiscount>1</AllowDiscount>
      <itemStatus>1</itemStatus>
      <LastUpdateDate />
      <LastUpdateTime />
    </Product>
    <Product>
      <PriceUpdateDate>2017/04/03 13:56</PriceUpdateDate>
      <ItemCode>7290000121031</ItemCode>
      <ItemType>1</ItemType>
      <ItemName>גבינה החתול 120 גרם</ItemName>
      <ManufactureName>נטו מלינדה סחר בעמ</ManufactureName>
      <ManufactureCountry />
      <ManufactureItemDescription />
      <UnitQty>י"ח</UnitQty>
      <Quantity>120</Quantity>
      <UnitMeasure>ל  גרם</UnitMeasure>
      <BisWeighted>0</BisWeighted>
      <QtyInPackage>1</QtyInPackage>
      <ItemPrice>10.90</ItemPrice>
      <UnitOfMeasurePrice>9.08</UnitOfMeasurePrice>
      <AllowDiscount>1</AllowDiscount>
      <itemStatus>1</itemStatus>
      <LastUpdateDate />
      <LastUpdateTime />
    </Product>
    <Product>
      <PriceUpdateDate>2016/03/13 13:25</PriceUpdateDate>
      <ItemCode>7290000121055</ItemCode>
      <ItemType>1</ItemType>
      <ItemName>גבינת טעם טוב 100 גרם</ItemName>
      <ManufactureName>נטו מלינדה סחר בעמ</ManufactureName>
      <ManufactureCountry />
      <ManufactureItemDescription />
      <UnitQty>י"ח</UnitQty>
      <Quantity>250</Quantity>
      <UnitMeasure>ל  גרם</UnitMeasure>
      <BisWeighted>0</BisWeighted>
      <QtyInPackage>1</QtyInPackage>
      <ItemPrice>9.90</ItemPrice>
      <UnitOfMeasurePrice>3.96</UnitOfMeasurePrice>
      <AllowDiscount>1</AllowDiscount>
      <itemStatus>1</itemStatus>
      <LastUpdateDate />
      <LastUpdateTime />
    </Product>
    <Product>
      <PriceUpdateDate>2018/10/07 13:25</PriceUpdateDate>
      <ItemCode>7290000121079</ItemCode>
      <ItemType>1</ItemType>
      <ItemName>גבינה מון בלאן</ItemName>
      <ManufactureName>נטו מלינדה סחר בעמ</ManufactureName>
      <ManufactureCountry />
      <ManufactureItemDescription />
      <UnitQty>י"ח</UnitQty>
      <Quantity>120</Quantity>
      <UnitMeasure>ל  גרם</UnitMeasure>
      <BisWeighted>0</BisWeighted>
      <QtyInPackage>1</QtyInPackage>
      <ItemPrice>10.90</ItemPrice>
      <UnitOfMeasurePrice>9.08</UnitOfMeasurePrice>
      <AllowDiscount>1</AllowDiscount>
      <itemStatus>1</itemStatus>
      <LastUpdateDate />
      <LastUpdateTime />
    </Product>
    <Product>
      <PriceUpdateDate>2018/10/07 13:25</PriceUpdateDate>
      <ItemCode>7290000121093</ItemCode>
      <ItemType>1</ItemType>
      <ItemName>גבינה מון בלאן</ItemName>
      <ManufactureName>נטו מלינדה סחר בעמ</ManufactureName>
      <ManufactureCountry />
      <ManufactureItemDescription />
      <UnitQty>י"ח</UnitQty>
      <Quantity>120</Quantity>
      <UnitMeasure>ל  גרם</UnitMeasure>
      <BisWeighted>0</BisWeighted>
      <QtyInPackage>1</QtyInPackage>
      <ItemPrice>10.90</ItemPrice>
      <UnitOfMeasurePrice>9.08</UnitOfMeasurePrice>
      <AllowDiscount>1</AllowDiscount>
      <itemStatus>1</itemStatus>
      <LastUpdateDate />
      <LastUpdateTime />
    </Product>
    <Product>
      <PriceUpdateDate>2018/10/07 13:25</PriceUpdateDate>
      <ItemCode>7290000121109</ItemCode>
      <ItemType>1</ItemType>
      <ItemName>גבינה מון בלאן</ItemName>
      <ManufactureName>נטו מלינדה סחר בעמ</ManufactureName>
      <ManufactureCountry />
      <ManufactureItemDescription />
      <UnitQty>י"ח</UnitQty>
      <Quantity>120</Quantity>
      <UnitMeasure>ל  גרם</UnitMeasure>
      <BisWeighted>0</BisWeighted>
      <QtyInPackage>1</QtyInPackage>
      <ItemPrice>10.90</ItemPrice>
      <UnitOfMeasurePrice>9.08</UnitOfMeasurePrice>
      <AllowDiscount>1</AllowDiscount>
      <itemStatus>1</itemStatus>
      <LastUpdateDate />
      <LastUpdateTime />
    </Product>
    <Product>
      <PriceUpdateDate>2018/10/07 13:25</PriceUpdateDate>
      <ItemCode>7290000121147</ItemCode>
      <ItemType>1</ItemType>
      <ItemName>מון בלאן לייט טעם פיקנטי</ItemName>
      <ManufactureName>נטו מלינדה סחר בעמ</ManufactureName>
      <ManufactureCountry />
      <ManufactureItemDescription />
      <UnitQty>י"ח</UnitQty>
      <Quantity>120</Quantity>
      <UnitMeasure>ל  גרם</UnitMeasure>
      <BisWeighted>0</BisWeighted>
      <QtyInPackage>1</QtyInPackage>
      <ItemPrice>10.90</ItemPrice>
      <UnitOfMeasurePrice>9.08</UnitOfMeasurePrice>
      <AllowDiscount>1</AllowDiscount>
      <itemStatus>1</itemStatus>
      <LastUpdateDate />
      <LastUpdateTime />
    </Product>
    <Product>
      <PriceUpdateDate>2018/10/07 13:25</PriceUpdateDate>
      <ItemCode>7290000121154</ItemCode>
      <ItemType>1</ItemType>
      <ItemName>ג מבון בלאן סלמו</ItemName>
      <ManufactureName>נטו מלינדה סחר בעמ</ManufactureName>
      <ManufactureCountry />
      <ManufactureItemDescription />
      <UnitQty>י"ח</UnitQty>
      <Quantity>120</Quantity>
      <UnitMeasure>ל  גרם</UnitMeasure>
      <BisWeighted>0</BisWeighted>
      <QtyInPackage>1</QtyInPackage>
      <ItemPrice>10.90</ItemPrice>
      <UnitOfMeasurePrice>9.08</UnitOfMeasurePrice>
      <AllowDiscount>1</AllowDiscount>
      <itemStatus>1</itemStatus>
      <LastUpdateDate />
      <LastUpdateTime />
    </Product>
    <Product>
      <PriceUpdateDate>2015/11/16 13:02</PriceUpdateDate>
      <ItemCode>7290000122649</ItemCode>
      <ItemType>1</ItemType>
      <ItemName>פתית בצל 250 ג</ItemName>
      <ManufactureName>יוניליוור ישראל שיווק בעמ</ManufactureName>
      <ManufactureCountry />
      <ManufactureItemDescription />
      <UnitQty>י"ח</UnitQty>
      <Quantity>250</Quantity>
      <UnitMeasure>ל  גרם</UnitMeasure>
      <BisWeighted>0</BisWeighted>
      <QtyInPackage>1</QtyInPackage>
      <ItemPrice>17.90</ItemPrice>
      <UnitOfMeasurePrice>7.16</UnitOfMeasurePrice>
      <AllowDiscount>1</AllowDiscount>
      <itemStatus>1</itemStatus>
      <LastUpdateDate />
      <LastUpdateTime />
    </Product>
    <Product>
      <PriceUpdateDate>2019/12/04 13:48</PriceUpdateDate>
      <ItemCode>7290000133904</ItemCode>
      <ItemType>1</ItemType>
      <ItemName>דאופרש מטהר אוויר</ItemName>
      <ManufactureName>החב הדרומית לשיווק</ManufactureName>
      <ManufactureCountry />
      <ManufactureItemDescription />
      <UnitQty>י"ח</UnitQty>
      <Quantity>300</Quantity>
      <UnitMeasure>ל  מ"ל</UnitMeasure>
      <BisWeighted>0</BisWeighted>
      <QtyInPackage>1</QtyInPackage>
      <ItemPrice>10.90</ItemPrice>
      <UnitOfMeasurePrice>3.63</UnitOfMeasurePrice>
      <AllowDiscount>1</AllowDiscount>
      <itemStatus>1</itemStatus>
      <LastUpdateDate />
      <LastUpdateTime />
    </Product>
    <Product>
      <PriceUpdateDate>2019/04/15 07:38</PriceUpdateDate>
      <ItemCode>7290000135045</ItemCode>
      <ItemType>1</ItemType>
      <ItemName>משקה אנרגיה XL TEN תפוח 250מ"ל</ItemName>
      <ManufactureName>טמפו משקאות בעמ</ManufactureName>
      <ManufactureCountry />
      <ManufactureItemDescription />
      <UnitQty>י"ח</UnitQty>
      <Quantity>250</Quantity>
      <UnitMeasure>ל  מ"ל</UnitMeasure>
      <BisWeighted>0</BisWeighted>
      <QtyInPackage>1</QtyInPackage>
      <ItemPrice>4.30</ItemPrice>
      <UnitOfMeasurePrice>1.60</UnitOfMeasurePrice>
      <AllowDiscount>1</AllowDiscount>
      <itemStatus>1</itemStatus>
      <LastUpdateDate />
      <LastUpdateTime />
    </Product>
    <Product>
      <PriceUpdateDate>2019/04/15 07:38</PriceUpdateDate>
      <ItemCode>7290000135052</ItemCode>
      <ItemType>1</ItemType>
      <ItemName>משקה אנרגיה XL TEN מנגו 250מ"ל</ItemName>
      <ManufactureName>טמפו משקאות בעמ</ManufactureName>
      <ManufactureCountry />
      <ManufactureItemDescription />
      <UnitQty>י"ח</UnitQty>
      <Quantity>250</Quantity>
      <UnitMeasure>ל  מ"ל</UnitMeasure>
      <BisWeighted>0</BisWeighted>
      <QtyInPackage>1</QtyInPackage>
      <ItemPrice>4.30</ItemPrice>
      <UnitOfMeasurePrice>1.60</UnitOfMeasurePrice>
      <AllowDiscount>1</AllowDiscount>
      <itemStatus>1</itemStatus>
      <LastUpdateDate />
      <LastUpdateTime />
    </Product>
    <Product>
      <PriceUpdateDate>2019/12/09 12:59</PriceUpdateDate>
      <ItemCode>7290000135113</ItemCode>
      <ItemType>1</ItemType>
      <ItemName>משקה אנרגיה XL נענע ליים 250מ"ל 2019</ItemName>
      <ManufactureName>טמפו משקאות בעמ</ManufactureName>
      <ManufactureCountry />
      <ManufactureItemDescription />
      <UnitQty>י"ח</UnitQty>
      <Quantity>250</Quantity>
      <UnitMeasure>ל  מ"ל</UnitMeasure>
      <BisWeighted>0</BisWeighted>
      <QtyInPackage>1</QtyInPackage>
      <ItemPrice>3.70</ItemPrice>
      <UnitOfMeasurePrice>1.36</UnitOfMeasurePrice>
      <AllowDiscount>1</AllowDiscount>
      <itemStatus>1</itemStatus>
      <LastUpdateDate />
      <LastUpdateTime />
    </Product>
    <Product>
      <PriceUpdateDate>2020/01/08 07:33</PriceUpdateDate>
      <ItemCode>7290000135144</ItemCode>
      <ItemType>1</ItemType>
      <ItemName>סודה נגיעות אפרסק  1.5ליטר</ItemName>
      <ManufactureName>טמפו משקאות בעמ</ManufactureName>
      <ManufactureCountry />
      <ManufactureItemDescription />
      <UnitQty>י"ח</UnitQty>
      <Quantity>1.50</Quantity>
      <UnitMeasure>ליטר</UnitMeasure>
      <BisWeighted>0</BisWeighted>
      <QtyInPackage>1</QtyInPackage>
      <ItemPrice>4.20</ItemPrice>
      <UnitOfMeasurePrice>2.80</UnitOfMeasurePrice>
      <AllowDiscount>1</AllowDiscount>
      <itemStatus>1</itemStatus>
      <LastUpdateDate />
      <LastUpdateTime />
    </Product>
    <Product>
      <PriceUpdateDate>2018/12/12 13:31</PriceUpdateDate>
      <ItemCode>136004</ItemCode>
      <ItemType>0</ItemType>
      <ItemName>ג אמפ לימונדה  1.5 ליטר</ItemName>
      <ManufactureName>טמפו משקאות בעמ</ManufactureName>
      <ManufactureCountry />
      <ManufactureItemDescription />
      <UnitQty>י"ח</UnitQty>
      <Quantity>1.50</Quantity>
      <UnitMeasure>ליטר</UnitMeasure>
      <BisWeighted>0</BisWeighted>
      <QtyInPackage>1</QtyInPackage>
      <ItemPrice>5.90</ItemPrice>
      <UnitOfMeasurePrice>3.93</UnitOfMeasurePrice>
      <AllowDiscount>1</AllowDiscount>
      <itemStatus>1</itemStatus>
      <LastUpdateDate />
      <LastUpdateTime />
    </Product>
    <Product>
      <PriceUpdateDate>2018/12/12 13:31</PriceUpdateDate>
      <ItemCode>136714</ItemCode>
      <ItemType>0</ItemType>
      <ItemName>ג אמפ תפוז דיאט 1.5 ליטר</ItemName>
      <ManufactureName>טמפו משקאות בעמ</ManufactureName>
      <ManufactureCountry />
      <ManufactureItemDescription />
      <UnitQty>י"ח</UnitQty>
      <Quantity>1.50</Quantity>
      <UnitMeasure>ליטר</UnitMeasure>
      <BisWeighted>0</BisWeighted>
      <QtyInPackage>1</QtyInPackage>
      <ItemPrice>5.90</ItemPrice>
      <UnitOfMeasurePrice>3.93</UnitOfMeasurePrice>
      <AllowDiscount>1</AllowDiscount>
      <itemStatus>1</itemStatus>
      <LastUpdateDate />
      <LastUpdateTime />
    </Product>
    <Product>
      <PriceUpdateDate>2018/12/12 13:31</PriceUpdateDate>
      <ItemCode>7290000136721</ItemCode>
      <ItemType>1</ItemType>
      <ItemName>ג אמפ תפוז 1.5 ליטר</ItemName>
      <ManufactureName>טמפו משקאות בעמ</ManufactureName>
      <ManufactureCountry />
      <ManufactureItemDescription />
      <UnitQty>י"ח</UnitQty>
      <Quantity>1.50</Quantity>
      <UnitMeasure>ליטר</UnitMeasure>
      <BisWeighted>0</BisWeighted>
      <QtyInPackage>1</QtyInPackage>
      <ItemPrice>5.90</ItemPrice>
      <UnitOfMeasurePrice>3.93</UnitOfMeasurePrice>
      <AllowDiscount>1</AllowDiscount>
      <itemStatus>1</itemStatus>
      <LastUpdateDate />
      <LastUpdateTime />
    </Product>
    <Product>
      <PriceUpdateDate>2018/12/12 13:31</PriceUpdateDate>
      <ItemCode>7290000136738</ItemCode>
      <ItemType>1</ItemType>
      <ItemName>ג אמפ אשכוליות 1.5 ליטר</ItemName>
      <ManufactureName>טמפו משקאות בעמ</ManufactureName>
      <ManufactureCountry />
      <ManufactureItemDescription />
      <UnitQty>י"ח</UnitQty>
      <Quantity>1.50</Quantity>
      <UnitMeasure>ליטר</UnitMeasure>
      <BisWeighted>0</BisWeighted>
      <QtyInPackage>1</QtyInPackage>
      <ItemPrice>5.90</ItemPrice>
      <UnitOfMeasurePrice>3.93</UnitOfMeasurePrice>
      <AllowDiscount>1</AllowDiscount>
      <itemStatus>1</itemStatus>
      <LastUpdateDate />
      <LastUpdateTime />
    </Product>
    <Product>
      <PriceUpdateDate>2018/12/12 13:31</PriceUpdateDate>
      <ItemCode>7290000136745</ItemCode>
      <ItemType>1</ItemType>
      <ItemName>ג אמפ תות בננה 1.5 ליטר</ItemName>
      <ManufactureName>טמפו משקאות בעמ</ManufactureName>
      <ManufactureCountry />
      <ManufactureItemDescription />
      <UnitQty>י"ח</UnitQty>
      <Quantity>1.50</Quantity>
      <UnitMeasure>ליטר</UnitMeasure>
      <BisWeighted>0</BisWeighted>
      <QtyInPackage>1</QtyInPackage>
      <ItemPrice>5.90</ItemPrice>
      <UnitOfMeasurePrice>3.93</UnitOfMeasurePrice>
      <AllowDiscount>1</AllowDiscount>
      <itemStatus>1</itemStatus>
      <LastUpdateDate />
      <LastUpdateTime />
    </Product>
    <Product>
      <PriceUpdateDate>2014/01/12 09:58</PriceUpdateDate>
      <ItemCode>7290000139111</ItemCode>
      <ItemType>1</ItemType>
      <ItemName>מתוקה 90 גר</ItemName>
      <ManufactureName>אשבול בעמ</ManufactureName>
      <ManufactureCountry />
      <ManufactureItemDescription />
      <UnitQty>י"ח</UnitQty>
      <Quantity>100</Quantity>
      <UnitMeasure>ל  גרם</UnitMeasure>
      <BisWeighted>0</BisWeighted>
      <QtyInPackage>1</QtyInPackage>
      <ItemPrice>3</ItemPrice>
      <UnitOfMeasurePrice>3</UnitOfMeasurePrice>
      <AllowDiscount>1</AllowDiscount>
      <itemStatus>1</itemStatus>
      <LastUpdateDate />
      <LastUpdateTime />
    </Product>
    <Product>
      <PriceUpdateDate>2016/05/01 12:33</PriceUpdateDate>
      <ItemCode>139203</ItemCode>
      <ItemType>0</ItemType>
      <ItemName>דגני בוקר מולטי 500גרם אורז מתוק</ItemName>
      <ManufactureName>אשבול בעמ</ManufactureName>
      <ManufactureCountry />
      <ManufactureItemDescription />
      <UnitQty>י"ח</UnitQty>
      <Quantity>500</Quantity>
      <UnitMeasure>ל  גרם</UnitMeasure>
      <BisWeighted>0</BisWeighted>
      <QtyInPackage>1</QtyInPackage>
      <ItemPrice>10.90</ItemPrice>
      <UnitOfMeasurePrice>2.18</UnitOfMeasurePrice>
      <AllowDiscount>1</AllowDiscount>
      <itemStatus>1</itemStatus>
      <LastUpdateDate />
      <LastUpdateTime />
    </Product>
    <Product>
      <PriceUpdateDate>2016/05/01 12:33</PriceUpdateDate>
      <ItemCode>139210</ItemCode>
      <ItemType>0</ItemType>
      <ItemName>דגני בוקר מולטי 500גרם שוק`</ItemName>
      <ManufactureName>אשבול בעמ</ManufactureName>
      <ManufactureCountry />
      <ManufactureItemDescription />
      <UnitQty>י"ח</UnitQty>
      <Quantity>500</Quantity>
      <UnitMeasure>ל  גרם</UnitMeasure>
      <BisWeighted>0</BisWeighted>
      <QtyInPackage>1</QtyInPackage>
      <ItemPrice>10.90</ItemPrice>
      <UnitOfMeasurePrice>2.18</UnitOfMeasurePrice>
      <AllowDiscount>1</AllowDiscount>
      <itemStatus>1</itemStatus>
      <LastUpdateDate />
      <LastUpdateTime />
    </Product>
    <Product>
      <PriceUpdateDate>2016/05/01 12:33</PriceUpdateDate>
      <ItemCode>139241</ItemCode>
      <ItemType>0</ItemType>
      <ItemName>דגני בוקר מולטי 500גרם טעם שוקו וניל</ItemName>
      <ManufactureName>אשבול בעמ</ManufactureName>
      <ManufactureCountry />
      <ManufactureItemDescription />
      <UnitQty>י"ח</UnitQty>
      <Quantity>500</Quantity>
      <UnitMeasure>ל  גרם</UnitMeasure>
      <BisWeighted>0</BisWeighted>
      <QtyInPackage>1</QtyInPackage>
      <ItemPrice>10.90</ItemPrice>
      <UnitOfMeasurePrice>2.18</UnitOfMeasurePrice>
      <AllowDiscount>1</AllowDiscount>
      <itemStatus>1</itemStatus>
      <LastUpdateDate />
      <LastUpdateTime />
    </Product>
    <Product>
      <PriceUpdateDate>2016/05/01 12:33</PriceUpdateDate>
      <ItemCode>139265</ItemCode>
      <ItemType>0</ItemType>
      <ItemName>דגני בוקר מולטי 500גרם עם סוכר חום ודבש</ItemName>
      <ManufactureName>אשבול בעמ</ManufactureName>
      <ManufactureCountry />
      <ManufactureItemDescription />
      <UnitQty>י"ח</UnitQty>
      <Quantity>500</Quantity>
      <UnitMeasure>ל  גרם</UnitMeasure>
      <BisWeighted>0</BisWeighted>
      <QtyInPackage>1</QtyInPackage>
      <ItemPrice>10.90</ItemPrice>
      <UnitOfMeasurePrice>2.18</UnitOfMeasurePrice>
      <AllowDiscount>1</AllowDiscount>
      <itemStatus>1</itemStatus>
      <LastUpdateDate />
      <LastUpdateTime />
    </Product>
    <Product>
      <PriceUpdateDate>2016/05/01 12:33</PriceUpdateDate>
      <ItemCode>139272</ItemCode>
      <ItemType>0</ItemType>
      <ItemName>דגני בוקר מולטי 500גרם פירות</ItemName>
      <ManufactureName>אשבול בעמ</ManufactureName>
      <ManufactureCountry />
      <ManufactureItemDescription />
      <UnitQty>י"ח</UnitQty>
      <Quantity>500</Quantity>
      <UnitMeasure>ל  גרם</UnitMeasure>
      <BisWeighted>0</BisWeighted>
      <QtyInPackage>1</QtyInPackage>
      <ItemPrice>10.90</ItemPrice>
      <UnitOfMeasurePrice>2.18</UnitOfMeasurePrice>
      <AllowDiscount>1</AllowDiscount>
      <itemStatus>1</itemStatus>
      <LastUpdateDate />
      <LastUpdateTime />
    </Product>
    <Product>
      <PriceUpdateDate>2016/05/01 12:33</PriceUpdateDate>
      <ItemCode>139289</ItemCode>
      <ItemType>0</ItemType>
      <ItemName>דגני בוקר מולטי 500גרם שוק`</ItemName>
      <ManufactureName>אשבול בעמ</ManufactureName>
      <ManufactureCountry />
      <ManufactureItemDescription />
      <UnitQty>י"ח</UnitQty>
      <Quantity>500</Quantity>
      <UnitMeasure>ל  גרם</UnitMeasure>
      <BisWeighted>0</BisWeighted>
      <QtyInPackage>1</QtyInPackage>
      <ItemPrice>10.90</ItemPrice>
      <UnitOfMeasurePrice>2.18</UnitOfMeasurePrice>
      <AllowDiscount>1</AllowDiscount>
      <itemStatus>1</itemStatus>
      <LastUpdateDate />
      <LastUpdateTime />
    </Product>
    <Product>
      <PriceUpdateDate>2016/05/01 12:33</PriceUpdateDate>
      <ItemCode>139296</ItemCode>
      <ItemType>0</ItemType>
      <ItemName>דגני בוקר מולטי 500גרם כוכבים</ItemName>
      <ManufactureName>אשבול בעמ</ManufactureName>
      <ManufactureCountry />
      <ManufactureItemDescription />
      <UnitQty>י"ח</UnitQty>
      <Quantity>500</Quantity>
      <UnitMeasure>ל  גרם</UnitMeasure>
      <BisWeighted>0</BisWeighted>
      <QtyInPackage>1</QtyInPackage>
      <ItemPrice>10.90</ItemPrice>
      <UnitOfMeasurePrice>2.18</UnitOfMeasurePrice>
      <AllowDiscount>1</AllowDiscount>
      <itemStatus>1</itemStatus>
      <LastUpdateDate />
      <LastUpdateTime />
    </Product>
    <Product>
      <PriceUpdateDate>2014/11/04 14:01</PriceUpdateDate>
      <ItemCode>7290000143156</ItemCode>
      <ItemType>1</ItemType>
      <ItemName>שמפו נגד קשקשים  700 מ"ל  הוואי</ItemName>
      <ManufactureName>הנקל סוד בעמ</ManufactureName>
      <ManufactureCountry />
      <ManufactureItemDescription />
      <UnitQty>י"ח</UnitQty>
      <Quantity>400</Quantity>
      <UnitMeasure>ל  מ"ל</UnitMeasure>
      <BisWeighted>0</BisWeighted>
      <QtyInPackage>1</QtyInPackage>
      <ItemPrice>12.90</ItemPrice>
      <UnitOfMeasurePrice>3.23</UnitOfMeasurePrice>
      <AllowDiscount>1</AllowDiscount>
      <itemStatus>1</itemStatus>
      <LastUpdateDate />
      <LastUpdateTime />
    </Product>
    <Product>
      <PriceUpdateDate>2014/04/30 16:55</PriceUpdateDate>
      <ItemCode>7290000143262</ItemCode>
      <ItemType>1</ItemType>
      <ItemName>שמפו ילדים 700 הוואי</ItemName>
      <ManufactureName>הנקל סוד בעמ</ManufactureName>
      <ManufactureCountry />
      <ManufactureItemDescription />
      <UnitQty>י"ח</UnitQty>
      <Quantity>700</Quantity>
      <UnitMeasure>ל  מ"ל</UnitMeasure>
      <BisWeighted>0</BisWeighted>
      <QtyInPackage>1</QtyInPackage>
      <ItemPrice>12.90</ItemPrice>
      <UnitOfMeasurePrice>1.84</UnitOfMeasurePrice>
      <AllowDiscount>1</AllowDiscount>
      <itemStatus>1</itemStatus>
      <LastUpdateDate />
      <LastUpdateTime />
    </Product>
    <Product>
      <PriceUpdateDate>2014/04/30 16:55</PriceUpdateDate>
      <ItemCode>7290000143293</ItemCode>
      <ItemType>1</ItemType>
      <ItemName>מרכך הוואי לילדים 700</ItemName>
      <ManufactureName>הנקל סוד בעמ</ManufactureName>
      <ManufactureCountry />
      <ManufactureItemDescription />
      <UnitQty>י"ח</UnitQty>
      <Quantity>700</Quantity>
      <UnitMeasure>ל  מ"ל</UnitMeasure>
      <BisWeighted>0</BisWeighted>
      <QtyInPackage>1</QtyInPackage>
      <ItemPrice>12.90</ItemPrice>
      <UnitOfMeasurePrice>1.84</UnitOfMeasurePrice>
      <AllowDiscount>1</AllowDiscount>
      <itemStatus>1</itemStatus>
      <LastUpdateDate />
      <LastUpdateTime />
    </Product>
    <Product>
      <PriceUpdateDate>2015/02/18 08:25</PriceUpdateDate>
      <ItemCode>7290000143347</ItemCode>
      <ItemType>1</ItemType>
      <ItemName>ג`ל רחצה הוואי לגבר</ItemName>
      <ManufactureName>הנקל סוד בעמ</ManufactureName>
      <ManufactureCountry />
      <ManufactureItemDescription />
      <UnitQty>י"ח</UnitQty>
      <Quantity>700</Quantity>
      <UnitMeasure>ל  מ"ל</UnitMeasure>
      <BisWeighted>0</BisWeighted>
      <QtyInPackage>1</QtyInPackage>
      <ItemPrice>11.90</ItemPrice>
      <UnitOfMeasurePrice>1.70</UnitOfMeasurePrice>
      <AllowDiscount>1</AllowDiscount>
      <itemStatus>1</itemStatus>
      <LastUpdateDate />
      <LastUpdateTime />
    </Product>
    <Product>
      <PriceUpdateDate>2013/12/24 14:34</PriceUpdateDate>
      <ItemCode>7290000146447</ItemCode>
      <ItemType>1</ItemType>
      <ItemName>סבון הוואי 4 יח  צהוב</ItemName>
      <ManufactureName>הנקל סוד בעמ</ManufactureName>
      <ManufactureCountry />
      <ManufactureItemDescription />
      <UnitQty>י"ח</UnitQty>
      <Quantity>400</Quantity>
      <UnitMeasure>ל  גרם</UnitMeasure>
      <BisWeighted>0</BisWeighted>
      <QtyInPackage>1</QtyInPackage>
      <ItemPrice>15</ItemPrice>
      <UnitOfMeasurePrice>3.75</UnitOfMeasurePrice>
      <AllowDiscount>1</AllowDiscount>
      <itemStatus>1</itemStatus>
      <LastUpdateDate />
      <LastUpdateTime />
    </Product>
    <Product>
      <PriceUpdateDate>2013/12/24 14:34</PriceUpdateDate>
      <ItemCode>7290000146645</ItemCode>
      <ItemType>1</ItemType>
      <ItemName>סבון מוצק הוואי  רבעייה שחור 100</ItemName>
      <ManufactureName>הנקל סוד בעמ</ManufactureName>
      <ManufactureCountry />
      <ManufactureItemDescription />
      <UnitQty>י"ח</UnitQty>
      <Quantity>400</Quantity>
      <UnitMeasure>ל  גרם</UnitMeasure>
      <BisWeighted>0</BisWeighted>
      <QtyInPackage>1</QtyInPackage>
      <ItemPrice>15</ItemPrice>
      <UnitOfMeasurePrice>3.75</UnitOfMeasurePrice>
      <AllowDiscount>1</AllowDiscount>
      <itemStatus>1</itemStatus>
      <LastUpdateDate />
      <LastUpdateTime />
    </Product>
    <Product>
      <PriceUpdateDate>2013/12/24 14:34</PriceUpdateDate>
      <ItemCode>7290000146652</ItemCode>
      <ItemType>1</ItemType>
      <ItemName>סבון מוצק הוואי רביעיה ורוד</ItemName>
      <ManufactureName>הנקל סוד בעמ</ManufactureName>
      <ManufactureCountry />
      <ManufactureItemDescription />
      <UnitQty>י"ח</UnitQty>
      <Quantity>400</Quantity>
      <UnitMeasure>ל  גרם</UnitMeasure>
      <BisWeighted>0</BisWeighted>
      <QtyInPackage>1</QtyInPackage>
      <ItemPrice>15</ItemPrice>
      <UnitOfMeasurePrice>3.75</UnitOfMeasurePrice>
      <AllowDiscount>1</AllowDiscount>
      <itemStatus>1</itemStatus>
      <LastUpdateDate />
      <LastUpdateTime />
    </Product>
    <Product>
      <PriceUpdateDate>2013/12/24 14:34</PriceUpdateDate>
      <ItemCode>7290000146669</ItemCode>
      <ItemType>1</ItemType>
      <ItemName>סבון מוצק הוואי רבעייה שמיים כחולים</ItemName>
      <ManufactureName>הנקל סוד בעמ</ManufactureName>
      <ManufactureCountry />
      <ManufactureItemDescription />
      <UnitQty>י"ח</UnitQty>
      <Quantity>400</Quantity>
      <UnitMeasure>ל  גרם</UnitMeasure>
      <BisWeighted>0</BisWeighted>
      <QtyInPackage>1</QtyInPackage>
      <ItemPrice>15</ItemPrice>
      <UnitOfMeasurePrice>3.75</UnitOfMeasurePrice>
      <AllowDiscount>1</AllowDiscount>
      <itemStatus>1</itemStatus>
      <LastUpdateDate />
      <LastUpdateTime />
    </Product>
    <Product>
      <PriceUpdateDate>2013/12/24 14:34</PriceUpdateDate>
      <ItemCode>7290000146676</ItemCode>
      <ItemType>1</ItemType>
      <ItemName>סבון מוצק  הוואי רבעייה חום לגבר</ItemName>
      <ManufactureName>הנקל סוד בעמ</ManufactureName>
      <ManufactureCountry />
      <ManufactureItemDescription />
      <UnitQty>י"ח</UnitQty>
      <Quantity>400</Quantity>
      <UnitMeasure>ל  גרם</UnitMeasure>
      <BisWeighted>0</BisWeighted>
      <QtyInPackage>1</QtyInPackage>
      <ItemPrice>15</ItemPrice>
      <UnitOfMeasurePrice>3.75</UnitOfMeasurePrice>
      <AllowDiscount>1</AllowDiscount>
      <itemStatus>1</itemStatus>
      <LastUpdateDate />
      <LastUpdateTime />
    </Product>
    <Product>
      <PriceUpdateDate>2013/12/24 14:34</PriceUpdateDate>
      <ItemCode>7290000146683</ItemCode>
      <ItemType>1</ItemType>
      <ItemName>סבון מוצק הוואי  רבעייה אפקט הדאו</ItemName>
      <ManufactureName>הנקל סוד בעמ</ManufactureName>
      <ManufactureCountry />
      <ManufactureItemDescription />
      <UnitQty>י"ח</UnitQty>
      <Quantity>400</Quantity>
      <UnitMeasure>ל  גרם</UnitMeasure>
      <BisWeighted>0</BisWeighted>
      <QtyInPackage>1</QtyInPackage>
      <ItemPrice>15</ItemPrice>
      <UnitOfMeasurePrice>3.75</UnitOfMeasurePrice>
      <AllowDiscount>1</AllowDiscount>
      <itemStatus>1</itemStatus>
      <LastUpdateDate />
      <LastUpdateTime />
    </Product>
    <Product>
      <PriceUpdateDate>2013/12/24 14:34</PriceUpdateDate>
      <ItemCode>7290000146706</ItemCode>
      <ItemType>1</ItemType>
      <ItemName>סבון מוצק הוואי רבעיה חצי לחות יער הגש</ItemName>
      <ManufactureName>הנקל סוד בעמ</ManufactureName>
      <ManufactureCountry />
      <ManufactureItemDescription />
      <UnitQty>י"ח</UnitQty>
      <Quantity>400</Quantity>
      <UnitMeasure>ל  גרם</UnitMeasure>
      <BisWeighted>0</BisWeighted>
      <QtyInPackage>1</QtyInPackage>
      <ItemPrice>15</ItemPrice>
      <UnitOfMeasurePrice>3.75</UnitOfMeasurePrice>
      <AllowDiscount>1</AllowDiscount>
      <itemStatus>1</itemStatus>
      <LastUpdateDate />
      <LastUpdateTime />
    </Product>
    <Product>
      <PriceUpdateDate>2013/12/24 14:34</PriceUpdateDate>
      <ItemCode>7290000146713</ItemCode>
      <ItemType>1</ItemType>
      <ItemName>סבון מוצק רבעיה חצי לחות גן עדן</ItemName>
      <ManufactureName>הנקל סוד בעמ</ManufactureName>
      <ManufactureCountry />
      <ManufactureItemDescription />
      <UnitQty>י"ח</UnitQty>
      <Quantity>400</Quantity>
      <UnitMeasure>ל  גרם</UnitMeasure>
      <BisWeighted>0</BisWeighted>
      <QtyInPackage>1</QtyInPackage>
      <ItemPrice>15</ItemPrice>
      <UnitOfMeasurePrice>3.75</UnitOfMeasurePrice>
      <AllowDiscount>1</AllowDiscount>
      <itemStatus>1</itemStatus>
      <LastUpdateDate />
      <LastUpdateTime />
    </Product>
    <Product>
      <PriceUpdateDate>2019/09/13 09:10</PriceUpdateDate>
      <ItemCode>7290000148618</ItemCode>
      <ItemType>1</ItemType>
      <ItemName>קאשיו מטוגן 200 ג</ItemName>
      <ManufactureName>ליימן שליסל</ManufactureName>
      <ManufactureCountry />
      <ManufactureItemDescription />
      <UnitQty>י"ח</UnitQty>
      <Quantity>200</Quantity>
      <UnitMeasure>ל  גרם</UnitMeasure>
      <BisWeighted>0</BisWeighted>
      <QtyInPackage>1</QtyInPackage>
      <ItemPrice>20.90</ItemPrice>
      <UnitOfMeasurePrice>10.45</UnitOfMeasurePrice>
      <AllowDiscount>1</AllowDiscount>
      <itemStatus>1</itemStatus>
      <LastUpdateDate />
      <LastUpdateTime />
    </Product>
    <Product>
      <PriceUpdateDate>2014/12/09 11:11</PriceUpdateDate>
      <ItemCode>7290000148748</ItemCode>
      <ItemType>1</ItemType>
      <ItemName>גרעיני חמניות 200 גרם</ItemName>
      <ManufactureName>ליימן שליסל</ManufactureName>
      <ManufactureCountry />
      <ManufactureItemDescription />
      <UnitQty>י"ח</UnitQty>
      <Quantity>200</Quantity>
      <UnitMeasure>ל  גרם</UnitMeasure>
      <BisWeighted>0</BisWeighted>
      <QtyInPackage>1</QtyInPackage>
      <ItemPrice>6.40</ItemPrice>
      <UnitOfMeasurePrice>3.20</UnitOfMeasurePrice>
      <AllowDiscount>1</AllowDiscount>
      <itemStatus>1</itemStatus>
      <LastUpdateDate />
      <LastUpdateTime />
    </Product>
    <Product>
      <PriceUpdateDate>2013/12/05 10:10</PriceUpdateDate>
      <ItemCode>150925</ItemCode>
      <ItemType>0</ItemType>
      <ItemName>עוף טוב נקניק סלמי ירדן 600גר</ItemName>
      <ManufactureName>קבוצת אוסם סחר-שות.מוגבלת</ManufactureName>
      <ManufactureCountry />
      <ManufactureItemDescription />
      <UnitQty>י"ח</UnitQty>
      <Quantity>600</Quantity>
      <UnitMeasure>ל  גרם</UnitMeasure>
      <BisWeighted>0</BisWeighted>
      <QtyInPackage>1</QtyInPackage>
      <ItemPrice>28.90</ItemPrice>
      <UnitOfMeasurePrice>4.82</UnitOfMeasurePrice>
      <AllowDiscount>1</AllowDiscount>
      <itemStatus>1</itemStatus>
      <LastUpdateDate />
      <LastUpdateTime />
    </Product>
    <Product>
      <PriceUpdateDate>2013/06/09 15:16</PriceUpdateDate>
      <ItemCode>150956</ItemCode>
      <ItemType>0</ItemType>
      <ItemName>עוף טוב מקלוני קבנוס 160גרם</ItemName>
      <ManufactureName>קבוצת אוסם סחר-שות.מוגבלת</ManufactureName>
      <ManufactureCountry />
      <ManufactureItemDescription />
      <UnitQty>י"ח</UnitQty>
      <Quantity>160</Quantity>
      <UnitMeasure>ל  גרם</UnitMeasure>
      <BisWeighted>0</BisWeighted>
      <QtyInPackage>1</QtyInPackage>
      <ItemPrice>12.30</ItemPrice>
      <UnitOfMeasurePrice>7.69</UnitOfMeasurePrice>
      <AllowDiscount>1</AllowDiscount>
      <itemStatus>1</itemStatus>
      <LastUpdateDate />
      <LastUpdateTime />
    </Product>
    <Product>
      <PriceUpdateDate>2013/12/05 10:10</PriceUpdateDate>
      <ItemCode>152943</ItemCode>
      <ItemType>0</ItemType>
      <ItemName>מארז סלמי+פסטרמה  350*2</ItemName>
      <ManufactureName>קבוצת אוסם סחר-שות.מוגבלת</ManufactureName>
      <ManufactureCountry />
      <ManufactureItemDescription />
      <UnitQty>י"ח</UnitQty>
      <Quantity>700</Quantity>
      <UnitMeasure>ל  גרם</UnitMeasure>
      <BisWeighted>0</BisWeighted>
      <QtyInPackage>1</QtyInPackage>
      <ItemPrice>29.90</ItemPrice>
      <UnitOfMeasurePrice>4.27</UnitOfMeasurePrice>
      <AllowDiscount>1</AllowDiscount>
      <itemStatus>1</itemStatus>
      <LastUpdateDate />
      <LastUpdateTime />
    </Product>
    <Product>
      <PriceUpdateDate>2020/05/03 15:08</PriceUpdateDate>
      <ItemCode>153209</ItemCode>
      <ItemType>0</ItemType>
      <ItemName>עוף טוב נתחי פילה אמיתי בתיבול ברביקיו</ItemName>
      <ManufactureName>קבוצת אוסם סחר-שות.מוגבלת</ManufactureName>
      <ManufactureCountry />
      <ManufactureItemDescription />
      <UnitQty>י"ח</UnitQty>
      <Quantity>500</Quantity>
      <UnitMeasure>ל  גרם</UnitMeasure>
      <BisWeighted>0</BisWeighted>
      <QtyInPackage>1</QtyInPackage>
      <ItemPrice>36.90</ItemPrice>
      <UnitOfMeasurePrice>7.38</UnitOfMeasurePrice>
      <AllowDiscount>0</AllowDiscount>
      <itemStatus>1</itemStatus>
      <LastUpdateDate />
      <LastUpdateTime />
    </Product>
    <Product>
      <PriceUpdateDate>2013/12/05 10:10</PriceUpdateDate>
      <ItemCode>153445</ItemCode>
      <ItemType>0</ItemType>
      <ItemName>קציצות בקר מתובלות עוף טוב 500 גרם</ItemName>
      <ManufactureName>קבוצת אוסם סחר-שות.מוגבלת</ManufactureName>
      <ManufactureCountry />
      <ManufactureItemDescription />
      <UnitQty>י"ח</UnitQty>
      <Quantity>500</Quantity>
      <UnitMeasure>ל  גרם</UnitMeasure>
      <BisWeighted>0</BisWeighted>
      <QtyInPackage>1</QtyInPackage>
      <ItemPrice>30.40</ItemPrice>
      <UnitOfMeasurePrice>6.08</UnitOfMeasurePrice>
      <AllowDiscount>1</AllowDiscount>
      <itemStatus>1</itemStatus>
      <LastUpdateDate />
      <LastUpdateTime />
    </Product>
    <Product>
      <PriceUpdateDate>2016/09/05 10:03</PriceUpdateDate>
      <ItemCode>153469</ItemCode>
      <ItemType>0</ItemType>
      <ItemName>קציצות עוף קלאסיות עוף טוב 600 גרם</ItemName>
      <ManufactureName>קבוצת אוסם סחר-שות.מוגבלת</ManufactureName>
      <ManufactureCountry />
      <ManufactureItemDescription />
      <UnitQty>י"ח</UnitQty>
      <Quantity>600</Quantity>
      <UnitMeasure>ל  גרם</UnitMeasure>
      <BisWeighted>0</BisWeighted>
      <QtyInPackage>1</QtyInPackage>
      <ItemPrice>29.90</ItemPrice>
      <UnitOfMeasurePrice>4.98</UnitOfMeasurePrice>
      <AllowDiscount>1</AllowDiscount>
      <itemStatus>1</itemStatus>
      <LastUpdateDate />
      <LastUpdateTime />
    </Product>
    <Product>
      <PriceUpdateDate>2020/05/03 15:08</PriceUpdateDate>
      <ItemCode>158082</ItemCode>
      <ItemType>0</ItemType>
      <ItemName>שניצל עוף ביתי בציפוי שומשום עוף טוב</ItemName>
      <ManufactureName>קבוצת אוסם סחר-שות.מוגבלת</ManufactureName>
      <ManufactureCountry />
      <ManufactureItemDescription />
      <UnitQty>י"ח</UnitQty>
      <Quantity>700</Quantity>
      <UnitMeasure>ל  גרם</UnitMeasure>
      <BisWeighted>0</BisWeighted>
      <QtyInPackage>1</QtyInPackage>
      <ItemPrice>36.90</ItemPrice>
      <UnitOfMeasurePrice>5.27</UnitOfMeasurePrice>
      <AllowDiscount>1</AllowDiscount>
      <itemStatus>1</itemStatus>
      <LastUpdateDate />
      <LastUpdateTime />
    </Product>
    <Product>
      <PriceUpdateDate>2016/09/05 10:03</PriceUpdateDate>
      <ItemCode>158105</ItemCode>
      <ItemType>0</ItemType>
      <ItemName>שניצל דינוזאור עוף טוב</ItemName>
      <ManufactureName>קבוצת אוסם סחר-שות.מוגבלת</ManufactureName>
      <ManufactureCountry />
      <ManufactureItemDescription />
      <UnitQty>י"ח</UnitQty>
      <Quantity>700</Quantity>
      <UnitMeasure>ל  גרם</UnitMeasure>
      <BisWeighted>0</BisWeighted>
      <QtyInPackage>1</QtyInPackage>
      <ItemPrice>32.90</ItemPrice>
      <UnitOfMeasurePrice>4.70</UnitOfMeasurePrice>
      <AllowDiscount>1</AllowDiscount>
      <itemStatus>1</itemStatus>
      <LastUpdateDate />
      <LastUpdateTime />
    </Product>
    <Product>
      <PriceUpdateDate>2016/09/05 10:03</PriceUpdateDate>
      <ItemCode>158211</ItemCode>
      <ItemType>0</ItemType>
      <ItemName>שניצל דק ענק עוף טוב</ItemName>
      <ManufactureName>קבוצת אוסם סחר-שות.מוגבלת</ManufactureName>
      <ManufactureCountry />
      <ManufactureItemDescription />
      <UnitQty>י"ח</UnitQty>
      <Quantity>700</Quantity>
      <UnitMeasure>ל  גרם</UnitMeasure>
      <BisWeighted>0</BisWeighted>
      <QtyInPackage>1</QtyInPackage>
      <ItemPrice>34.90</ItemPrice>
      <UnitOfMeasurePrice>4.99</UnitOfMeasurePrice>
      <AllowDiscount>1</AllowDiscount>
      <itemStatus>1</itemStatus>
      <LastUpdateDate />
      <LastUpdateTime />
    </Product>
    <Product>
      <PriceUpdateDate>2014/12/28 09:15</PriceUpdateDate>
      <ItemCode>158235</ItemCode>
      <ItemType>0</ItemType>
      <ItemName>שניצל עוף דק בציפוי צ`יפס 700  גרם</ItemName>
      <ManufactureName>קבוצת אוסם סחר-שות.מוגבלת</ManufactureName>
      <ManufactureCountry />
      <ManufactureItemDescription />
      <UnitQty>י"ח</UnitQty>
      <Quantity>700</Quantity>
      <UnitMeasure>ל  גרם</UnitMeasure>
      <BisWeighted>0</BisWeighted>
      <QtyInPackage>1</QtyInPackage>
      <ItemPrice>37.90</ItemPrice>
      <UnitOfMeasurePrice>5.41</UnitOfMeasurePrice>
      <AllowDiscount>1</AllowDiscount>
      <itemStatus>1</itemStatus>
      <LastUpdateDate />
      <LastUpdateTime />
    </Product>
    <Product>
      <PriceUpdateDate>2020/05/03 15:08</PriceUpdateDate>
      <ItemCode>158273</ItemCode>
      <ItemType>0</ItemType>
      <ItemName>שניצל אמיתי מעודן עוף טוב</ItemName>
      <ManufactureName>קבוצת אוסם סחר-שות.מוגבלת</ManufactureName>
      <ManufactureCountry />
      <ManufactureItemDescription />
      <UnitQty>י"ח</UnitQty>
      <Quantity>700</Quantity>
      <UnitMeasure>ל  גרם</UnitMeasure>
      <BisWeighted>0</BisWeighted>
      <QtyInPackage>1</QtyInPackage>
      <ItemPrice>36.90</ItemPrice>
      <UnitOfMeasurePrice>5.27</UnitOfMeasurePrice>
      <AllowDiscount>1</AllowDiscount>
      <itemStatus>1</itemStatus>
      <LastUpdateDate />
      <LastUpdateTime />
    </Product>
    <Product>
      <PriceUpdateDate>2013/06/09 15:16</PriceUpdateDate>
      <ItemCode>159010</ItemCode>
      <ItemType>0</ItemType>
      <ItemName>שניצל דובונים עוף טוב</ItemName>
      <ManufactureName>קבוצת אוסם סחר-שות.מוגבלת</ManufactureName>
      <ManufactureCountry />
      <ManufactureItemDescription />
      <UnitQty>י"ח</UnitQty>
      <Quantity>700</Quantity>
      <UnitMeasure>ל  גרם</UnitMeasure>
      <BisWeighted>0</BisWeighted>
      <QtyInPackage>1</QtyInPackage>
      <ItemPrice>33.50</ItemPrice>
      <UnitOfMeasurePrice>4.79</UnitOfMeasurePrice>
      <AllowDiscount>1</AllowDiscount>
      <itemStatus>1</itemStatus>
      <LastUpdateDate />
      <LastUpdateTime />
    </Product>
    <Product>
      <PriceUpdateDate>2020/05/03 15:08</PriceUpdateDate>
      <ItemCode>159034</ItemCode>
      <ItemType>0</ItemType>
      <ItemName>שניצל אמיתי קריספי עוף טוב</ItemName>
      <ManufactureName>קבוצת אוסם סחר-שות.מוגבלת</ManufactureName>
      <ManufactureCountry />
      <ManufactureItemDescription />
      <UnitQty>י"ח</UnitQty>
      <Quantity>700</Quantity>
      <UnitMeasure>ל  גרם</UnitMeasure>
      <BisWeighted>0</BisWeighted>
      <QtyInPackage>1</QtyInPackage>
      <ItemPrice>36.90</ItemPrice>
      <UnitOfMeasurePrice>5.27</UnitOfMeasurePrice>
      <AllowDiscount>1</AllowDiscount>
      <itemStatus>1</itemStatus>
      <LastUpdateDate />
      <LastUpdateTime />
    </Product>
    <Product>
      <PriceUpdateDate>2014/01/03 13:44</PriceUpdateDate>
      <ItemCode>160191</ItemCode>
      <ItemType>0</ItemType>
      <ItemName>מארז סיף</ItemName>
      <ManufactureName>יוניליוור ישראל שיווק בעמ</ManufactureName>
      <ManufactureCountry />
      <ManufactureItemDescription />
      <UnitQty>י"ח</UnitQty>
      <Quantity>2.25</Quantity>
      <UnitMeasure>ליטר</UnitMeasure>
      <BisWeighted>0</BisWeighted>
      <QtyInPackage>1</QtyInPackage>
      <ItemPrice>26.30</ItemPrice>
      <UnitOfMeasurePrice>11.69</UnitOfMeasurePrice>
      <AllowDiscount>0</AllowDiscount>
      <itemStatus>1</itemStatus>
      <LastUpdateDate />
      <LastUpdateTime />
    </Product>
    <Product>
      <PriceUpdateDate>2020/02/06 13:06</PriceUpdateDate>
      <ItemCode>167978</ItemCode>
      <ItemType>0</ItemType>
      <ItemName>דאב דאו  ספריי מן אקסטרה פרש</ItemName>
      <ManufactureName>יוניליוור ישראל שיווק בעמ</ManufactureName>
      <ManufactureCountry />
      <ManufactureItemDescription />
      <UnitQty>י"ח</UnitQty>
      <Quantity>175</Quantity>
      <UnitMeasure>ל  מ"ל</UnitMeasure>
      <BisWeighted>0</BisWeighted>
      <QtyInPackage>1</QtyInPackage>
      <ItemPrice>15.90</ItemPrice>
      <UnitOfMeasurePrice>9.09</UnitOfMeasurePrice>
      <AllowDiscount>1</AllowDiscount>
      <itemStatus>1</itemStatus>
      <LastUpdateDate />
      <LastUpdateTime />
    </Product>
    <Product>
      <PriceUpdateDate>2020/02/06 13:06</PriceUpdateDate>
      <ItemCode>167985</ItemCode>
      <ItemType>0</ItemType>
      <ItemName>דאב דאו  ספריי מן קלין קומפורט</ItemName>
      <ManufactureName>יוניליוור ישראל שיווק בעמ</ManufactureName>
      <ManufactureCountry />
      <ManufactureItemDescription />
      <UnitQty>י"ח</UnitQty>
      <Quantity>175</Quantity>
      <UnitMeasure>ל  מ"ל</UnitMeasure>
      <BisWeighted>0</BisWeighted>
      <QtyInPackage>1</QtyInPackage>
      <ItemPrice>15.90</ItemPrice>
      <UnitOfMeasurePrice>9.09</UnitOfMeasurePrice>
      <AllowDiscount>1</AllowDiscount>
      <itemStatus>1</itemStatus>
      <LastUpdateDate />
      <LastUpdateTime />
    </Product>
    <Product>
      <PriceUpdateDate>2020/02/06 13:06</PriceUpdateDate>
      <ItemCode>167992</ItemCode>
      <ItemType>0</ItemType>
      <ItemName>דאב דאו  ספריי מן אנרגי דריי</ItemName>
      <ManufactureName>יוניליוור ישראל שיווק בעמ</ManufactureName>
      <ManufactureCountry />
      <ManufactureItemDescription />
      <UnitQty>י"ח</UnitQty>
      <Quantity>175</Quantity>
      <UnitMeasure>ל  מ"ל</UnitMeasure>
      <BisWeighted>0</BisWeighted>
      <QtyInPackage>1</QtyInPackage>
      <ItemPrice>15.90</ItemPrice>
      <UnitOfMeasurePrice>9.09</UnitOfMeasurePrice>
      <AllowDiscount>1</AllowDiscount>
      <itemStatus>1</itemStatus>
      <LastUpdateDate />
      <LastUpdateTime />
    </Product>
    <Product>
      <PriceUpdateDate>2016/06/22 08:59</PriceUpdateDate>
      <ItemCode>169149</ItemCode>
      <ItemType>0</ItemType>
      <ItemName>רקסונה ספריי גברים אקטיב 150מ"ל</ItemName>
      <ManufactureName>יוניליוור ישראל שיווק בעמ</ManufactureName>
      <ManufactureCountry />
      <ManufactureItemDescription />
      <UnitQty>י"ח</UnitQty>
      <Quantity>150</Quantity>
      <UnitMeasure>ל  מ"ל</UnitMeasure>
      <BisWeighted>0</BisWeighted>
      <QtyInPackage>1</QtyInPackage>
      <ItemPrice>17.10</ItemPrice>
      <UnitOfMeasurePrice>11.40</UnitOfMeasurePrice>
      <AllowDiscount>1</AllowDiscount>
      <itemStatus>1</itemStatus>
      <LastUpdateDate />
      <LastUpdateTime />
    </Product>
    <Product>
      <PriceUpdateDate>2016/06/22 08:59</PriceUpdateDate>
      <ItemCode>169163</ItemCode>
      <ItemType>0</ItemType>
      <ItemName>רקסונה ספריי גברים אקסטרה קול 150מ"ל</ItemName>
      <ManufactureName>יוניליוור ישראל שיווק בעמ</ManufactureName>
      <ManufactureCountry />
      <ManufactureItemDescription />
      <UnitQty>י"ח</UnitQty>
      <Quantity>150</Quantity>
      <UnitMeasure>ל  מ"ל</UnitMeasure>
      <BisWeighted>0</BisWeighted>
      <QtyInPackage>1</QtyInPackage>
      <ItemPrice>17.10</ItemPrice>
      <UnitOfMeasurePrice>11.40</UnitOfMeasurePrice>
      <AllowDiscount>1</AllowDiscount>
      <itemStatus>1</itemStatus>
      <LastUpdateDate />
      <LastUpdateTime />
    </Product>
    <Product>
      <PriceUpdateDate>2015/05/29 10:16</PriceUpdateDate>
      <ItemCode>169170</ItemCode>
      <ItemType>0</ItemType>
      <ItemName>רקסונה ספריי גבר ללא סימן 150מ"ל</ItemName>
      <ManufactureName>יוניליוור ישראל שיווק בעמ</ManufactureName>
      <ManufactureCountry />
      <ManufactureItemDescription />
      <UnitQty>י"ח</UnitQty>
      <Quantity>150</Quantity>
      <UnitMeasure>ל  מ"ל</UnitMeasure>
      <BisWeighted>0</BisWeighted>
      <QtyInPackage>1</QtyInPackage>
      <ItemPrice>17.10</ItemPrice>
      <UnitOfMeasurePrice>11.40</UnitOfMeasurePrice>
      <AllowDiscount>1</AllowDiscount>
      <itemStatus>1</itemStatus>
      <LastUpdateDate />
      <LastUpdateTime />
    </Product>
    <Product>
      <PriceUpdateDate>2015/05/29 10:16</PriceUpdateDate>
      <ItemCode>169880</ItemCode>
      <ItemType>0</ItemType>
      <ItemName>רקסונה ספריי נשים קריסטל   150מ"ל</ItemName>
      <ManufactureName>יוניליוור ישראל שיווק בעמ</ManufactureName>
      <ManufactureCountry />
      <ManufactureItemDescription />
      <UnitQty>י"ח</UnitQty>
      <Quantity>150</Quantity>
      <UnitMeasure>ל  מ"ל</UnitMeasure>
      <BisWeighted>0</BisWeighted>
      <QtyInPackage>1</QtyInPackage>
      <ItemPrice>17.10</ItemPrice>
      <UnitOfMeasurePrice>11.40</UnitOfMeasurePrice>
      <AllowDiscount>1</AllowDiscount>
      <itemStatus>1</itemStatus>
      <LastUpdateDate />
      <LastUpdateTime />
    </Product>
    <Product>
      <PriceUpdateDate>2016/06/22 08:59</PriceUpdateDate>
      <ItemCode>169903</ItemCode>
      <ItemType>0</ItemType>
      <ItemName>רקסונה ספריי נשים טלק  150מ"ל</ItemName>
      <ManufactureName>יוניליוור ישראל שיווק בעמ</ManufactureName>
      <ManufactureCountry />
      <ManufactureItemDescription />
      <UnitQty>י"ח</UnitQty>
      <Quantity>150</Quantity>
      <UnitMeasure>ל  מ"ל</UnitMeasure>
      <BisWeighted>0</BisWeighted>
      <QtyInPackage>1</QtyInPackage>
      <ItemPrice>17.10</ItemPrice>
      <UnitOfMeasurePrice>11.40</UnitOfMeasurePrice>
      <AllowDiscount>1</AllowDiscount>
      <itemStatus>1</itemStatus>
      <LastUpdateDate />
      <LastUpdateTime />
    </Product>
    <Product>
      <PriceUpdateDate>2016/06/22 08:59</PriceUpdateDate>
      <ItemCode>169927</ItemCode>
      <ItemType>0</ItemType>
      <ItemName>רקסונה ספריי נשים  לינן דריי 150מ"ל</ItemName>
      <ManufactureName>יוניליוור ישראל שיווק בעמ</ManufactureName>
      <ManufactureCountry />
      <ManufactureItemDescription />
      <UnitQty>י"ח</UnitQty>
      <Quantity>150</Quantity>
      <UnitMeasure>ל  מ"ל</UnitMeasure>
      <BisWeighted>0</BisWeighted>
      <QtyInPackage>1</QtyInPackage>
      <ItemPrice>17.10</ItemPrice>
      <UnitOfMeasurePrice>11.40</UnitOfMeasurePrice>
      <AllowDiscount>1</AllowDiscount>
      <itemStatus>1</itemStatus>
      <LastUpdateDate />
      <LastUpdateTime />
    </Product>
    <Product>
      <PriceUpdateDate>2018/12/11 16:06</PriceUpdateDate>
      <ItemCode>7290000170053</ItemCode>
      <ItemType>1</ItemType>
      <ItemName>~שוקולד חלב 100 ג</ItemName>
      <ManufactureName>שטראוס גרופ בעמ</ManufactureName>
      <ManufactureCountry />
      <ManufactureItemDescription />
      <UnitQty>י"ח</UnitQty>
      <Quantity>100</Quantity>
      <UnitMeasure>ל  גרם</UnitMeasure>
      <BisWeighted>0</BisWeighted>
      <QtyInPackage>1</QtyInPackage>
      <ItemPrice>5.90</ItemPrice>
      <UnitOfMeasurePrice>5.90</UnitOfMeasurePrice>
      <AllowDiscount>1</AllowDiscount>
      <itemStatus>1</itemStatus>
      <LastUpdateDate />
      <LastUpdateTime />
    </Product>
    <Product>
      <PriceUpdateDate>2018/12/11 16:06</PriceUpdateDate>
      <ItemCode>7290000170077</ItemCode>
      <ItemType>1</ItemType>
      <ItemName>שוקולד מריר 100ג</ItemName>
      <ManufactureName>שטראוס גרופ בעמ</ManufactureName>
      <ManufactureCountry />
      <ManufactureItemDescription />
      <UnitQty>י"ח</UnitQty>
      <Quantity>100</Quantity>
      <UnitMeasure>ל  גרם</UnitMeasure>
      <BisWeighted>0</BisWeighted>
      <QtyInPackage>1</QtyInPackage>
      <ItemPrice>5.90</ItemPrice>
      <UnitOfMeasurePrice>5.90</UnitOfMeasurePrice>
      <AllowDiscount>1</AllowDiscount>
      <itemStatus>1</itemStatus>
      <LastUpdateDate />
      <LastUpdateTime />
    </Product>
    <Product>
      <PriceUpdateDate>2018/12/11 16:06</PriceUpdateDate>
      <ItemCode>7290000170275</ItemCode>
      <ItemType>1</ItemType>
      <ItemName>רוזמרי חלב 100</ItemName>
      <ManufactureName>שטראוס גרופ בעמ</ManufactureName>
      <ManufactureCountry />
      <ManufactureItemDescription />
      <UnitQty>י"ח</UnitQty>
      <Quantity>100</Quantity>
      <UnitMeasure>ל  גרם</UnitMeasure>
      <BisWeighted>0</BisWeighted>
      <QtyInPackage>1</QtyInPackage>
      <ItemPrice>5.90</ItemPrice>
      <UnitOfMeasurePrice>5.90</UnitOfMeasurePrice>
      <AllowDiscount>1</AllowDiscount>
      <itemStatus>1</itemStatus>
      <LastUpdateDate />
      <LastUpdateTime />
    </Product>
    <Product>
      <PriceUpdateDate>2015/06/09 09:28</PriceUpdateDate>
      <ItemCode>7290000171470</ItemCode>
      <ItemType>1</ItemType>
      <ItemName>כיף כף</ItemName>
      <ManufactureName>שטראוס גרופ בעמ</ManufactureName>
      <ManufactureCountry />
      <ManufactureItemDescription />
      <UnitQty>י"ח</UnitQty>
      <Quantity>45</Quantity>
      <UnitMeasure>ל  גרם</UnitMeasure>
      <BisWeighted>0</BisWeighted>
      <QtyInPackage>1</QtyInPackage>
      <ItemPrice>3.90</ItemPrice>
      <UnitOfMeasurePrice>8.67</UnitOfMeasurePrice>
      <AllowDiscount>1</AllowDiscount>
      <itemStatus>1</itemStatus>
      <LastUpdateDate />
      <LastUpdateTime />
    </Product>
    <Product>
      <PriceUpdateDate>2018/12/11 16:06</PriceUpdateDate>
      <ItemCode>7290000176857</ItemCode>
      <ItemType>1</ItemType>
      <ItemName>שוקולד עלית לבן 100 גרם</ItemName>
      <ManufactureName>שטראוס גרופ בעמ</ManufactureName>
      <ManufactureCountry />
      <ManufactureItemDescription />
      <UnitQty>י"ח</UnitQty>
      <Quantity>100</Quantity>
      <UnitMeasure>ל  גרם</UnitMeasure>
      <BisWeighted>0</BisWeighted>
      <QtyInPackage>1</QtyInPackage>
      <ItemPrice>5.90</ItemPrice>
      <UnitOfMeasurePrice>5.90</UnitOfMeasurePrice>
      <AllowDiscount>1</AllowDiscount>
      <itemStatus>1</itemStatus>
      <LastUpdateDate />
      <LastUpdateTime />
    </Product>
    <Product>
      <PriceUpdateDate>2018/12/11 16:06</PriceUpdateDate>
      <ItemCode>7290000180212</ItemCode>
      <ItemType>1</ItemType>
      <ItemName>שוקולד מריר אגוז 100</ItemName>
      <ManufactureName>שטראוס גרופ בעמ</ManufactureName>
      <ManufactureCountry />
      <ManufactureItemDescription />
      <UnitQty>י"ח</UnitQty>
      <Quantity>100</Quantity>
      <UnitMeasure>ל  גרם</UnitMeasure>
      <BisWeighted>0</BisWeighted>
      <QtyInPackage>1</QtyInPackage>
      <ItemPrice>5.90</ItemPrice>
      <UnitOfMeasurePrice>5.90</UnitOfMeasurePrice>
      <AllowDiscount>1</AllowDiscount>
      <itemStatus>1</itemStatus>
      <LastUpdateDate />
      <LastUpdateTime />
    </Product>
    <Product>
      <PriceUpdateDate>2018/12/02 10:26</PriceUpdateDate>
      <ItemCode>187617</ItemCode>
      <ItemType>0</ItemType>
      <ItemName>נייר טואלט לילי פסטל 30ג</ItemName>
      <ManufactureName>קימברלי קלארק ישראל שיווק בעמ</ManufactureName>
      <ManufactureCountry />
      <ManufactureItemDescription />
      <UnitQty>י"ח</UnitQty>
      <Quantity>30</Quantity>
      <UnitMeasure>י"ח</UnitMeasure>
      <BisWeighted>0</BisWeighted>
      <QtyInPackage>1</QtyInPackage>
      <ItemPrice>35.90</ItemPrice>
      <UnitOfMeasurePrice>1.20</UnitOfMeasurePrice>
      <AllowDiscount>1</AllowDiscount>
      <itemStatus>1</itemStatus>
      <LastUpdateDate />
      <LastUpdateTime />
    </Product>
    <Product>
      <PriceUpdateDate>2019/08/18 11:59</PriceUpdateDate>
      <ItemCode>187853</ItemCode>
      <ItemType>0</ItemType>
      <ItemName>נייר טואלט לילי לבן 1/40</ItemName>
      <ManufactureName>קימברלי קלארק ישראל שיווק בעמ</ManufactureName>
      <ManufactureCountry />
      <ManufactureItemDescription />
      <UnitQty>י"ח</UnitQty>
      <Quantity>40</Quantity>
      <UnitMeasure>י"ח</UnitMeasure>
      <BisWeighted>0</BisWeighted>
      <QtyInPackage>1</QtyInPackage>
      <ItemPrice>42.90</ItemPrice>
      <UnitOfMeasurePrice>1.07</UnitOfMeasurePrice>
      <AllowDiscount>1</AllowDiscount>
      <itemStatus>1</itemStatus>
      <LastUpdateDate />
      <LastUpdateTime />
    </Product>
    <Product>
      <PriceUpdateDate>2019/08/18 11:59</PriceUpdateDate>
      <ItemCode>188386</ItemCode>
      <ItemType>0</ItemType>
      <ItemName>מגבות ניקול לבנה 1/12</ItemName>
      <ManufactureName>קימברלי קלארק ישראל שיווק בעמ</ManufactureName>
      <ManufactureCountry />
      <ManufactureItemDescription />
      <UnitQty>י"ח</UnitQty>
      <Quantity>132.40</Quantity>
      <UnitMeasure>מארז</UnitMeasure>
      <BisWeighted>0</BisWeighted>
      <QtyInPackage>1</QtyInPackage>
      <ItemPrice>20.90</ItemPrice>
      <UnitOfMeasurePrice>0.16</UnitOfMeasurePrice>
      <AllowDiscount>1</AllowDiscount>
      <itemStatus>1</itemStatus>
      <LastUpdateDate />
      <LastUpdateTime />
    </Product>
    <Product>
      <PriceUpdateDate>2014/04/08 17:53</PriceUpdateDate>
      <ItemCode>188973</ItemCode>
      <ItemType>0</ItemType>
      <ItemName>קוטקס דיזיין נורמל פלוס 23 יחידות</ItemName>
      <ManufactureName>קימברלי קלארק ישראל שיווק בעמ</ManufactureName>
      <ManufactureCountry />
      <ManufactureItemDescription />
      <UnitQty>י"ח</UnitQty>
      <Quantity>23</Quantity>
      <UnitMeasure>י"ח</UnitMeasure>
      <BisWeighted>0</BisWeighted>
      <QtyInPackage>1</QtyInPackage>
      <ItemPrice>22.90</ItemPrice>
      <UnitOfMeasurePrice>1</UnitOfMeasurePrice>
      <AllowDiscount>1</AllowDiscount>
      <itemStatus>1</itemStatus>
      <LastUpdateDate />
      <LastUpdateTime />
    </Product>
    <Product>
      <PriceUpdateDate>2014/04/08 17:53</PriceUpdateDate>
      <ItemCode>188980</ItemCode>
      <ItemType>0</ItemType>
      <ItemName>קוטקס דיזיין סופר פלוס 20 יחידות</ItemName>
      <ManufactureName>קימברלי קלארק ישראל שיווק בעמ</ManufactureName>
      <ManufactureCountry />
      <ManufactureItemDescription />
      <UnitQty>י"ח</UnitQty>
      <Quantity>20</Quantity>
      <UnitMeasure>י"ח</UnitMeasure>
      <BisWeighted>0</BisWeighted>
      <QtyInPackage>1</QtyInPackage>
      <ItemPrice>22.90</ItemPrice>
      <UnitOfMeasurePrice>1.15</UnitOfMeasurePrice>
      <AllowDiscount>1</AllowDiscount>
      <itemStatus>1</itemStatus>
      <LastUpdateDate />
      <LastUpdateTime />
    </Product>
    <Product>
      <PriceUpdateDate>2018/08/09 10:32</PriceUpdateDate>
      <ItemCode>189079</ItemCode>
      <ItemType>0</ItemType>
      <ItemName>תבניות אינגליש קייק חזקות ועבות</ItemName>
      <ManufactureName>קימברלי קלארק ישראל שיווק בעמ</ManufactureName>
      <ManufactureCountry />
      <ManufactureItemDescription />
      <UnitQty>י"ח</UnitQty>
      <Quantity>1</Quantity>
      <UnitMeasure />
      <BisWeighted>0</BisWeighted>
      <QtyInPackage>1</QtyInPackage>
      <ItemPrice>11.90</ItemPrice>
      <UnitOfMeasurePrice>11.90</UnitOfMeasurePrice>
      <AllowDiscount>1</AllowDiscount>
      <itemStatus>1</itemStatus>
      <LastUpdateDate />
      <LastUpdateTime />
    </Product>
    <Product>
      <PriceUpdateDate>2018/08/09 10:32</PriceUpdateDate>
      <ItemCode>189116</ItemCode>
      <ItemType>0</ItemType>
      <ItemName>תבניות עגולות חזקות ועבות</ItemName>
      <ManufactureName>קימברלי קלארק ישראל שיווק בעמ</ManufactureName>
      <ManufactureCountry />
      <ManufactureItemDescription />
      <UnitQty>י"ח</UnitQty>
      <Quantity>1</Quantity>
      <UnitMeasure />
      <BisWeighted>0</BisWeighted>
      <QtyInPackage>1</QtyInPackage>
      <ItemPrice>11.90</ItemPrice>
      <UnitOfMeasurePrice>11.90</UnitOfMeasurePrice>
      <AllowDiscount>1</AllowDiscount>
      <itemStatus>1</itemStatus>
      <LastUpdateDate />
      <LastUpdateTime />
    </Product>
    <Product>
      <PriceUpdateDate>2018/08/09 10:32</PriceUpdateDate>
      <ItemCode>189246</ItemCode>
      <ItemType>0</ItemType>
      <ItemName>תבניות מאפינס חזקות ועבות</ItemName>
      <ManufactureName>קימברלי קלארק ישראל שיווק בעמ</ManufactureName>
      <ManufactureCountry />
      <ManufactureItemDescription />
      <UnitQty>י"ח</UnitQty>
      <Quantity>1</Quantity>
      <UnitMeasure />
      <BisWeighted>0</BisWeighted>
      <QtyInPackage>1</QtyInPackage>
      <ItemPrice>11.90</ItemPrice>
      <UnitOfMeasurePrice>11.90</UnitOfMeasurePrice>
      <AllowDiscount>1</AllowDiscount>
      <itemStatus>1</itemStatus>
      <LastUpdateDate />
      <LastUpdateTime />
    </Product>
    <Product>
      <PriceUpdateDate>2018/08/09 10:32</PriceUpdateDate>
      <ItemCode>189260</ItemCode>
      <ItemType>0</ItemType>
      <ItemName>תבניות מלבניות חזקות ועבות</ItemName>
      <ManufactureName>קימברלי קלארק ישראל שיווק בעמ</ManufactureName>
      <ManufactureCountry />
      <ManufactureItemDescription />
      <UnitQty>י"ח</UnitQty>
      <Quantity>1</Quantity>
      <UnitMeasure />
      <BisWeighted>0</BisWeighted>
      <QtyInPackage>1</QtyInPackage>
      <ItemPrice>11.90</ItemPrice>
      <UnitOfMeasurePrice>11.90</UnitOfMeasurePrice>
      <AllowDiscount>1</AllowDiscount>
      <itemStatus>1</itemStatus>
      <LastUpdateDate />
      <LastUpdateTime />
    </Product>
    <Product>
      <PriceUpdateDate>2018/08/09 10:32</PriceUpdateDate>
      <ItemCode>189277</ItemCode>
      <ItemType>0</ItemType>
      <ItemName>.תבניות מלבניות גדולות ועמוקות</ItemName>
      <ManufactureName>קימברלי קלארק ישראל שיווק בעמ</ManufactureName>
      <ManufactureCountry />
      <ManufactureItemDescription />
      <UnitQty>י"ח</UnitQty>
      <Quantity>1</Quantity>
      <UnitMeasure />
      <BisWeighted>0</BisWeighted>
      <QtyInPackage>1</QtyInPackage>
      <ItemPrice>11.90</ItemPrice>
      <UnitOfMeasurePrice>11.90</UnitOfMeasurePrice>
      <AllowDiscount>1</AllowDiscount>
      <itemStatus>1</itemStatus>
      <LastUpdateDate />
      <LastUpdateTime />
    </Product>
    <Product>
      <PriceUpdateDate>2018/08/09 10:32</PriceUpdateDate>
      <ItemCode>189482</ItemCode>
      <ItemType>0</ItemType>
      <ItemName>תבנית אפייה מקרטון מרובעת</ItemName>
      <ManufactureName>קימברלי קלארק ישראל שיווק בעמ</ManufactureName>
      <ManufactureCountry />
      <ManufactureItemDescription />
      <UnitQty>י"ח</UnitQty>
      <Quantity>1</Quantity>
      <UnitMeasure>י"ח</UnitMeasure>
      <BisWeighted>0</BisWeighted>
      <QtyInPackage>1</QtyInPackage>
      <ItemPrice>10.90</ItemPrice>
      <UnitOfMeasurePrice>10.90</UnitOfMeasurePrice>
      <AllowDiscount>1</AllowDiscount>
      <itemStatus>1</itemStatus>
      <LastUpdateDate />
      <LastUpdateTime />
    </Product>
    <Product>
      <PriceUpdateDate>2018/08/09 10:32</PriceUpdateDate>
      <ItemCode>189499</ItemCode>
      <ItemType>0</ItemType>
      <ItemName>תבנית אפייה מקרטון עגולה</ItemName>
      <ManufactureName>קימברלי קלארק ישראל שיווק בעמ</ManufactureName>
      <ManufactureCountry />
      <ManufactureItemDescription />
      <UnitQty>י"ח</UnitQty>
      <Quantity>1</Quantity>
      <UnitMeasure>י"ח</UnitMeasure>
      <BisWeighted>0</BisWeighted>
      <QtyInPackage>1</QtyInPackage>
      <ItemPrice>10.90</ItemPrice>
      <UnitOfMeasurePrice>10.90</UnitOfMeasurePrice>
      <AllowDiscount>1</AllowDiscount>
      <itemStatus>1</itemStatus>
      <LastUpdateDate />
      <LastUpdateTime />
    </Product>
    <Product>
      <PriceUpdateDate>2018/08/09 10:32</PriceUpdateDate>
      <ItemCode>189505</ItemCode>
      <ItemType>0</ItemType>
      <ItemName>תבנית אפייה מקרטון אינגליש</ItemName>
      <ManufactureName>קימברלי קלארק ישראל שיווק בעמ</ManufactureName>
      <ManufactureCountry />
      <ManufactureItemDescription />
      <UnitQty>י"ח</UnitQty>
      <Quantity>1</Quantity>
      <UnitMeasure>י"ח</UnitMeasure>
      <BisWeighted>0</BisWeighted>
      <QtyInPackage>1</QtyInPackage>
      <ItemPrice>10.90</ItemPrice>
      <UnitOfMeasurePrice>10.90</UnitOfMeasurePrice>
      <AllowDiscount>1</AllowDiscount>
      <itemStatus>1</itemStatus>
      <LastUpdateDate />
      <LastUpdateTime />
    </Product>
    <Product>
      <PriceUpdateDate>2016/02/07 09:17</PriceUpdateDate>
      <ItemCode>7290000190068</ItemCode>
      <ItemType>1</ItemType>
      <ItemName>מפיות ניקול 100 יח לבן</ItemName>
      <ManufactureName>קימברלי קלארק ישראל שיווק בעמ</ManufactureName>
      <ManufactureCountry />
      <ManufactureItemDescription />
      <UnitQty>י"ח</UnitQty>
      <Quantity>100</Quantity>
      <UnitMeasure>י"ח</UnitMeasure>
      <BisWeighted>0</BisWeighted>
      <QtyInPackage>1</QtyInPackage>
      <ItemPrice>7.90</ItemPrice>
      <UnitOfMeasurePrice>0.08</UnitOfMeasurePrice>
      <AllowDiscount>1</AllowDiscount>
      <itemStatus>1</itemStatus>
      <LastUpdateDate />
      <LastUpdateTime />
    </Product>
    <Product>
      <PriceUpdateDate>2019/07/28 09:50</PriceUpdateDate>
      <ItemCode>191515</ItemCode>
      <ItemType>0</ItemType>
      <ItemName>מגבוני האגיס  4 יח</ItemName>
      <ManufactureName>קימברלי קלארק ישראל שיווק בעמ</ManufactureName>
      <ManufactureCountry />
      <ManufactureItemDescription />
      <UnitQty>י"ח</UnitQty>
      <Quantity>4</Quantity>
      <UnitMeasure>י"ח</UnitMeasure>
      <BisWeighted>0</BisWeighted>
      <QtyInPackage>1</QtyInPackage>
      <ItemPrice>18.90</ItemPrice>
      <UnitOfMeasurePrice>4.73</UnitOfMeasurePrice>
      <AllowDiscount>1</AllowDiscount>
      <itemStatus>1</itemStatus>
      <LastUpdateDate />
      <LastUpdateTime />
    </Product>
    <Product>
      <PriceUpdateDate>2018/06/13 14:22</PriceUpdateDate>
      <ItemCode>192581</ItemCode>
      <ItemType>0</ItemType>
      <ItemName>מגבות ניקול גליל כפול 6=12</ItemName>
      <ManufactureName>קימברלי קלארק ישראל שיווק בעמ</ManufactureName>
      <ManufactureCountry />
      <ManufactureItemDescription />
      <UnitQty>י"ח</UnitQty>
      <Quantity>6</Quantity>
      <UnitMeasure>י"ח</UnitMeasure>
      <BisWeighted>0</BisWeighted>
      <QtyInPackage>1</QtyInPackage>
      <ItemPrice>19.90</ItemPrice>
      <UnitOfMeasurePrice>3.32</UnitOfMeasurePrice>
      <AllowDiscount>1</AllowDiscount>
      <itemStatus>1</itemStatus>
      <LastUpdateDate />
      <LastUpdateTime />
    </Product>
    <Product>
      <PriceUpdateDate>2018/12/10 12:34</PriceUpdateDate>
      <ItemCode>7290000193205</ItemCode>
      <ItemType>1</ItemType>
      <ItemName>לילי נטורל לילה</ItemName>
      <ManufactureName>קימברלי קלארק ישראל שיווק בעמ</ManufactureName>
      <ManufactureCountry />
      <ManufactureItemDescription />
      <UnitQty>י"ח</UnitQty>
      <Quantity>1</Quantity>
      <UnitMeasure>י"ח</UnitMeasure>
      <BisWeighted>0</BisWeighted>
      <QtyInPackage>1</QtyInPackage>
      <ItemPrice>16.90</ItemPrice>
      <UnitOfMeasurePrice>16.90</UnitOfMeasurePrice>
      <AllowDiscount>1</AllowDiscount>
      <itemStatus>1</itemStatus>
      <LastUpdateDate />
      <LastUpdateTime />
    </Product>
    <Product>
      <PriceUpdateDate>2018/12/10 12:34</PriceUpdateDate>
      <ItemCode>7290000193472</ItemCode>
      <ItemType>1</ItemType>
      <ItemName>פדיות לילי אינט אורירי</ItemName>
      <ManufactureName>קימברלי קלארק ישראל שיווק בעמ</ManufactureName>
      <ManufactureCountry />
      <ManufactureItemDescription />
      <UnitQty>י"ח</UnitQty>
      <Quantity>1</Quantity>
      <UnitMeasure>י"ח</UnitMeasure>
      <BisWeighted>0</BisWeighted>
      <QtyInPackage>1</QtyInPackage>
      <ItemPrice>16.90</ItemPrice>
      <UnitOfMeasurePrice>16.90</UnitOfMeasurePrice>
      <AllowDiscount>1</AllowDiscount>
      <itemStatus>1</itemStatus>
      <LastUpdateDate />
      <LastUpdateTime />
    </Product>
    <Product>
      <PriceUpdateDate>2018/12/10 12:34</PriceUpdateDate>
      <ItemCode>7290000193540</ItemCode>
      <ItemType>1</ItemType>
      <ItemName>לילי אינטימייט לונג</ItemName>
      <ManufactureName>קימברלי קלארק ישראל שיווק בעמ</ManufactureName>
      <ManufactureCountry />
      <ManufactureItemDescription />
      <UnitQty>י"ח</UnitQty>
      <Quantity>1</Quantity>
      <UnitMeasure>י"ח</UnitMeasure>
      <BisWeighted>0</BisWeighted>
      <QtyInPackage>1</QtyInPackage>
      <ItemPrice>16.90</ItemPrice>
      <UnitOfMeasurePrice>16.90</UnitOfMeasurePrice>
      <AllowDiscount>1</AllowDiscount>
      <itemStatus>1</itemStatus>
      <LastUpdateDate />
      <LastUpdateTime />
    </Product>
    <Product>
      <PriceUpdateDate>2018/12/10 12:34</PriceUpdateDate>
      <ItemCode>7290000193618</ItemCode>
      <ItemType>1</ItemType>
      <ItemName>פדית לייט לילי</ItemName>
      <ManufactureName>קימברלי קלארק ישראל שיווק בעמ</ManufactureName>
      <ManufactureCountry />
      <ManufactureItemDescription />
      <UnitQty>י"ח</UnitQty>
      <Quantity>1</Quantity>
      <UnitMeasure>י"ח</UnitMeasure>
      <BisWeighted>0</BisWeighted>
      <QtyInPackage>1</QtyInPackage>
      <ItemPrice>16.90</ItemPrice>
      <UnitOfMeasurePrice>16.90</UnitOfMeasurePrice>
      <AllowDiscount>1</AllowDiscount>
      <itemStatus>1</itemStatus>
      <LastUpdateDate />
      <LastUpdateTime />
    </Product>
    <Product>
      <PriceUpdateDate>2018/12/10 12:34</PriceUpdateDate>
      <ItemCode>7290000193649</ItemCode>
      <ItemType>1</ItemType>
      <ItemName>תח  לילי אינטימט</ItemName>
      <ManufactureName>קימברלי קלארק ישראל שיווק בעמ</ManufactureName>
      <ManufactureCountry />
      <ManufactureItemDescription />
      <UnitQty>י"ח</UnitQty>
      <Quantity>1</Quantity>
      <UnitMeasure>י"ח</UnitMeasure>
      <BisWeighted>0</BisWeighted>
      <QtyInPackage>1</QtyInPackage>
      <ItemPrice>16.90</ItemPrice>
      <UnitOfMeasurePrice>16.90</UnitOfMeasurePrice>
      <AllowDiscount>1</AllowDiscount>
      <itemStatus>1</itemStatus>
      <LastUpdateDate />
      <LastUpdateTime />
    </Product>
    <Product>
      <PriceUpdateDate>2018/12/10 12:34</PriceUpdateDate>
      <ItemCode>7290000193656</ItemCode>
      <ItemType>1</ItemType>
      <ItemName>תחתוניות לילי</ItemName>
      <ManufactureName>קימברלי קלארק ישראל שיווק בעמ</ManufactureName>
      <ManufactureCountry />
      <ManufactureItemDescription />
      <UnitQty>י"ח</UnitQty>
      <Quantity>100</Quantity>
      <UnitMeasure>ל  גרם</UnitMeasure>
      <BisWeighted>0</BisWeighted>
      <QtyInPackage>1</QtyInPackage>
      <ItemPrice>16.90</ItemPrice>
      <UnitOfMeasurePrice>16.90</UnitOfMeasurePrice>
      <AllowDiscount>1</AllowDiscount>
      <itemStatus>1</itemStatus>
      <LastUpdateDate />
      <LastUpdateTime />
    </Product>
    <Product>
      <PriceUpdateDate>2018/12/10 12:34</PriceUpdateDate>
      <ItemCode>7290000193793</ItemCode>
      <ItemType>1</ItemType>
      <ItemName>תחבושות אולטרה</ItemName>
      <ManufactureName>קימברלי קלארק ישראל שיווק בעמ</ManufactureName>
      <ManufactureCountry />
      <ManufactureItemDescription />
      <UnitQty>י"ח</UnitQty>
      <Quantity>1</Quantity>
      <UnitMeasure>י"ח</UnitMeasure>
      <BisWeighted>0</BisWeighted>
      <QtyInPackage>1</QtyInPackage>
      <ItemPrice>16.90</ItemPrice>
      <UnitOfMeasurePrice>16.90</UnitOfMeasurePrice>
      <AllowDiscount>1</AllowDiscount>
      <itemStatus>1</itemStatus>
      <LastUpdateDate />
      <LastUpdateTime />
    </Product>
    <Product>
      <PriceUpdateDate>2016/02/07 09:17</PriceUpdateDate>
      <ItemCode>194837</ItemCode>
      <ItemType>0</ItemType>
      <ItemName>שקיות למזון גדולות במיוחד</ItemName>
      <ManufactureName>קימברלי קלארק ישראל שיווק בעמ</ManufactureName>
      <ManufactureCountry />
      <ManufactureItemDescription />
      <UnitQty>י"ח</UnitQty>
      <Quantity>200</Quantity>
      <UnitMeasure>י"ח</UnitMeasure>
      <BisWeighted>0</BisWeighted>
      <QtyInPackage>1</QtyInPackage>
      <ItemPrice>13.90</ItemPrice>
      <UnitOfMeasurePrice>0.07</UnitOfMeasurePrice>
      <AllowDiscount>1</AllowDiscount>
      <itemStatus>1</itemStatus>
      <LastUpdateDate />
      <LastUpdateTime />
    </Product>
    <Product>
      <PriceUpdateDate>2016/08/05 11:38</PriceUpdateDate>
      <ItemCode>195414</ItemCode>
      <ItemType>0</ItemType>
      <ItemName>טיטולים פרמיום שלב 6</ItemName>
      <ManufactureName>קימברלי קלארק ישראל שיווק בעמ</ManufactureName>
      <ManufactureCountry />
      <ManufactureItemDescription />
      <UnitQty>י"ח</UnitQty>
      <Quantity>1</Quantity>
      <UnitMeasure>י"ח</UnitMeasure>
      <BisWeighted>0</BisWeighted>
      <QtyInPackage>1</QtyInPackage>
      <ItemPrice>34.90</ItemPrice>
      <UnitOfMeasurePrice>34.90</UnitOfMeasurePrice>
      <AllowDiscount>1</AllowDiscount>
      <itemStatus>1</itemStatus>
      <LastUpdateDate />
      <LastUpdateTime />
    </Product>
    <Product>
      <PriceUpdateDate>2019/09/13 09:10</PriceUpdateDate>
      <ItemCode>7290000195537</ItemCode>
      <ItemType>1</ItemType>
      <ItemName>מגבוני האגיס קמומיל 4 יח</ItemName>
      <ManufactureName>קימברלי קלארק ישראל שיווק בעמ</ManufactureName>
      <ManufactureCountry />
      <ManufactureItemDescription />
      <UnitQty>י"ח</UnitQty>
      <Quantity>4</Quantity>
      <UnitMeasure>י"ח</UnitMeasure>
      <BisWeighted>0</BisWeighted>
      <QtyInPackage>1</QtyInPackage>
      <ItemPrice>18.90</ItemPrice>
      <UnitOfMeasurePrice>4.73</UnitOfMeasurePrice>
      <AllowDiscount>1</AllowDiscount>
      <itemStatus>1</itemStatus>
      <LastUpdateDate />
      <LastUpdateTime />
    </Product>
    <Product>
      <PriceUpdateDate>2019/07/15 08:41</PriceUpdateDate>
      <ItemCode>7290000195544</ItemCode>
      <ItemType>1</ItemType>
      <ItemName>מגבוני האגיס מבושם קמומיל</ItemName>
      <ManufactureName>קימברלי קלארק ישראל שיווק בעמ</ManufactureName>
      <ManufactureCountry />
      <ManufactureItemDescription />
      <UnitQty>י"ח</UnitQty>
      <Quantity>4</Quantity>
      <UnitMeasure>י"ח</UnitMeasure>
      <BisWeighted>0</BisWeighted>
      <QtyInPackage>1</QtyInPackage>
      <ItemPrice>18.90</ItemPrice>
      <UnitOfMeasurePrice>4.73</UnitOfMeasurePrice>
      <AllowDiscount>1</AllowDiscount>
      <itemStatus>1</itemStatus>
      <LastUpdateDate />
      <LastUpdateTime />
    </Product>
    <Product>
      <PriceUpdateDate>2019/07/28 09:50</PriceUpdateDate>
      <ItemCode>7290000195742</ItemCode>
      <ItemType>1</ItemType>
      <ItemName>מארז מגבוני האגיס רביעייה בייבי ספא</ItemName>
      <ManufactureName>קימברלי קלארק ישראל שיווק בעמ</ManufactureName>
      <ManufactureCountry />
      <ManufactureItemDescription />
      <UnitQty>י"ח</UnitQty>
      <Quantity>1</Quantity>
      <UnitMeasure />
      <BisWeighted>0</BisWeighted>
      <QtyInPackage>1</QtyInPackage>
      <ItemPrice>18.90</ItemPrice>
      <UnitOfMeasurePrice>18.90</UnitOfMeasurePrice>
      <AllowDiscount>1</AllowDiscount>
      <itemStatus>1</itemStatus>
      <LastUpdateDate />
      <LastUpdateTime />
    </Product>
    <Product>
      <PriceUpdateDate>2019/07/15 08:41</PriceUpdateDate>
      <ItemCode>7290000195773</ItemCode>
      <ItemType>1</ItemType>
      <ItemName>האגיס נטורל אלוורה+קמומיל</ItemName>
      <ManufactureName>קימברלי קלארק ישראל שיווק בעמ</ManufactureName>
      <ManufactureCountry />
      <ManufactureItemDescription />
      <UnitQty>י"ח</UnitQty>
      <Quantity>1</Quantity>
      <UnitMeasure />
      <BisWeighted>0</BisWeighted>
      <QtyInPackage>1</QtyInPackage>
      <ItemPrice>18.90</ItemPrice>
      <UnitOfMeasurePrice>18.90</UnitOfMeasurePrice>
      <AllowDiscount>1</AllowDiscount>
      <itemStatus>1</itemStatus>
      <LastUpdateDate />
      <LastUpdateTime />
    </Product>
    <Product>
      <PriceUpdateDate>2015/12/11 09:45</PriceUpdateDate>
      <ItemCode>7290000197081</ItemCode>
      <ItemType>1</ItemType>
      <ItemName>ניילון נצמד ניילונית  150מ  חסכוני ניק</ItemName>
      <ManufactureName>קימברלי קלארק ישראל שיווק בעמ</ManufactureName>
      <ManufactureCountry />
      <ManufactureItemDescription />
      <UnitQty>י"ח</UnitQty>
      <Quantity>150</Quantity>
      <UnitMeasure>מטר</UnitMeasure>
      <BisWeighted>0</BisWeighted>
      <QtyInPackage>1</QtyInPackage>
      <ItemPrice>29.90</ItemPrice>
      <UnitOfMeasurePrice>0.20</UnitOfMeasurePrice>
      <AllowDiscount>1</AllowDiscount>
      <itemStatus>1</itemStatus>
      <LastUpdateDate />
      <LastUpdateTime />
    </Product>
    <Product>
      <PriceUpdateDate>2019/07/17 08:12</PriceUpdateDate>
      <ItemCode>197425</ItemCode>
      <ItemType>0</ItemType>
      <ItemName>האגיס פרידום דריי שלב 3</ItemName>
      <ManufactureName>קימברלי קלארק ישראל שיווק בעמ</ManufactureName>
      <ManufactureCountry />
      <ManufactureItemDescription />
      <UnitQty>י"ח</UnitQty>
      <Quantity>54</Quantity>
      <UnitMeasure>י"ח</UnitMeasure>
      <BisWeighted>0</BisWeighted>
      <QtyInPackage>1</QtyInPackage>
      <ItemPrice>39.90</ItemPrice>
      <UnitOfMeasurePrice>0.74</UnitOfMeasurePrice>
      <AllowDiscount>1</AllowDiscount>
      <itemStatus>1</itemStatus>
      <LastUpdateDate />
      <LastUpdateTime />
    </Product>
    <Product>
      <PriceUpdateDate>2019/07/17 08:12</PriceUpdateDate>
      <ItemCode>197463</ItemCode>
      <ItemType>0</ItemType>
      <ItemName>האגיס פרידום דריי שלב 4+</ItemName>
      <ManufactureName>קימברלי קלארק ישראל שיווק בעמ</ManufactureName>
      <ManufactureCountry />
      <ManufactureItemDescription />
      <UnitQty>י"ח</UnitQty>
      <Quantity>42</Quantity>
      <UnitMeasure>י"ח</UnitMeasure>
      <BisWeighted>0</BisWeighted>
      <QtyInPackage>1</QtyInPackage>
      <ItemPrice>39.90</ItemPrice>
      <UnitOfMeasurePrice>0.95</UnitOfMeasurePrice>
      <AllowDiscount>1</AllowDiscount>
      <itemStatus>1</itemStatus>
      <LastUpdateDate />
      <LastUpdateTime />
    </Product>
    <Product>
      <PriceUpdateDate>2019/07/17 08:12</PriceUpdateDate>
      <ItemCode>197678</ItemCode>
      <ItemType>0</ItemType>
      <ItemName>האגיס פרידום דריי שלב6</ItemName>
      <ManufactureName>קימברלי קלארק ישראל שיווק בעמ</ManufactureName>
      <ManufactureCountry />
      <ManufactureItemDescription />
      <UnitQty>י"ח</UnitQty>
      <Quantity>34</Quantity>
      <UnitMeasure>י"ח</UnitMeasure>
      <BisWeighted>0</BisWeighted>
      <QtyInPackage>1</QtyInPackage>
      <ItemPrice>39.90</ItemPrice>
      <UnitOfMeasurePrice>1.17</UnitOfMeasurePrice>
      <AllowDiscount>1</AllowDiscount>
      <itemStatus>1</itemStatus>
      <LastUpdateDate />
      <LastUpdateTime />
    </Product>
    <Product>
      <PriceUpdateDate>2014/04/08 17:53</PriceUpdateDate>
      <ItemCode>7290000199313</ItemCode>
      <ItemType>1</ItemType>
      <ItemName>תחבושות קוטקס יאנג</ItemName>
      <ManufactureName>קימברלי קלארק ישראל שיווק בעמ</ManufactureName>
      <ManufactureCountry />
      <ManufactureItemDescription />
      <UnitQty>י"ח</UnitQty>
      <Quantity>1</Quantity>
      <UnitMeasure>י"ח</UnitMeasure>
      <BisWeighted>0</BisWeighted>
      <QtyInPackage>1</QtyInPackage>
      <ItemPrice>22.90</ItemPrice>
      <UnitOfMeasurePrice>22.90</UnitOfMeasurePrice>
      <AllowDiscount>1</AllowDiscount>
      <itemStatus>1</itemStatus>
      <LastUpdateDate />
      <LastUpdateTime />
    </Product>
    <Product>
      <PriceUpdateDate>2018/12/10 12:34</PriceUpdateDate>
      <ItemCode>201795</ItemCode>
      <ItemType>0</ItemType>
      <ItemName>מגבוני האגיס  1/3</ItemName>
      <ManufactureName>קימברלי קלארק ישראל שיווק בעמ</ManufactureName>
      <ManufactureCountry />
      <ManufactureItemDescription />
      <UnitQty>י"ח</UnitQty>
      <Quantity>3</Quantity>
      <UnitMeasure>י"ח</UnitMeasure>
      <BisWeighted>0</BisWeighted>
      <QtyInPackage>1</QtyInPackage>
      <ItemPrice>16.90</ItemPrice>
      <UnitOfMeasurePrice>5.63</UnitOfMeasurePrice>
      <AllowDiscount>1</AllowDiscount>
      <itemStatus>1</itemStatus>
      <LastUpdateDate />
      <LastUpdateTime />
    </Product>
    <Product>
      <PriceUpdateDate>2016/08/05 11:38</PriceUpdateDate>
      <ItemCode>201818</ItemCode>
      <ItemType>0</ItemType>
      <ItemName>טיטולים פרמיום שלב 2</ItemName>
      <ManufactureName>קימברלי קלארק ישראל שיווק בעמ</ManufactureName>
      <ManufactureCountry />
      <ManufactureItemDescription />
      <UnitQty>י"ח</UnitQty>
      <Quantity>1</Quantity>
      <UnitMeasure>י"ח</UnitMeasure>
      <BisWeighted>0</BisWeighted>
      <QtyInPackage>1</QtyInPackage>
      <ItemPrice>34.90</ItemPrice>
      <UnitOfMeasurePrice>34.90</UnitOfMeasurePrice>
      <AllowDiscount>1</AllowDiscount>
      <itemStatus>1</itemStatus>
      <LastUpdateDate />
      <LastUpdateTime />
    </Product>
    <Product>
      <PriceUpdateDate>2016/08/05 11:38</PriceUpdateDate>
      <ItemCode>201832</ItemCode>
      <ItemType>0</ItemType>
      <ItemName>טיטולים פרמיום שלב 3</ItemName>
      <ManufactureName>קימברלי קלארק ישראל שיווק בעמ</ManufactureName>
      <ManufactureCountry />
      <ManufactureItemDescription />
      <UnitQty>י"ח</UnitQty>
      <Quantity>1</Quantity>
      <UnitMeasure>י"ח</UnitMeasure>
      <BisWeighted>0</BisWeighted>
      <QtyInPackage>1</QtyInPackage>
      <ItemPrice>34.90</ItemPrice>
      <UnitOfMeasurePrice>34.90</UnitOfMeasurePrice>
      <AllowDiscount>1</AllowDiscount>
      <itemStatus>1</itemStatus>
      <LastUpdateDate />
      <LastUpdateTime />
    </Product>
    <Product>
      <PriceUpdateDate>2016/08/05 11:38</PriceUpdateDate>
      <ItemCode>201849</ItemCode>
      <ItemType>0</ItemType>
      <ItemName>טיטולים פרמיום שלב 4</ItemName>
      <ManufactureName>קימברלי קלארק ישראל שיווק בעמ</ManufactureName>
      <ManufactureCountry />
      <ManufactureItemDescription />
      <UnitQty>י"ח</UnitQty>
      <Quantity>1</Quantity>
      <UnitMeasure>י"ח</UnitMeasure>
      <BisWeighted>0</BisWeighted>
      <QtyInPackage>1</QtyInPackage>
      <ItemPrice>34.90</ItemPrice>
      <UnitOfMeasurePrice>34.90</UnitOfMeasurePrice>
      <AllowDiscount>1</AllowDiscount>
      <itemStatus>1</itemStatus>
      <LastUpdateDate />
      <LastUpdateTime />
    </Product>
    <Product>
      <PriceUpdateDate>2016/08/05 11:38</PriceUpdateDate>
      <ItemCode>201856</ItemCode>
      <ItemType>0</ItemType>
      <ItemName>טיטולים פרמיום שלב 4+</ItemName>
      <ManufactureName>קימברלי קלארק ישראל שיווק בעמ</ManufactureName>
      <ManufactureCountry />
      <ManufactureItemDescription />
      <UnitQty>י"ח</UnitQty>
      <Quantity>1</Quantity>
      <UnitMeasure>י"ח</UnitMeasure>
      <BisWeighted>0</BisWeighted>
      <QtyInPackage>1</QtyInPackage>
      <ItemPrice>34.90</ItemPrice>
      <UnitOfMeasurePrice>34.90</UnitOfMeasurePrice>
      <AllowDiscount>1</AllowDiscount>
      <itemStatus>1</itemStatus>
      <LastUpdateDate />
      <LastUpdateTime />
    </Product>
    <Product>
      <PriceUpdateDate>2016/08/05 11:38</PriceUpdateDate>
      <ItemCode>201863</ItemCode>
      <ItemType>0</ItemType>
      <ItemName>טיטולים פרמיום שלב 5</ItemName>
      <ManufactureName>קימברלי קלארק ישראל שיווק בעמ</ManufactureName>
      <ManufactureCountry />
      <ManufactureItemDescription />
      <UnitQty>י"ח</UnitQty>
      <Quantity>1</Quantity>
      <UnitMeasure>י"ח</UnitMeasure>
      <BisWeighted>0</BisWeighted>
      <QtyInPackage>1</QtyInPackage>
      <ItemPrice>34.90</ItemPrice>
      <UnitOfMeasurePrice>34.90</UnitOfMeasurePrice>
      <AllowDiscount>1</AllowDiscount>
      <itemStatus>1</itemStatus>
      <LastUpdateDate />
      <LastUpdateTime />
    </Product>
    <Product>
      <PriceUpdateDate>2016/08/05 11:38</PriceUpdateDate>
      <ItemCode>201870</ItemCode>
      <ItemType>0</ItemType>
      <ItemName>טיטולים פרמיום שלב 6</ItemName>
      <ManufactureName>קימברלי קלארק ישראל שיווק בעמ</ManufactureName>
      <ManufactureCountry />
      <ManufactureItemDescription />
      <UnitQty>י"ח</UnitQty>
      <Quantity>1</Quantity>
      <UnitMeasure>י"ח</UnitMeasure>
      <BisWeighted>0</BisWeighted>
      <QtyInPackage>1</QtyInPackage>
      <ItemPrice>34.90</ItemPrice>
      <UnitOfMeasurePrice>34.90</UnitOfMeasurePrice>
      <AllowDiscount>1</AllowDiscount>
      <itemStatus>1</itemStatus>
      <LastUpdateDate />
      <LastUpdateTime />
    </Product>
    <Product>
      <PriceUpdateDate>2019/07/28 09:50</PriceUpdateDate>
      <ItemCode>201979</ItemCode>
      <ItemType>0</ItemType>
      <ItemName>מגבוני האגיס</ItemName>
      <ManufactureName>קימברלי קלארק ישראל שיווק בעמ</ManufactureName>
      <ManufactureCountry />
      <ManufactureItemDescription />
      <UnitQty>י"ח</UnitQty>
      <Quantity>4</Quantity>
      <UnitMeasure>י"ח</UnitMeasure>
      <BisWeighted>0</BisWeighted>
      <QtyInPackage>1</QtyInPackage>
      <ItemPrice>18.90</ItemPrice>
      <UnitOfMeasurePrice>4.73</UnitOfMeasurePrice>
      <AllowDiscount>1</AllowDiscount>
      <itemStatus>1</itemStatus>
      <LastUpdateDate />
      <LastUpdateTime />
    </Product>
    <Product>
      <PriceUpdateDate>2019/08/28 13:26</PriceUpdateDate>
      <ItemCode>7290000207438</ItemCode>
      <ItemType>1</ItemType>
      <ItemName>קוביות עגבניות פריכוז</ItemName>
      <ManufactureName>זנלכל בעמ</ManufactureName>
      <ManufactureCountry />
      <ManufactureItemDescription />
      <UnitQty>י"ח</UnitQty>
      <Quantity>800</Quantity>
      <UnitMeasure>ל  גרם</UnitMeasure>
      <BisWeighted>0</BisWeighted>
      <QtyInPackage>1</QtyInPackage>
      <ItemPrice>6.90</ItemPrice>
      <UnitOfMeasurePrice>0.86</UnitOfMeasurePrice>
      <AllowDiscount>1</AllowDiscount>
      <itemStatus>1</itemStatus>
      <LastUpdateDate />
      <LastUpdateTime />
    </Product>
    <Product>
      <PriceUpdateDate>2019/08/28 13:26</PriceUpdateDate>
      <ItemCode>7290000208022</ItemCode>
      <ItemType>1</ItemType>
      <ItemName>עגבניות מרוסקות 800 בד"צ</ItemName>
      <ManufactureName>זנלכל בעמ</ManufactureName>
      <ManufactureCountry />
      <ManufactureItemDescription />
      <UnitQty>י"ח</UnitQty>
      <Quantity>800</Quantity>
      <UnitMeasure>ל  גרם</UnitMeasure>
      <BisWeighted>0</BisWeighted>
      <QtyInPackage>1</QtyInPackage>
      <ItemPrice>6.90</ItemPrice>
      <UnitOfMeasurePrice>0.86</UnitOfMeasurePrice>
      <AllowDiscount>1</AllowDiscount>
      <itemStatus>1</itemStatus>
      <LastUpdateDate />
      <LastUpdateTime />
    </Product>
    <Product>
      <PriceUpdateDate>2019/08/21 08:47</PriceUpdateDate>
      <ItemCode>7290000208121</ItemCode>
      <ItemType>1</ItemType>
      <ItemName>סירופ דיאט תות בננה 1 ל</ItemName>
      <ManufactureName>זנלכל בעמ</ManufactureName>
      <ManufactureCountry />
      <ManufactureItemDescription />
      <UnitQty>י"ח</UnitQty>
      <Quantity>1</Quantity>
      <UnitMeasure>ליטר</UnitMeasure>
      <BisWeighted>0</BisWeighted>
      <QtyInPackage>1</QtyInPackage>
      <ItemPrice>7.50</ItemPrice>
      <UnitOfMeasurePrice>7.50</UnitOfMeasurePrice>
      <AllowDiscount>1</AllowDiscount>
      <itemStatus>1</itemStatus>
      <LastUpdateDate />
      <LastUpdateTime />
    </Product>
    <Product>
      <PriceUpdateDate>2019/08/21 08:47</PriceUpdateDate>
      <ItemCode>7290000208138</ItemCode>
      <ItemType>1</ItemType>
      <ItemName>סירופ דיאט ענבים 1 ליטר</ItemName>
      <ManufactureName>זנלכל בעמ</ManufactureName>
      <ManufactureCountry />
      <ManufactureItemDescription />
      <UnitQty>י"ח</UnitQty>
      <Quantity>1</Quantity>
      <UnitMeasure>ליטר</UnitMeasure>
      <BisWeighted>0</BisWeighted>
      <QtyInPackage>1</QtyInPackage>
      <ItemPrice>7.50</ItemPrice>
      <UnitOfMeasurePrice>7.50</UnitOfMeasurePrice>
      <AllowDiscount>1</AllowDiscount>
      <itemStatus>1</itemStatus>
      <LastUpdateDate />
      <LastUpdateTime />
    </Product>
    <Product>
      <PriceUpdateDate>2018/05/24 14:20</PriceUpdateDate>
      <ItemCode>7290000208213</ItemCode>
      <ItemType>1</ItemType>
      <ItemName>שעועית אפויה A2</ItemName>
      <ManufactureName>זנלכל בעמ</ManufactureName>
      <ManufactureCountry />
      <ManufactureItemDescription />
      <UnitQty>י"ח</UnitQty>
      <Quantity>580</Quantity>
      <UnitMeasure>ל  גרם</UnitMeasure>
      <BisWeighted>0</BisWeighted>
      <QtyInPackage>1</QtyInPackage>
      <ItemPrice>5.90</ItemPrice>
      <UnitOfMeasurePrice>1.02</UnitOfMeasurePrice>
      <AllowDiscount>1</AllowDiscount>
      <itemStatus>1</itemStatus>
      <LastUpdateDate />
      <LastUpdateTime />
    </Product>
    <Product>
      <PriceUpdateDate>2014/08/03 08:46</PriceUpdateDate>
      <ItemCode>7290000208329</ItemCode>
      <ItemType>1</ItemType>
      <ItemName>תירס A2 יכין</ItemName>
      <ManufactureName>זנלכל בעמ</ManufactureName>
      <ManufactureCountry />
      <ManufactureItemDescription />
      <UnitQty>י"ח</UnitQty>
      <Quantity>550</Quantity>
      <UnitMeasure>ל  גרם</UnitMeasure>
      <BisWeighted>0</BisWeighted>
      <QtyInPackage>1</QtyInPackage>
      <ItemPrice>5.90</ItemPrice>
      <UnitOfMeasurePrice>1.07</UnitOfMeasurePrice>
      <AllowDiscount>1</AllowDiscount>
      <itemStatus>1</itemStatus>
      <LastUpdateDate />
      <LastUpdateTime />
    </Product>
    <Product>
      <PriceUpdateDate>2019/08/28 13:26</PriceUpdateDate>
      <ItemCode>7290000208343</ItemCode>
      <ItemType>1</ItemType>
      <ItemName>עגב.מרוסקות עם שום 900גר.</ItemName>
      <ManufactureName>זנלכל בעמ</ManufactureName>
      <ManufactureCountry />
      <ManufactureItemDescription />
      <UnitQty>י"ח</UnitQty>
      <Quantity>900</Quantity>
      <UnitMeasure>ל  גרם</UnitMeasure>
      <BisWeighted>0</BisWeighted>
      <QtyInPackage>1</QtyInPackage>
      <ItemPrice>6.90</ItemPrice>
      <UnitOfMeasurePrice>0.77</UnitOfMeasurePrice>
      <AllowDiscount>1</AllowDiscount>
      <itemStatus>1</itemStatus>
      <LastUpdateDate />
      <LastUpdateTime />
    </Product>
    <Product>
      <PriceUpdateDate>2019/08/28 13:26</PriceUpdateDate>
      <ItemCode>7290000208350</ItemCode>
      <ItemType>1</ItemType>
      <ItemName>עגבניות מרוסקות עם בצל 800</ItemName>
      <ManufactureName>זנלכל בעמ</ManufactureName>
      <ManufactureCountry />
      <ManufactureItemDescription />
      <UnitQty>י"ח</UnitQty>
      <Quantity>900</Quantity>
      <UnitMeasure>ל  גרם</UnitMeasure>
      <BisWeighted>0</BisWeighted>
      <QtyInPackage>1</QtyInPackage>
      <ItemPrice>6.90</ItemPrice>
      <UnitOfMeasurePrice>0.77</UnitOfMeasurePrice>
      <AllowDiscount>1</AllowDiscount>
      <itemStatus>1</itemStatus>
      <LastUpdateDate />
      <LastUpdateTime />
    </Product>
    <Product>
      <PriceUpdateDate>2019/08/28 13:26</PriceUpdateDate>
      <ItemCode>7290000208367</ItemCode>
      <ItemType>1</ItemType>
      <ItemName>עגבניות מרוסקות בזיליקום 800</ItemName>
      <ManufactureName>זנלכל בעמ</ManufactureName>
      <ManufactureCountry />
      <ManufactureItemDescription />
      <UnitQty>י"ח</UnitQty>
      <Quantity>800</Quantity>
      <UnitMeasure>ל  גרם</UnitMeasure>
      <BisWeighted>0</BisWeighted>
      <QtyInPackage>1</QtyInPackage>
      <ItemPrice>6.90</ItemPrice>
      <UnitOfMeasurePrice>0.86</UnitOfMeasurePrice>
      <AllowDiscount>1</AllowDiscount>
      <itemStatus>1</itemStatus>
      <LastUpdateDate />
      <LastUpdateTime />
    </Product>
    <Product>
      <PriceUpdateDate>2019/11/27 07:58</PriceUpdateDate>
      <ItemCode>7290000208428</ItemCode>
      <ItemType>1</ItemType>
      <ItemName>~חומוס גרעינים A2 יכין</ItemName>
      <ManufactureName>זנלכל בעמ</ManufactureName>
      <ManufactureCountry />
      <ManufactureItemDescription />
      <UnitQty>י"ח</UnitQty>
      <Quantity>550</Quantity>
      <UnitMeasure>ל  גרם</UnitMeasure>
      <BisWeighted>0</BisWeighted>
      <QtyInPackage>1</QtyInPackage>
      <ItemPrice>5.90</ItemPrice>
      <UnitOfMeasurePrice>1.07</UnitOfMeasurePrice>
      <AllowDiscount>1</AllowDiscount>
      <itemStatus>1</itemStatus>
      <LastUpdateDate />
      <LastUpdateTime />
    </Product>
    <Product>
      <PriceUpdateDate>2018/12/07 08:41</PriceUpdateDate>
      <ItemCode>209012</ItemCode>
      <ItemType>0</ItemType>
      <ItemName>חומץ 1ליטר]יכין[</ItemName>
      <ManufactureName>זנלכל בעמ</ManufactureName>
      <ManufactureCountry />
      <ManufactureItemDescription />
      <UnitQty>י"ח</UnitQty>
      <Quantity>600</Quantity>
      <UnitMeasure>ל  מ"ל</UnitMeasure>
      <BisWeighted>0</BisWeighted>
      <QtyInPackage>1</QtyInPackage>
      <ItemPrice>6.90</ItemPrice>
      <UnitOfMeasurePrice>1.15</UnitOfMeasurePrice>
      <AllowDiscount>1</AllowDiscount>
      <itemStatus>1</itemStatus>
      <LastUpdateDate />
      <LastUpdateTime />
    </Product>
    <Product>
      <PriceUpdateDate>2017/01/03 11:04</PriceUpdateDate>
      <ItemCode>7290000209043</ItemCode>
      <ItemType>1</ItemType>
      <ItemName>מיץ לימון משומר]יכין[</ItemName>
      <ManufactureName>זנלכל בעמ</ManufactureName>
      <ManufactureCountry />
      <ManufactureItemDescription />
      <UnitQty>י"ח</UnitQty>
      <Quantity>1</Quantity>
      <UnitMeasure>ליטר</UnitMeasure>
      <BisWeighted>0</BisWeighted>
      <QtyInPackage>1</QtyInPackage>
      <ItemPrice>6.90</ItemPrice>
      <UnitOfMeasurePrice>6.90</UnitOfMeasurePrice>
      <AllowDiscount>1</AllowDiscount>
      <itemStatus>1</itemStatus>
      <LastUpdateDate />
      <LastUpdateTime />
    </Product>
    <Product>
      <PriceUpdateDate>2019/08/21 08:47</PriceUpdateDate>
      <ItemCode>7290000209500</ItemCode>
      <ItemType>1</ItemType>
      <ItemName>סירופ דיאט תפוז 1ליטר</ItemName>
      <ManufactureName>זנלכל בעמ</ManufactureName>
      <ManufactureCountry />
      <ManufactureItemDescription />
      <UnitQty>י"ח</UnitQty>
      <Quantity>1</Quantity>
      <UnitMeasure>ליטר</UnitMeasure>
      <BisWeighted>0</BisWeighted>
      <QtyInPackage>1</QtyInPackage>
      <ItemPrice>7.50</ItemPrice>
      <UnitOfMeasurePrice>7.50</UnitOfMeasurePrice>
      <AllowDiscount>1</AllowDiscount>
      <itemStatus>1</itemStatus>
      <LastUpdateDate />
      <LastUpdateTime />
    </Product>
    <Product>
      <PriceUpdateDate>2019/08/21 08:47</PriceUpdateDate>
      <ItemCode>7290000209517</ItemCode>
      <ItemType>1</ItemType>
      <ItemName>סירופ דיאט לימון 1 ליטר</ItemName>
      <ManufactureName>זנלכל בעמ</ManufactureName>
      <ManufactureCountry />
      <ManufactureItemDescription />
      <UnitQty>י"ח</UnitQty>
      <Quantity>1</Quantity>
      <UnitMeasure>ליטר</UnitMeasure>
      <BisWeighted>0</BisWeighted>
      <QtyInPackage>1</QtyInPackage>
      <ItemPrice>7.50</ItemPrice>
      <UnitOfMeasurePrice>7.50</UnitOfMeasurePrice>
      <AllowDiscount>1</AllowDiscount>
      <itemStatus>1</itemStatus>
      <LastUpdateDate />
      <LastUpdateTime />
    </Product>
    <Product>
      <PriceUpdateDate>2019/08/21 08:47</PriceUpdateDate>
      <ItemCode>7290000209524</ItemCode>
      <ItemType>1</ItemType>
      <ItemName>סירופ דיאט פטל 1 ליטר</ItemName>
      <ManufactureName>זנלכל בעמ</ManufactureName>
      <ManufactureCountry />
      <ManufactureItemDescription />
      <UnitQty>י"ח</UnitQty>
      <Quantity>1</Quantity>
      <UnitMeasure>ליטר</UnitMeasure>
      <BisWeighted>0</BisWeighted>
      <QtyInPackage>1</QtyInPackage>
      <ItemPrice>7.50</ItemPrice>
      <UnitOfMeasurePrice>7.50</UnitOfMeasurePrice>
      <AllowDiscount>1</AllowDiscount>
      <itemStatus>1</itemStatus>
      <LastUpdateDate />
      <LastUpdateTime />
    </Product>
    <Product>
      <PriceUpdateDate>2019/08/21 08:47</PriceUpdateDate>
      <ItemCode>7290000209531</ItemCode>
      <ItemType>1</ItemType>
      <ItemName>סירופ דיאט אשכוליות 1 ל</ItemName>
      <ManufactureName>זנלכל בעמ</ManufactureName>
      <ManufactureCountry />
      <ManufactureItemDescription />
      <UnitQty>י"ח</UnitQty>
      <Quantity>1</Quantity>
      <UnitMeasure>ליטר</UnitMeasure>
      <BisWeighted>0</BisWeighted>
      <QtyInPackage>1</QtyInPackage>
      <ItemPrice>7.50</ItemPrice>
      <UnitOfMeasurePrice>7.50</UnitOfMeasurePrice>
      <AllowDiscount>1</AllowDiscount>
      <itemStatus>1</itemStatus>
      <LastUpdateDate />
      <LastUpdateTime />
    </Product>
    <Product>
      <PriceUpdateDate>2019/08/21 08:47</PriceUpdateDate>
      <ItemCode>7290000209555</ItemCode>
      <ItemType>1</ItemType>
      <ItemName>סירופ דיאט תפוח עץ 1 ליטר</ItemName>
      <ManufactureName>זנלכל בעמ</ManufactureName>
      <ManufactureCountry />
      <ManufactureItemDescription />
      <UnitQty>י"ח</UnitQty>
      <Quantity>1</Quantity>
      <UnitMeasure>ליטר</UnitMeasure>
      <BisWeighted>0</BisWeighted>
      <QtyInPackage>1</QtyInPackage>
      <ItemPrice>7.50</ItemPrice>
      <UnitOfMeasurePrice>7.50</UnitOfMeasurePrice>
      <AllowDiscount>1</AllowDiscount>
      <itemStatus>1</itemStatus>
      <LastUpdateDate />
      <LastUpdateTime />
    </Product>
    <Product>
      <PriceUpdateDate>2019/08/21 08:47</PriceUpdateDate>
      <ItemCode>7290000209562</ItemCode>
      <ItemType>1</ItemType>
      <ItemName>סירופ דיאט מנגו 1 ליטר</ItemName>
      <ManufactureName>זנלכל בעמ</ManufactureName>
      <ManufactureCountry />
      <ManufactureItemDescription />
      <UnitQty>י"ח</UnitQty>
      <Quantity>1</Quantity>
      <UnitMeasure>ליטר</UnitMeasure>
      <BisWeighted>0</BisWeighted>
      <QtyInPackage>1</QtyInPackage>
      <ItemPrice>7.50</ItemPrice>
      <UnitOfMeasurePrice>7.50</UnitOfMeasurePrice>
      <AllowDiscount>1</AllowDiscount>
      <itemStatus>1</itemStatus>
      <LastUpdateDate />
      <LastUpdateTime />
    </Product>
    <Product>
      <PriceUpdateDate>2019/08/21 08:47</PriceUpdateDate>
      <ItemCode>7290000209579</ItemCode>
      <ItemType>1</ItemType>
      <ItemName>סירופ דיאט אננס 1 ליטר</ItemName>
      <ManufactureName>זנלכל בעמ</ManufactureName>
      <ManufactureCountry />
      <ManufactureItemDescription />
      <UnitQty>י"ח</UnitQty>
      <Quantity>1</Quantity>
      <UnitMeasure>ליטר</UnitMeasure>
      <BisWeighted>0</BisWeighted>
      <QtyInPackage>1</QtyInPackage>
      <ItemPrice>7.50</ItemPrice>
      <UnitOfMeasurePrice>7.50</UnitOfMeasurePrice>
      <AllowDiscount>1</AllowDiscount>
      <itemStatus>1</itemStatus>
      <LastUpdateDate />
      <LastUpdateTime />
    </Product>
    <Product>
      <PriceUpdateDate>2019/08/21 08:47</PriceUpdateDate>
      <ItemCode>7290000209586</ItemCode>
      <ItemType>1</ItemType>
      <ItemName>סירופ דיאט תות 1 ליטר</ItemName>
      <ManufactureName>זנלכל בעמ</ManufactureName>
      <ManufactureCountry />
      <ManufactureItemDescription />
      <UnitQty>י"ח</UnitQty>
      <Quantity>1</Quantity>
      <UnitMeasure>ליטר</UnitMeasure>
      <BisWeighted>0</BisWeighted>
      <QtyInPackage>1</QtyInPackage>
      <ItemPrice>7.50</ItemPrice>
      <UnitOfMeasurePrice>7.50</UnitOfMeasurePrice>
      <AllowDiscount>1</AllowDiscount>
      <itemStatus>1</itemStatus>
      <LastUpdateDate />
      <LastUpdateTime />
    </Product>
    <Product>
      <PriceUpdateDate>2019/08/28 13:26</PriceUpdateDate>
      <ItemCode>210469</ItemCode>
      <ItemType>0</ItemType>
      <ItemName>עגב. שלמות A2.5 יכין</ItemName>
      <ManufactureName>זנלכל בעמ</ManufactureName>
      <ManufactureCountry />
      <ManufactureItemDescription />
      <UnitQty>י"ח</UnitQty>
      <Quantity>800</Quantity>
      <UnitMeasure>ל  מ"ל</UnitMeasure>
      <BisWeighted>0</BisWeighted>
      <QtyInPackage>1</QtyInPackage>
      <ItemPrice>6.90</ItemPrice>
      <UnitOfMeasurePrice>0.86</UnitOfMeasurePrice>
      <AllowDiscount>1</AllowDiscount>
      <itemStatus>1</itemStatus>
      <LastUpdateDate />
      <LastUpdateTime />
    </Product>
    <Product>
      <PriceUpdateDate>2018/07/03 09:34</PriceUpdateDate>
      <ItemCode>7290000211169</ItemCode>
      <ItemType>1</ItemType>
      <ItemName>אורז תאילנדי סוגת 1 ק"ג</ItemName>
      <ManufactureName>סוגת תעשיות בעמ</ManufactureName>
      <ManufactureCountry />
      <ManufactureItemDescription />
      <UnitQty>י"ח</UnitQty>
      <Quantity>1</Quantity>
      <UnitMeasure>ק"ג</UnitMeasure>
      <BisWeighted>0</BisWeighted>
      <QtyInPackage>1</QtyInPackage>
      <ItemPrice>5.90</ItemPrice>
      <UnitOfMeasurePrice>5.90</UnitOfMeasurePrice>
      <AllowDiscount>1</AllowDiscount>
      <itemStatus>1</itemStatus>
      <LastUpdateDate />
      <LastUpdateTime />
    </Product>
    <Product>
      <PriceUpdateDate>2019/02/13 13:33</PriceUpdateDate>
      <ItemCode>7290000211374</ItemCode>
      <ItemType>1</ItemType>
      <ItemName>קמח מלא 1  ק"ג]סוגת[</ItemName>
      <ManufactureName>סוגת תעשיות בעמ</ManufactureName>
      <ManufactureCountry />
      <ManufactureItemDescription />
      <UnitQty>י"ח</UnitQty>
      <Quantity>1</Quantity>
      <UnitMeasure>ק"ג</UnitMeasure>
      <BisWeighted>0</BisWeighted>
      <QtyInPackage>1</QtyInPackage>
      <ItemPrice>5.90</ItemPrice>
      <UnitOfMeasurePrice>5.90</UnitOfMeasurePrice>
      <AllowDiscount>1</AllowDiscount>
      <itemStatus>1</itemStatus>
      <LastUpdateDate />
      <LastUpdateTime />
    </Product>
    <Product>
      <PriceUpdateDate>2015/02/03 11:40</PriceUpdateDate>
      <ItemCode>7290000211626</ItemCode>
      <ItemType>1</ItemType>
      <ItemName>חיש אורז 1 ק"ג</ItemName>
      <ManufactureName>סוגת תעשיות בעמ</ManufactureName>
      <ManufactureCountry />
      <ManufactureItemDescription />
      <UnitQty>י"ח</UnitQty>
      <Quantity>1</Quantity>
      <UnitMeasure>ק"ג</UnitMeasure>
      <BisWeighted>0</BisWeighted>
      <QtyInPackage>1</QtyInPackage>
      <ItemPrice>12.90</ItemPrice>
      <UnitOfMeasurePrice>12.90</UnitOfMeasurePrice>
      <AllowDiscount>1</AllowDiscount>
      <itemStatus>1</itemStatus>
      <LastUpdateDate />
      <LastUpdateTime />
    </Product>
    <Product>
      <PriceUpdateDate>2019/06/24 08:38</PriceUpdateDate>
      <ItemCode>7290000238029</ItemCode>
      <ItemType>1</ItemType>
      <ItemName>בצק עלים  צרפתי מעדנות 1 קג</ItemName>
      <ManufactureName>תנובה בשר</ManufactureName>
      <ManufactureCountry />
      <ManufactureItemDescription />
      <UnitQty>י"ח</UnitQty>
      <Quantity>1</Quantity>
      <UnitMeasure>ק"ג</UnitMeasure>
      <BisWeighted>0</BisWeighted>
      <QtyInPackage>1</QtyInPackage>
      <ItemPrice>21.90</ItemPrice>
      <UnitOfMeasurePrice>21.90</UnitOfMeasurePrice>
      <AllowDiscount>1</AllowDiscount>
      <itemStatus>1</itemStatus>
      <LastUpdateDate />
      <LastUpdateTime />
    </Product>
    <Product>
      <PriceUpdateDate>2017/11/30 14:38</PriceUpdateDate>
      <ItemCode>7290000238173</ItemCode>
      <ItemType>1</ItemType>
      <ItemName>בורקס גבינה מעדנות 800 ג`</ItemName>
      <ManufactureName>תנובה בשר</ManufactureName>
      <ManufactureCountry />
      <ManufactureItemDescription />
      <UnitQty>י"ח</UnitQty>
      <Quantity>800</Quantity>
      <UnitMeasure>ל  גרם</UnitMeasure>
      <BisWeighted>0</BisWeighted>
      <QtyInPackage>1</QtyInPackage>
      <ItemPrice>19.90</ItemPrice>
      <UnitOfMeasurePrice>2.49</UnitOfMeasurePrice>
      <AllowDiscount>1</AllowDiscount>
      <itemStatus>1</itemStatus>
      <LastUpdateDate />
      <LastUpdateTime />
    </Product>
    <Product>
      <PriceUpdateDate>2014/01/03 13:46</PriceUpdateDate>
      <ItemCode>7290000238180</ItemCode>
      <ItemType>1</ItemType>
      <ItemName>בורקס מעדנות תפו"א</ItemName>
      <ManufactureName>תנובה בשר</ManufactureName>
      <ManufactureCountry />
      <ManufactureItemDescription />
      <UnitQty>י"ח</UnitQty>
      <Quantity>800</Quantity>
      <UnitMeasure>ל  גרם</UnitMeasure>
      <BisWeighted>0</BisWeighted>
      <QtyInPackage>1</QtyInPackage>
      <ItemPrice>19.90</ItemPrice>
      <UnitOfMeasurePrice>2.49</UnitOfMeasurePrice>
      <AllowDiscount>1</AllowDiscount>
      <itemStatus>1</itemStatus>
      <LastUpdateDate />
      <LastUpdateTime />
    </Product>
    <Product>
      <PriceUpdateDate>2014/01/03 13:46</PriceUpdateDate>
      <ItemCode>7290000239941</ItemCode>
      <ItemType>1</ItemType>
      <ItemName>מלווח חיסכוני 1.4 ק"ג</ItemName>
      <ManufactureName>תנובה בשר</ManufactureName>
      <ManufactureCountry />
      <ManufactureItemDescription />
      <UnitQty>י"ח</UnitQty>
      <Quantity>1.40</Quantity>
      <UnitMeasure>ק"ג</UnitMeasure>
      <BisWeighted>0</BisWeighted>
      <QtyInPackage>1</QtyInPackage>
      <ItemPrice>27.90</ItemPrice>
      <UnitOfMeasurePrice>19.93</UnitOfMeasurePrice>
      <AllowDiscount>1</AllowDiscount>
      <itemStatus>1</itemStatus>
      <LastUpdateDate />
      <LastUpdateTime />
    </Product>
    <Product>
      <PriceUpdateDate>2018/07/15 13:33</PriceUpdateDate>
      <ItemCode>7290000240541</ItemCode>
      <ItemType>1</ItemType>
      <ItemName>ריבועי בצק עלים</ItemName>
      <ManufactureName>תנובה בשר</ManufactureName>
      <ManufactureCountry />
      <ManufactureItemDescription />
      <UnitQty>י"ח</UnitQty>
      <Quantity>800</Quantity>
      <UnitMeasure>ל  גרם</UnitMeasure>
      <BisWeighted>0</BisWeighted>
      <QtyInPackage>1</QtyInPackage>
      <ItemPrice>24.90</ItemPrice>
      <UnitOfMeasurePrice>3.11</UnitOfMeasurePrice>
      <AllowDiscount>1</AllowDiscount>
      <itemStatus>1</itemStatus>
      <LastUpdateDate />
      <LastUpdateTime />
    </Product>
    <Product>
      <PriceUpdateDate>2018/07/15 13:33</PriceUpdateDate>
      <ItemCode>7290000240558</ItemCode>
      <ItemType>1</ItemType>
      <ItemName>בלינצ ס עלים</ItemName>
      <ManufactureName>תנובה בשר</ManufactureName>
      <ManufactureCountry />
      <ManufactureItemDescription />
      <UnitQty>י"ח</UnitQty>
      <Quantity>700</Quantity>
      <UnitMeasure>ל  גרם</UnitMeasure>
      <BisWeighted>0</BisWeighted>
      <QtyInPackage>1</QtyInPackage>
      <ItemPrice>28.90</ItemPrice>
      <UnitOfMeasurePrice>4.13</UnitOfMeasurePrice>
      <AllowDiscount>1</AllowDiscount>
      <itemStatus>1</itemStatus>
      <LastUpdateDate />
      <LastUpdateTime />
    </Product>
    <Product>
      <PriceUpdateDate>2019/02/10 11:26</PriceUpdateDate>
      <ItemCode>7290000244051</ItemCode>
      <ItemType>1</ItemType>
      <ItemName>הוואי  אל סבון  נוזלי טרופי 3*500 מ"ל</ItemName>
      <ManufactureName>הנקל סוד בעמ</ManufactureName>
      <ManufactureCountry />
      <ManufactureItemDescription />
      <UnitQty>י"ח</UnitQty>
      <Quantity>1.50</Quantity>
      <UnitMeasure>ליטר</UnitMeasure>
      <BisWeighted>0</BisWeighted>
      <QtyInPackage>1</QtyInPackage>
      <ItemPrice>17.90</ItemPrice>
      <UnitOfMeasurePrice>11.93</UnitOfMeasurePrice>
      <AllowDiscount>1</AllowDiscount>
      <itemStatus>1</itemStatus>
      <LastUpdateDate />
      <LastUpdateTime />
    </Product>
    <Product>
      <PriceUpdateDate>2013/12/24 14:34</PriceUpdateDate>
      <ItemCode>7290000244075</ItemCode>
      <ItemType>1</ItemType>
      <ItemName>סבון נוזלי שלישיה 500 מ"ל</ItemName>
      <ManufactureName>הנקל סוד בעמ</ManufactureName>
      <ManufactureCountry />
      <ManufactureItemDescription />
      <UnitQty>י"ח</UnitQty>
      <Quantity>1.50</Quantity>
      <UnitMeasure>ליטר</UnitMeasure>
      <BisWeighted>0</BisWeighted>
      <QtyInPackage>1</QtyInPackage>
      <ItemPrice>21</ItemPrice>
      <UnitOfMeasurePrice>14</UnitOfMeasurePrice>
      <AllowDiscount>1</AllowDiscount>
      <itemStatus>1</itemStatus>
      <LastUpdateDate />
      <LastUpdateTime />
    </Product>
    <Product>
      <PriceUpdateDate>2019/02/10 11:26</PriceUpdateDate>
      <ItemCode>7290000244082</ItemCode>
      <ItemType>1</ItemType>
      <ItemName>הוואי אל סבון נוזלי   500 מ"ל*3</ItemName>
      <ManufactureName>הנקל סוד בעמ</ManufactureName>
      <ManufactureCountry />
      <ManufactureItemDescription />
      <UnitQty>י"ח</UnitQty>
      <Quantity>1.50</Quantity>
      <UnitMeasure>ליטר</UnitMeasure>
      <BisWeighted>0</BisWeighted>
      <QtyInPackage>1</QtyInPackage>
      <ItemPrice>17.90</ItemPrice>
      <UnitOfMeasurePrice>11.93</UnitOfMeasurePrice>
      <AllowDiscount>1</AllowDiscount>
      <itemStatus>1</itemStatus>
      <LastUpdateDate />
      <LastUpdateTime />
    </Product>
    <Product>
      <PriceUpdateDate>2014/04/30 16:55</PriceUpdateDate>
      <ItemCode>7290000244112</ItemCode>
      <ItemType>1</ItemType>
      <ItemName>שמפו הוואי ורוד</ItemName>
      <ManufactureName>הנקל סוד בעמ</ManufactureName>
      <ManufactureCountry />
      <ManufactureItemDescription />
      <UnitQty>י"ח</UnitQty>
      <Quantity>700</Quantity>
      <UnitMeasure>ל  מ"ל</UnitMeasure>
      <BisWeighted>0</BisWeighted>
      <QtyInPackage>1</QtyInPackage>
      <ItemPrice>12.90</ItemPrice>
      <UnitOfMeasurePrice>1.84</UnitOfMeasurePrice>
      <AllowDiscount>1</AllowDiscount>
      <itemStatus>1</itemStatus>
      <LastUpdateDate />
      <LastUpdateTime />
    </Product>
    <Product>
      <PriceUpdateDate>2014/04/30 16:55</PriceUpdateDate>
      <ItemCode>7290000244129</ItemCode>
      <ItemType>1</ItemType>
      <ItemName>קונדישינר הוואי</ItemName>
      <ManufactureName>הנקל סוד בעמ</ManufactureName>
      <ManufactureCountry />
      <ManufactureItemDescription />
      <UnitQty>י"ח</UnitQty>
      <Quantity>700</Quantity>
      <UnitMeasure>ל  מ"ל</UnitMeasure>
      <BisWeighted>0</BisWeighted>
      <QtyInPackage>1</QtyInPackage>
      <ItemPrice>12.90</ItemPrice>
      <UnitOfMeasurePrice>1.84</UnitOfMeasurePrice>
      <AllowDiscount>1</AllowDiscount>
      <itemStatus>1</itemStatus>
      <LastUpdateDate />
      <LastUpdateTime />
    </Product>
    <Product>
      <PriceUpdateDate>2019/09/02 08:10</PriceUpdateDate>
      <ItemCode>7290000245058</ItemCode>
      <ItemType>1</ItemType>
      <ItemName>מרכך  כביסה]סוד[</ItemName>
      <ManufactureName>גורי שיווק בעמ</ManufactureName>
      <ManufactureCountry />
      <ManufactureItemDescription />
      <UnitQty>י"ח</UnitQty>
      <Quantity>4</Quantity>
      <UnitMeasure>ליטר</UnitMeasure>
      <BisWeighted>0</BisWeighted>
      <QtyInPackage>1</QtyInPackage>
      <ItemPrice>18.90</ItemPrice>
      <UnitOfMeasurePrice>4.73</UnitOfMeasurePrice>
      <AllowDiscount>1</AllowDiscount>
      <itemStatus>1</itemStatus>
      <LastUpdateDate />
      <LastUpdateTime />
    </Product>
    <Product>
      <PriceUpdateDate>2019/07/10 10:51</PriceUpdateDate>
      <ItemCode>7290000245072</ItemCode>
      <ItemType>1</ItemType>
      <ItemName>מרכך כביסה לתינוק 4 ליטר</ItemName>
      <ManufactureName>גורי שיווק בעמ</ManufactureName>
      <ManufactureCountry />
      <ManufactureItemDescription />
      <UnitQty>י"ח</UnitQty>
      <Quantity>4</Quantity>
      <UnitMeasure>ליטר</UnitMeasure>
      <BisWeighted>0</BisWeighted>
      <QtyInPackage>1</QtyInPackage>
      <ItemPrice>16.90</ItemPrice>
      <UnitOfMeasurePrice>4.23</UnitOfMeasurePrice>
      <AllowDiscount>1</AllowDiscount>
      <itemStatus>1</itemStatus>
      <LastUpdateDate />
      <LastUpdateTime />
    </Product>
    <Product>
      <PriceUpdateDate>2019/09/02 08:10</PriceUpdateDate>
      <ItemCode>7290000245089</ItemCode>
      <ItemType>1</ItemType>
      <ItemName>מרכך כביסה סוד 4 ליטר</ItemName>
      <ManufactureName>גורי שיווק בעמ</ManufactureName>
      <ManufactureCountry />
      <ManufactureItemDescription />
      <UnitQty>י"ח</UnitQty>
      <Quantity>4</Quantity>
      <UnitMeasure>ליטר</UnitMeasure>
      <BisWeighted>0</BisWeighted>
      <QtyInPackage>1</QtyInPackage>
      <ItemPrice>18.90</ItemPrice>
      <UnitOfMeasurePrice>4.73</UnitOfMeasurePrice>
      <AllowDiscount>1</AllowDiscount>
      <itemStatus>1</itemStatus>
      <LastUpdateDate />
      <LastUpdateTime />
    </Product>
    <Product>
      <PriceUpdateDate>2019/09/02 08:10</PriceUpdateDate>
      <ItemCode>7290000245157</ItemCode>
      <ItemType>1</ItemType>
      <ItemName>מרכך כביסה סוד 4 ל</ItemName>
      <ManufactureName>גורי שיווק בעמ</ManufactureName>
      <ManufactureCountry />
      <ManufactureItemDescription />
      <UnitQty>י"ח</UnitQty>
      <Quantity>4</Quantity>
      <UnitMeasure>ליטר</UnitMeasure>
      <BisWeighted>0</BisWeighted>
      <QtyInPackage>1</QtyInPackage>
      <ItemPrice>18.90</ItemPrice>
      <UnitOfMeasurePrice>4.73</UnitOfMeasurePrice>
      <AllowDiscount>1</AllowDiscount>
      <itemStatus>1</itemStatus>
      <LastUpdateDate />
      <LastUpdateTime />
    </Product>
    <Product>
      <PriceUpdateDate>2019/09/02 08:10</PriceUpdateDate>
      <ItemCode>7290000245737</ItemCode>
      <ItemType>1</ItemType>
      <ItemName>מרכך כביסה סוד צהוב 4 ל</ItemName>
      <ManufactureName>גורי שיווק בעמ</ManufactureName>
      <ManufactureCountry />
      <ManufactureItemDescription />
      <UnitQty>י"ח</UnitQty>
      <Quantity>4</Quantity>
      <UnitMeasure>ליטר</UnitMeasure>
      <BisWeighted>0</BisWeighted>
      <QtyInPackage>1</QtyInPackage>
      <ItemPrice>18.90</ItemPrice>
      <UnitOfMeasurePrice>4.73</UnitOfMeasurePrice>
      <AllowDiscount>1</AllowDiscount>
      <itemStatus>1</itemStatus>
      <LastUpdateDate />
      <LastUpdateTime />
    </Product>
    <Product>
      <PriceUpdateDate>2019/09/02 08:10</PriceUpdateDate>
      <ItemCode>7290000245782</ItemCode>
      <ItemType>1</ItemType>
      <ItemName>מרכך כביסה סוד ורוד 4 ליטר</ItemName>
      <ManufactureName>גורי שיווק בעמ</ManufactureName>
      <ManufactureCountry />
      <ManufactureItemDescription />
      <UnitQty>י"ח</UnitQty>
      <Quantity>4</Quantity>
      <UnitMeasure>ליטר</UnitMeasure>
      <BisWeighted>0</BisWeighted>
      <QtyInPackage>1</QtyInPackage>
      <ItemPrice>18.90</ItemPrice>
      <UnitOfMeasurePrice>4.73</UnitOfMeasurePrice>
      <AllowDiscount>1</AllowDiscount>
      <itemStatus>1</itemStatus>
      <LastUpdateDate />
      <LastUpdateTime />
    </Product>
    <Product>
      <PriceUpdateDate>2019/09/02 08:10</PriceUpdateDate>
      <ItemCode>7290000245799</ItemCode>
      <ItemType>1</ItemType>
      <ItemName>מרכך כביסה כחול 4 ליטר</ItemName>
      <ManufactureName>גורי שיווק בעמ</ManufactureName>
      <ManufactureCountry />
      <ManufactureItemDescription />
      <UnitQty>י"ח</UnitQty>
      <Quantity>4</Quantity>
      <UnitMeasure>ליטר</UnitMeasure>
      <BisWeighted>0</BisWeighted>
      <QtyInPackage>1</QtyInPackage>
      <ItemPrice>18.90</ItemPrice>
      <UnitOfMeasurePrice>4.73</UnitOfMeasurePrice>
      <AllowDiscount>1</AllowDiscount>
      <itemStatus>1</itemStatus>
      <LastUpdateDate />
      <LastUpdateTime />
    </Product>
    <Product>
      <PriceUpdateDate>2018/12/11 16:06</PriceUpdateDate>
      <ItemCode>7290000255897</ItemCode>
      <ItemType>1</ItemType>
      <ItemName>שוקולד חלב עם פצפוצים</ItemName>
      <ManufactureName>שטראוס גרופ בעמ</ManufactureName>
      <ManufactureCountry />
      <ManufactureItemDescription />
      <UnitQty>י"ח</UnitQty>
      <Quantity>100</Quantity>
      <UnitMeasure>ל  גרם</UnitMeasure>
      <BisWeighted>0</BisWeighted>
      <QtyInPackage>1</QtyInPackage>
      <ItemPrice>5.90</ItemPrice>
      <UnitOfMeasurePrice>5.90</UnitOfMeasurePrice>
      <AllowDiscount>1</AllowDiscount>
      <itemStatus>1</itemStatus>
      <LastUpdateDate />
      <LastUpdateTime />
    </Product>
    <Product>
      <PriceUpdateDate>2019/01/25 08:08</PriceUpdateDate>
      <ItemCode>262871</ItemCode>
      <ItemType>0</ItemType>
      <ItemName>טיטולים פרמיום שלב 6</ItemName>
      <ManufactureName>קימברלי קלארק ישראל שיווק בעמ</ManufactureName>
      <ManufactureCountry />
      <ManufactureItemDescription />
      <UnitQty>י"ח</UnitQty>
      <Quantity>1</Quantity>
      <UnitMeasure>י"ח</UnitMeasure>
      <BisWeighted>0</BisWeighted>
      <QtyInPackage>1</QtyInPackage>
      <ItemPrice>34.90</ItemPrice>
      <UnitOfMeasurePrice>34.90</UnitOfMeasurePrice>
      <AllowDiscount>1</AllowDiscount>
      <itemStatus>1</itemStatus>
      <LastUpdateDate />
      <LastUpdateTime />
    </Product>
    <Product>
      <PriceUpdateDate>2019/06/07 09:10</PriceUpdateDate>
      <ItemCode>263724</ItemCode>
      <ItemType>0</ItemType>
      <ItemName>טיטולים  מקסי+</ItemName>
      <ManufactureName>קימברלי קלארק ישראל שיווק בעמ</ManufactureName>
      <ManufactureCountry />
      <ManufactureItemDescription />
      <UnitQty>י"ח</UnitQty>
      <Quantity>1</Quantity>
      <UnitMeasure>י"ח</UnitMeasure>
      <BisWeighted>0</BisWeighted>
      <QtyInPackage>1</QtyInPackage>
      <ItemPrice>34.90</ItemPrice>
      <UnitOfMeasurePrice>34.90</UnitOfMeasurePrice>
      <AllowDiscount>1</AllowDiscount>
      <itemStatus>1</itemStatus>
      <LastUpdateDate />
      <LastUpdateTime />
    </Product>
    <Product>
      <PriceUpdateDate>2019/06/07 09:10</PriceUpdateDate>
      <ItemCode>263731</ItemCode>
      <ItemType>0</ItemType>
      <ItemName>טיטולים ג`וניור</ItemName>
      <ManufactureName>קימברלי קלארק ישראל שיווק בעמ</ManufactureName>
      <ManufactureCountry />
      <ManufactureItemDescription />
      <UnitQty>י"ח</UnitQty>
      <Quantity>1</Quantity>
      <UnitMeasure>י"ח</UnitMeasure>
      <BisWeighted>0</BisWeighted>
      <QtyInPackage>1</QtyInPackage>
      <ItemPrice>34.90</ItemPrice>
      <UnitOfMeasurePrice>34.90</UnitOfMeasurePrice>
      <AllowDiscount>1</AllowDiscount>
      <itemStatus>1</itemStatus>
      <LastUpdateDate />
      <LastUpdateTime />
    </Product>
    <Product>
      <PriceUpdateDate>2017/11/09 09:34</PriceUpdateDate>
      <ItemCode>4015000280211</ItemCode>
      <ItemType>1</ItemType>
      <ItemName>פה רול לימון</ItemName>
      <ManufactureName>הנקל סוד בעמ</ManufactureName>
      <ManufactureCountry />
      <ManufactureItemDescription />
      <UnitQty>י"ח</UnitQty>
      <Quantity>50</Quantity>
      <UnitMeasure>ל  מ"ל</UnitMeasure>
      <BisWeighted>0</BisWeighted>
      <QtyInPackage>1</QtyInPackage>
      <ItemPrice>10.90</ItemPrice>
      <UnitOfMeasurePrice>21.80</UnitOfMeasurePrice>
      <AllowDiscount>1</AllowDiscount>
      <itemStatus>1</itemStatus>
      <LastUpdateDate />
      <LastUpdateTime />
    </Product>
    <Product>
      <PriceUpdateDate>2017/11/09 09:34</PriceUpdateDate>
      <ItemCode>4015000280372</ItemCode>
      <ItemType>1</ItemType>
      <ItemName>פה רול פור מאן</ItemName>
      <ManufactureName>הנקל סוד בעמ</ManufactureName>
      <ManufactureCountry />
      <ManufactureItemDescription />
      <UnitQty>י"ח</UnitQty>
      <Quantity>50</Quantity>
      <UnitMeasure>ל  מ"ל</UnitMeasure>
      <BisWeighted>0</BisWeighted>
      <QtyInPackage>1</QtyInPackage>
      <ItemPrice>10.90</ItemPrice>
      <UnitOfMeasurePrice>21.80</UnitOfMeasurePrice>
      <AllowDiscount>1</AllowDiscount>
      <itemStatus>1</itemStatus>
      <LastUpdateDate />
      <LastUpdateTime />
    </Product>
    <Product>
      <PriceUpdateDate>2013/12/04 14:40</PriceUpdateDate>
      <ItemCode>7290000285849</ItemCode>
      <ItemType>1</ItemType>
      <ItemName>סודה 1.5 ליטר</ItemName>
      <ManufactureName>יפאורה שותפות מוגבלת לשיווק</ManufactureName>
      <ManufactureCountry />
      <ManufactureItemDescription />
      <UnitQty>י"ח</UnitQty>
      <Quantity>1.50</Quantity>
      <UnitMeasure>ליטר</UnitMeasure>
      <BisWeighted>0</BisWeighted>
      <QtyInPackage>1</QtyInPackage>
      <ItemPrice>4</ItemPrice>
      <UnitOfMeasurePrice>2.67</UnitOfMeasurePrice>
      <AllowDiscount>1</AllowDiscount>
      <itemStatus>1</itemStatus>
      <LastUpdateDate />
      <LastUpdateTime />
    </Product>
    <Product>
      <PriceUpdateDate>2019/12/04 13:48</PriceUpdateDate>
      <ItemCode>7290000286549</ItemCode>
      <ItemType>1</ItemType>
      <ItemName>מטליות רב שימוש סנו סושי 9 יחידות</ItemName>
      <ManufactureName>החב הדרומית לשיווק</ManufactureName>
      <ManufactureCountry />
      <ManufactureItemDescription />
      <UnitQty>י"ח</UnitQty>
      <Quantity>9</Quantity>
      <UnitMeasure>י"ח</UnitMeasure>
      <BisWeighted>0</BisWeighted>
      <QtyInPackage>1</QtyInPackage>
      <ItemPrice>10.90</ItemPrice>
      <UnitOfMeasurePrice>1.21</UnitOfMeasurePrice>
      <AllowDiscount>1</AllowDiscount>
      <itemStatus>1</itemStatus>
      <LastUpdateDate />
      <LastUpdateTime />
    </Product>
    <Product>
      <PriceUpdateDate>2015/12/14 10:48</PriceUpdateDate>
      <ItemCode>7290000287799</ItemCode>
      <ItemType>1</ItemType>
      <ItemName>סנפרש יבש</ItemName>
      <ManufactureName>החב הדרומית לשיווק</ManufactureName>
      <ManufactureCountry />
      <ManufactureItemDescription />
      <UnitQty>י"ח</UnitQty>
      <Quantity>375</Quantity>
      <UnitMeasure>ל  מ"ל</UnitMeasure>
      <BisWeighted>0</BisWeighted>
      <QtyInPackage>1</QtyInPackage>
      <ItemPrice>10.90</ItemPrice>
      <UnitOfMeasurePrice>2.91</UnitOfMeasurePrice>
      <AllowDiscount>1</AllowDiscount>
      <itemStatus>1</itemStatus>
      <LastUpdateDate />
      <LastUpdateTime />
    </Product>
    <Product>
      <PriceUpdateDate>2020/01/09 08:46</PriceUpdateDate>
      <ItemCode>7290000289472</ItemCode>
      <ItemType>1</ItemType>
      <ItemName>שקיות לפח אשפה 50יח ענק</ItemName>
      <ManufactureName>החב הדרומית לשיווק</ManufactureName>
      <ManufactureCountry />
      <ManufactureItemDescription />
      <UnitQty>י"ח</UnitQty>
      <Quantity>1</Quantity>
      <UnitMeasure />
      <BisWeighted>0</BisWeighted>
      <QtyInPackage>1</QtyInPackage>
      <ItemPrice>19.90</ItemPrice>
      <UnitOfMeasurePrice>19.90</UnitOfMeasurePrice>
      <AllowDiscount>1</AllowDiscount>
      <itemStatus>1</itemStatus>
      <LastUpdateDate />
      <LastUpdateTime />
    </Product>
    <Product>
      <PriceUpdateDate>2019/12/04 13:48</PriceUpdateDate>
      <ItemCode>7290000289595</ItemCode>
      <ItemType>1</ItemType>
      <ItemName>אורביטול ילדים</ItemName>
      <ManufactureName>החב הדרומית לשיווק</ManufactureName>
      <ManufactureCountry />
      <ManufactureItemDescription />
      <UnitQty>י"ח</UnitQty>
      <Quantity>145</Quantity>
      <UnitMeasure>ל  גרם</UnitMeasure>
      <BisWeighted>0</BisWeighted>
      <QtyInPackage>1</QtyInPackage>
      <ItemPrice>6.90</ItemPrice>
      <UnitOfMeasurePrice>4.76</UnitOfMeasurePrice>
      <AllowDiscount>1</AllowDiscount>
      <itemStatus>1</itemStatus>
      <LastUpdateDate />
      <LastUpdateTime />
    </Product>
    <Product>
      <PriceUpdateDate>2020/04/19 12:23</PriceUpdateDate>
      <ItemCode>7290000289885</ItemCode>
      <ItemType>1</ItemType>
      <ItemName>סנופרש יבש ענק</ItemName>
      <ManufactureName>החב הדרומית לשיווק</ManufactureName>
      <ManufactureCountry />
      <ManufactureItemDescription />
      <UnitQty>י"ח</UnitQty>
      <Quantity>375</Quantity>
      <UnitMeasure>ל  מ"ל</UnitMeasure>
      <BisWeighted>0</BisWeighted>
      <QtyInPackage>1</QtyInPackage>
      <ItemPrice>10.90</ItemPrice>
      <UnitOfMeasurePrice>2.91</UnitOfMeasurePrice>
      <AllowDiscount>1</AllowDiscount>
      <itemStatus>1</itemStatus>
      <LastUpdateDate />
      <LastUpdateTime />
    </Product>
    <Product>
      <PriceUpdateDate>2015/12/14 10:48</PriceUpdateDate>
      <ItemCode>7290000289892</ItemCode>
      <ItemType>1</ItemType>
      <ItemName>סנופרש יבש ענק</ItemName>
      <ManufactureName>החב הדרומית לשיווק</ManufactureName>
      <ManufactureCountry />
      <ManufactureItemDescription />
      <UnitQty>י"ח</UnitQty>
      <Quantity>375</Quantity>
      <UnitMeasure>ל  מ"ל</UnitMeasure>
      <BisWeighted>0</BisWeighted>
      <QtyInPackage>1</QtyInPackage>
      <ItemPrice>10.90</ItemPrice>
      <UnitOfMeasurePrice>2.91</UnitOfMeasurePrice>
      <AllowDiscount>1</AllowDiscount>
      <itemStatus>1</itemStatus>
      <LastUpdateDate />
      <LastUpdateTime />
    </Product>
    <Product>
      <PriceUpdateDate>2015/12/14 10:48</PriceUpdateDate>
      <ItemCode>7290000289915</ItemCode>
      <ItemType>1</ItemType>
      <ItemName>סנופרש יבש</ItemName>
      <ManufactureName>החב הדרומית לשיווק</ManufactureName>
      <ManufactureCountry />
      <ManufactureItemDescription />
      <UnitQty>י"ח</UnitQty>
      <Quantity>375</Quantity>
      <UnitMeasure>ל  מ"ל</UnitMeasure>
      <BisWeighted>0</BisWeighted>
      <QtyInPackage>1</QtyInPackage>
      <ItemPrice>10.90</ItemPrice>
      <UnitOfMeasurePrice>2.91</UnitOfMeasurePrice>
      <AllowDiscount>1</AllowDiscount>
      <itemStatus>1</itemStatus>
      <LastUpdateDate />
      <LastUpdateTime />
    </Product>
    <Product>
      <PriceUpdateDate>2020/01/13 10:05</PriceUpdateDate>
      <ItemCode>7290000291857</ItemCode>
      <ItemType>1</ItemType>
      <ItemName>פוליויקס סנרייז 2 ליטר</ItemName>
      <ManufactureName>החב הדרומית לשיווק</ManufactureName>
      <ManufactureCountry />
      <ManufactureItemDescription />
      <UnitQty>י"ח</UnitQty>
      <Quantity>2</Quantity>
      <UnitMeasure>ליטר</UnitMeasure>
      <BisWeighted>0</BisWeighted>
      <QtyInPackage>1</QtyInPackage>
      <ItemPrice>19.90</ItemPrice>
      <UnitOfMeasurePrice>9.95</UnitOfMeasurePrice>
      <AllowDiscount>1</AllowDiscount>
      <itemStatus>1</itemStatus>
      <LastUpdateDate />
      <LastUpdateTime />
    </Product>
    <Product>
      <PriceUpdateDate>2020/04/19 12:23</PriceUpdateDate>
      <ItemCode>7290000292267</ItemCode>
      <ItemType>1</ItemType>
      <ItemName>סנומוד צ יף</ItemName>
      <ManufactureName>החב הדרומית לשיווק</ManufactureName>
      <ManufactureCountry />
      <ManufactureItemDescription />
      <UnitQty>י"ח</UnitQty>
      <Quantity>150</Quantity>
      <UnitMeasure>ל  מ"ל</UnitMeasure>
      <BisWeighted>0</BisWeighted>
      <QtyInPackage>1</QtyInPackage>
      <ItemPrice>10.90</ItemPrice>
      <UnitOfMeasurePrice>7.27</UnitOfMeasurePrice>
      <AllowDiscount>1</AllowDiscount>
      <itemStatus>1</itemStatus>
      <LastUpdateDate />
      <LastUpdateTime />
    </Product>
    <Product>
      <PriceUpdateDate>2020/01/13 10:05</PriceUpdateDate>
      <ItemCode>7290000292311</ItemCode>
      <ItemType>1</ItemType>
      <ItemName>פוליויקס סחלבים 2 ליטר</ItemName>
      <ManufactureName>החב הדרומית לשיווק</ManufactureName>
      <ManufactureCountry />
      <ManufactureItemDescription />
      <UnitQty>י"ח</UnitQty>
      <Quantity>200</Quantity>
      <UnitMeasure>ל  מ"ל</UnitMeasure>
      <BisWeighted>0</BisWeighted>
      <QtyInPackage>1</QtyInPackage>
      <ItemPrice>19.90</ItemPrice>
      <UnitOfMeasurePrice>9.95</UnitOfMeasurePrice>
      <AllowDiscount>1</AllowDiscount>
      <itemStatus>1</itemStatus>
      <LastUpdateDate />
      <LastUpdateTime />
    </Product>
    <Product>
      <PriceUpdateDate>2019/12/04 13:48</PriceUpdateDate>
      <ItemCode>7290000292915</ItemCode>
      <ItemType>1</ItemType>
      <ItemName>סנו רסס ונגב מרסס 750 מ"ל</ItemName>
      <ManufactureName>החב הדרומית לשיווק</ManufactureName>
      <ManufactureCountry />
      <ManufactureItemDescription />
      <UnitQty>י"ח</UnitQty>
      <Quantity>600</Quantity>
      <UnitMeasure>ל  מ"ל</UnitMeasure>
      <BisWeighted>0</BisWeighted>
      <QtyInPackage>1</QtyInPackage>
      <ItemPrice>14.90</ItemPrice>
      <UnitOfMeasurePrice>2.48</UnitOfMeasurePrice>
      <AllowDiscount>1</AllowDiscount>
      <itemStatus>1</itemStatus>
      <LastUpdateDate />
      <LastUpdateTime />
    </Product>
    <Product>
      <PriceUpdateDate>2020/01/12 13:26</PriceUpdateDate>
      <ItemCode>293837</ItemCode>
      <ItemType>0</ItemType>
      <ItemName>קרמה מן  דאו גל  70מ"ל</ItemName>
      <ManufactureName>החב הדרומית לשיווק</ManufactureName>
      <ManufactureCountry />
      <ManufactureItemDescription />
      <UnitQty>י"ח</UnitQty>
      <Quantity>7500</Quantity>
      <UnitMeasure>ל  מ"ל</UnitMeasure>
      <BisWeighted>0</BisWeighted>
      <QtyInPackage>1</QtyInPackage>
      <ItemPrice>14.90</ItemPrice>
      <UnitOfMeasurePrice>0.20</UnitOfMeasurePrice>
      <AllowDiscount>1</AllowDiscount>
      <itemStatus>1</itemStatus>
      <LastUpdateDate />
      <LastUpdateTime />
    </Product>
    <Product>
      <PriceUpdateDate>2019/12/04 13:48</PriceUpdateDate>
      <ItemCode>7290000293943</ItemCode>
      <ItemType>1</ItemType>
      <ItemName>אנטי קאלק מרסס</ItemName>
      <ManufactureName>החב הדרומית לשיווק</ManufactureName>
      <ManufactureCountry />
      <ManufactureItemDescription />
      <UnitQty>י"ח</UnitQty>
      <Quantity>1</Quantity>
      <UnitMeasure>ליטר</UnitMeasure>
      <BisWeighted>0</BisWeighted>
      <QtyInPackage>1</QtyInPackage>
      <ItemPrice>16.90</ItemPrice>
      <UnitOfMeasurePrice>16.90</UnitOfMeasurePrice>
      <AllowDiscount>1</AllowDiscount>
      <itemStatus>1</itemStatus>
      <LastUpdateDate />
      <LastUpdateTime />
    </Product>
    <Product>
      <PriceUpdateDate>2013/12/09 19:04</PriceUpdateDate>
      <ItemCode>7290000295121</ItemCode>
      <ItemType>1</ItemType>
      <ItemName>מטליות לניקוי רצפות סנו 3 יחידות, מארז</ItemName>
      <ManufactureName>החב הדרומית לשיווק</ManufactureName>
      <ManufactureCountry />
      <ManufactureItemDescription />
      <UnitQty>י"ח</UnitQty>
      <Quantity>1</Quantity>
      <UnitMeasure />
      <BisWeighted>0</BisWeighted>
      <QtyInPackage>1</QtyInPackage>
      <ItemPrice>11</ItemPrice>
      <UnitOfMeasurePrice>11</UnitOfMeasurePrice>
      <AllowDiscount>1</AllowDiscount>
      <itemStatus>1</itemStatus>
      <LastUpdateDate />
      <LastUpdateTime />
    </Product>
    <Product>
      <PriceUpdateDate>2019/12/04 13:48</PriceUpdateDate>
      <ItemCode>7290000295299</ItemCode>
      <ItemType>1</ItemType>
      <ItemName>כריות הפלא סנו סושי 4 יחידות</ItemName>
      <ManufactureName>החב הדרומית לשיווק</ManufactureName>
      <ManufactureCountry />
      <ManufactureItemDescription />
      <UnitQty>י"ח</UnitQty>
      <Quantity>1</Quantity>
      <UnitMeasure />
      <BisWeighted>0</BisWeighted>
      <QtyInPackage>1</QtyInPackage>
      <ItemPrice>9.90</ItemPrice>
      <UnitOfMeasurePrice>9.90</UnitOfMeasurePrice>
      <AllowDiscount>1</AllowDiscount>
      <itemStatus>1</itemStatus>
      <LastUpdateDate />
      <LastUpdateTime />
    </Product>
    <Product>
      <PriceUpdateDate>2020/04/28 08:26</PriceUpdateDate>
      <ItemCode>7290000295404</ItemCode>
      <ItemType>1</ItemType>
      <ItemName>סושי 60 שקיות אשפה</ItemName>
      <ManufactureName>החב הדרומית לשיווק</ManufactureName>
      <ManufactureCountry />
      <ManufactureItemDescription />
      <UnitQty>י"ח</UnitQty>
      <Quantity>1</Quantity>
      <UnitMeasure>י"ח</UnitMeasure>
      <BisWeighted>0</BisWeighted>
      <QtyInPackage>1</QtyInPackage>
      <ItemPrice>23.90</ItemPrice>
      <UnitOfMeasurePrice>23.90</UnitOfMeasurePrice>
      <AllowDiscount>1</AllowDiscount>
      <itemStatus>1</itemStatus>
      <LastUpdateDate />
      <LastUpdateTime />
    </Product>
    <Product>
      <PriceUpdateDate>2018/02/27 10:20</PriceUpdateDate>
      <ItemCode>7290000300900</ItemCode>
      <ItemType>1</ItemType>
      <ItemName>שניצל תירס 750 גרם</ItemName>
      <ManufactureName>קבוצת אוסם סחר-שות.מוגבלת</ManufactureName>
      <ManufactureCountry />
      <ManufactureItemDescription />
      <UnitQty>י"ח</UnitQty>
      <Quantity>750</Quantity>
      <UnitMeasure>ל  גרם</UnitMeasure>
      <BisWeighted>0</BisWeighted>
      <QtyInPackage>1</QtyInPackage>
      <ItemPrice>25.90</ItemPrice>
      <UnitOfMeasurePrice>3.45</UnitOfMeasurePrice>
      <AllowDiscount>1</AllowDiscount>
      <itemStatus>1</itemStatus>
      <LastUpdateDate />
      <LastUpdateTime />
    </Product>
    <Product>
      <PriceUpdateDate>2016/09/05 10:03</PriceUpdateDate>
      <ItemCode>7290000301778</ItemCode>
      <ItemType>1</ItemType>
      <ItemName>חטיפי כרובית  500 ג טבעול</ItemName>
      <ManufactureName>קבוצת אוסם סחר-שות.מוגבלת</ManufactureName>
      <ManufactureCountry />
      <ManufactureItemDescription />
      <UnitQty>י"ח</UnitQty>
      <Quantity>500</Quantity>
      <UnitMeasure>ל  גרם</UnitMeasure>
      <BisWeighted>0</BisWeighted>
      <QtyInPackage>1</QtyInPackage>
      <ItemPrice>29.90</ItemPrice>
      <UnitOfMeasurePrice>5.98</UnitOfMeasurePrice>
      <AllowDiscount>1</AllowDiscount>
      <itemStatus>1</itemStatus>
      <LastUpdateDate />
      <LastUpdateTime />
    </Product>
    <Product>
      <PriceUpdateDate>2016/06/22 08:59</PriceUpdateDate>
      <ItemCode>315324</ItemCode>
      <ItemType>0</ItemType>
      <ItemName>רקסונה ספריי נשים שאוור קלין 150מ"ל</ItemName>
      <ManufactureName>יוניליוור ישראל שיווק בעמ</ManufactureName>
      <ManufactureCountry />
      <ManufactureItemDescription />
      <UnitQty>י"ח</UnitQty>
      <Quantity>150</Quantity>
      <UnitMeasure>ל  מ"ל</UnitMeasure>
      <BisWeighted>0</BisWeighted>
      <QtyInPackage>1</QtyInPackage>
      <ItemPrice>17.10</ItemPrice>
      <UnitOfMeasurePrice>11.40</UnitOfMeasurePrice>
      <AllowDiscount>1</AllowDiscount>
      <itemStatus>1</itemStatus>
      <LastUpdateDate />
      <LastUpdateTime />
    </Product>
    <Product>
      <PriceUpdateDate>2016/01/05 09:33</PriceUpdateDate>
      <ItemCode>316352</ItemCode>
      <ItemType>0</ItemType>
      <ItemName>מארז סיף מיוחד</ItemName>
      <ManufactureName>יוניליוור ישראל שיווק בעמ</ManufactureName>
      <ManufactureCountry />
      <ManufactureItemDescription />
      <UnitQty>י"ח</UnitQty>
      <Quantity>1</Quantity>
      <UnitMeasure>י"ח</UnitMeasure>
      <BisWeighted>0</BisWeighted>
      <QtyInPackage>1</QtyInPackage>
      <ItemPrice>19.90</ItemPrice>
      <UnitOfMeasurePrice>19.90</UnitOfMeasurePrice>
      <AllowDiscount>0</AllowDiscount>
      <itemStatus>1</itemStatus>
      <LastUpdateDate />
      <LastUpdateTime />
    </Product>
    <Product>
      <PriceUpdateDate>2018/12/12 13:31</PriceUpdateDate>
      <ItemCode>7290000327372</ItemCode>
      <ItemType>1</ItemType>
      <ItemName>ג אמפ אשכוליות 1.5 ליטר</ItemName>
      <ManufactureName>טמפו משקאות בעמ</ManufactureName>
      <ManufactureCountry />
      <ManufactureItemDescription />
      <UnitQty>י"ח</UnitQty>
      <Quantity>1.50</Quantity>
      <UnitMeasure>ליטר</UnitMeasure>
      <BisWeighted>0</BisWeighted>
      <QtyInPackage>1</QtyInPackage>
      <ItemPrice>5.90</ItemPrice>
      <UnitOfMeasurePrice>3.93</UnitOfMeasurePrice>
      <AllowDiscount>1</AllowDiscount>
      <itemStatus>1</itemStatus>
      <LastUpdateDate />
      <LastUpdateTime />
    </Product>
    <Product>
      <PriceUpdateDate>2018/12/12 13:31</PriceUpdateDate>
      <ItemCode>7290000327440</ItemCode>
      <ItemType>1</ItemType>
      <ItemName>ג אמפ מנגו 1.5 ליטר</ItemName>
      <ManufactureName>טמפו משקאות בעמ</ManufactureName>
      <ManufactureCountry />
      <ManufactureItemDescription />
      <UnitQty>י"ח</UnitQty>
      <Quantity>1.50</Quantity>
      <UnitMeasure>ליטר</UnitMeasure>
      <BisWeighted>0</BisWeighted>
      <QtyInPackage>1</QtyInPackage>
      <ItemPrice>5.90</ItemPrice>
      <UnitOfMeasurePrice>3.93</UnitOfMeasurePrice>
      <AllowDiscount>1</AllowDiscount>
      <itemStatus>1</itemStatus>
      <LastUpdateDate />
      <LastUpdateTime />
    </Product>
    <Product>
      <PriceUpdateDate>2019/11/17 14:22</PriceUpdateDate>
      <ItemCode>7290000327532</ItemCode>
      <ItemType>1</ItemType>
      <ItemName>פפסי 1.5 ליטר שישיה</ItemName>
      <ManufactureName>טמפו משקאות בעמ</ManufactureName>
      <ManufactureCountry />
      <ManufactureItemDescription />
      <UnitQty>י"ח</UnitQty>
      <Quantity>9</Quantity>
      <UnitMeasure>ליטר</UnitMeasure>
      <BisWeighted>0</BisWeighted>
      <QtyInPackage>1</QtyInPackage>
      <ItemPrice>29.90</ItemPrice>
      <UnitOfMeasurePrice>3.32</UnitOfMeasurePrice>
      <AllowDiscount>1</AllowDiscount>
      <itemStatus>1</itemStatus>
      <LastUpdateDate />
      <LastUpdateTime />
    </Product>
    <Product>
      <PriceUpdateDate>2015/03/09 10:12</PriceUpdateDate>
      <ItemCode>327631</ItemCode>
      <ItemType>0</ItemType>
      <ItemName>פאנק טוניק 1.5 ליטר</ItemName>
      <ManufactureName>טמפו משקאות בעמ</ManufactureName>
      <ManufactureCountry />
      <ManufactureItemDescription />
      <UnitQty>י"ח</UnitQty>
      <Quantity>1.50</Quantity>
      <UnitMeasure>ליטר</UnitMeasure>
      <BisWeighted>0</BisWeighted>
      <QtyInPackage>1</QtyInPackage>
      <ItemPrice>8.90</ItemPrice>
      <UnitOfMeasurePrice>5.93</UnitOfMeasurePrice>
      <AllowDiscount>1</AllowDiscount>
      <itemStatus>1</itemStatus>
      <LastUpdateDate />
      <LastUpdateTime />
    </Product>
    <Product>
      <PriceUpdateDate>2018/12/12 13:31</PriceUpdateDate>
      <ItemCode>7290000327693</ItemCode>
      <ItemType>1</ItemType>
      <ItemName>סודה פירות יער 1.5ל</ItemName>
      <ManufactureName>טמפו משקאות בעמ</ManufactureName>
      <ManufactureCountry />
      <ManufactureItemDescription />
      <UnitQty>י"ח</UnitQty>
      <Quantity>1.50</Quantity>
      <UnitMeasure>ליטר</UnitMeasure>
      <BisWeighted>0</BisWeighted>
      <QtyInPackage>1</QtyInPackage>
      <ItemPrice>4.20</ItemPrice>
      <UnitOfMeasurePrice>2.80</UnitOfMeasurePrice>
      <AllowDiscount>1</AllowDiscount>
      <itemStatus>1</itemStatus>
      <LastUpdateDate />
      <LastUpdateTime />
    </Product>
    <Product>
      <PriceUpdateDate>2018/12/12 13:31</PriceUpdateDate>
      <ItemCode>327709</ItemCode>
      <ItemType>0</ItemType>
      <ItemName>סודה אלדרברי ליצי 1.5ל</ItemName>
      <ManufactureName>טמפו משקאות בעמ</ManufactureName>
      <ManufactureCountry />
      <ManufactureItemDescription />
      <UnitQty>י"ח</UnitQty>
      <Quantity>1.50</Quantity>
      <UnitMeasure>ליטר</UnitMeasure>
      <BisWeighted>0</BisWeighted>
      <QtyInPackage>1</QtyInPackage>
      <ItemPrice>4.20</ItemPrice>
      <UnitOfMeasurePrice>2.80</UnitOfMeasurePrice>
      <AllowDiscount>1</AllowDiscount>
      <itemStatus>1</itemStatus>
      <LastUpdateDate />
      <LastUpdateTime />
    </Product>
    <Product>
      <PriceUpdateDate>2018/12/12 13:31</PriceUpdateDate>
      <ItemCode>7290000327716</ItemCode>
      <ItemType>1</ItemType>
      <ItemName>סודה אננס 1.5ל</ItemName>
      <ManufactureName>טמפו משקאות בעמ</ManufactureName>
      <ManufactureCountry />
      <ManufactureItemDescription />
      <UnitQty>י"ח</UnitQty>
      <Quantity>1.50</Quantity>
      <UnitMeasure>ליטר</UnitMeasure>
      <BisWeighted>0</BisWeighted>
      <QtyInPackage>1</QtyInPackage>
      <ItemPrice>4.20</ItemPrice>
      <UnitOfMeasurePrice>2.80</UnitOfMeasurePrice>
      <AllowDiscount>1</AllowDiscount>
      <itemStatus>1</itemStatus>
      <LastUpdateDate />
      <LastUpdateTime />
    </Product>
    <Product>
      <PriceUpdateDate>2015/03/09 10:12</PriceUpdateDate>
      <ItemCode>327723</ItemCode>
      <ItemType>0</ItemType>
      <ItemName>טוניק 1.5 ליטר</ItemName>
      <ManufactureName>טמפו משקאות בעמ</ManufactureName>
      <ManufactureCountry />
      <ManufactureItemDescription />
      <UnitQty>י"ח</UnitQty>
      <Quantity>1.50</Quantity>
      <UnitMeasure>ליטר</UnitMeasure>
      <BisWeighted>0</BisWeighted>
      <QtyInPackage>1</QtyInPackage>
      <ItemPrice>8.90</ItemPrice>
      <UnitOfMeasurePrice>5.93</UnitOfMeasurePrice>
      <AllowDiscount>1</AllowDiscount>
      <itemStatus>1</itemStatus>
      <LastUpdateDate />
      <LastUpdateTime />
    </Product>
    <Product>
      <PriceUpdateDate>2018/12/12 13:31</PriceUpdateDate>
      <ItemCode>327778</ItemCode>
      <ItemType>0</ItemType>
      <ItemName>סודה אבטיח 1.5ל</ItemName>
      <ManufactureName>טמפו משקאות בעמ</ManufactureName>
      <ManufactureCountry />
      <ManufactureItemDescription />
      <UnitQty>י"ח</UnitQty>
      <Quantity>1.50</Quantity>
      <UnitMeasure>ליטר</UnitMeasure>
      <BisWeighted>0</BisWeighted>
      <QtyInPackage>1</QtyInPackage>
      <ItemPrice>4.20</ItemPrice>
      <UnitOfMeasurePrice>2.80</UnitOfMeasurePrice>
      <AllowDiscount>1</AllowDiscount>
      <itemStatus>1</itemStatus>
      <LastUpdateDate />
      <LastUpdateTime />
    </Product>
    <Product>
      <PriceUpdateDate>2018/12/12 13:31</PriceUpdateDate>
      <ItemCode>336022</ItemCode>
      <ItemType>0</ItemType>
      <ItemName>ג אמפ מנגו 1.5 ליטר</ItemName>
      <ManufactureName>טמפו משקאות בעמ</ManufactureName>
      <ManufactureCountry />
      <ManufactureItemDescription />
      <UnitQty>י"ח</UnitQty>
      <Quantity>1.50</Quantity>
      <UnitMeasure>ליטר</UnitMeasure>
      <BisWeighted>0</BisWeighted>
      <QtyInPackage>1</QtyInPackage>
      <ItemPrice>5.90</ItemPrice>
      <UnitOfMeasurePrice>3.93</UnitOfMeasurePrice>
      <AllowDiscount>1</AllowDiscount>
      <itemStatus>1</itemStatus>
      <LastUpdateDate />
      <LastUpdateTime />
    </Product>
    <Product>
      <PriceUpdateDate>2014/06/11 11:41</PriceUpdateDate>
      <ItemCode>7290000336053</ItemCode>
      <ItemType>1</ItemType>
      <ItemName>סיידר תרכיז 330מ"ל</ItemName>
      <ManufactureName>טמפו משקאות בעמ</ManufactureName>
      <ManufactureCountry />
      <ManufactureItemDescription />
      <UnitQty>י"ח</UnitQty>
      <Quantity>330</Quantity>
      <UnitMeasure>ל  מ"ל</UnitMeasure>
      <BisWeighted>0</BisWeighted>
      <QtyInPackage>1</QtyInPackage>
      <ItemPrice>13.20</ItemPrice>
      <UnitOfMeasurePrice>3.91</UnitOfMeasurePrice>
      <AllowDiscount>1</AllowDiscount>
      <itemStatus>1</itemStatus>
      <LastUpdateDate />
      <LastUpdateTime />
    </Product>
    <Product>
      <PriceUpdateDate>2017/11/06 09:05</PriceUpdateDate>
      <ItemCode>7290000379203</ItemCode>
      <ItemType>1</ItemType>
      <ItemName>עינן קל 500 גרם</ItemName>
      <ManufactureName>שלמה א.אנג ל בעמ</ManufactureName>
      <ManufactureCountry />
      <ManufactureItemDescription />
      <UnitQty>י"ח</UnitQty>
      <Quantity>500</Quantity>
      <UnitMeasure>ל  גרם</UnitMeasure>
      <BisWeighted>0</BisWeighted>
      <QtyInPackage>1</QtyInPackage>
      <ItemPrice>14.90</ItemPrice>
      <UnitOfMeasurePrice>2.98</UnitOfMeasurePrice>
      <AllowDiscount>1</AllowDiscount>
      <itemStatus>1</itemStatus>
      <LastUpdateDate />
      <LastUpdateTime />
    </Product>
    <Product>
      <PriceUpdateDate>2016/09/05 10:03</PriceUpdateDate>
      <ItemCode>391991</ItemCode>
      <ItemType>0</ItemType>
      <ItemName>ביסלי בצל אקסטרים חריף}קטן{</ItemName>
      <ManufactureName>קבוצת אוסם סחר-שות.מוגבלת</ManufactureName>
      <ManufactureCountry />
      <ManufactureItemDescription />
      <UnitQty>י"ח</UnitQty>
      <Quantity>70</Quantity>
      <UnitMeasure>ל  גרם</UnitMeasure>
      <BisWeighted>0</BisWeighted>
      <QtyInPackage>1</QtyInPackage>
      <ItemPrice>3.90</ItemPrice>
      <UnitOfMeasurePrice>5.57</UnitOfMeasurePrice>
      <AllowDiscount>1</AllowDiscount>
      <itemStatus>1</itemStatus>
      <LastUpdateDate />
      <LastUpdateTime />
    </Product>
    <Product>
      <PriceUpdateDate>2019/12/04 13:48</PriceUpdateDate>
      <ItemCode>7290000412481</ItemCode>
      <ItemType>1</ItemType>
      <ItemName>מנקה אסלות 1 ליטר 00</ItemName>
      <ManufactureName>החב הדרומית לשיווק</ManufactureName>
      <ManufactureCountry />
      <ManufactureItemDescription />
      <UnitQty>י"ח</UnitQty>
      <Quantity>1</Quantity>
      <UnitMeasure>ליטר</UnitMeasure>
      <BisWeighted>0</BisWeighted>
      <QtyInPackage>1</QtyInPackage>
      <ItemPrice>8.90</ItemPrice>
      <UnitOfMeasurePrice>8.90</UnitOfMeasurePrice>
      <AllowDiscount>1</AllowDiscount>
      <itemStatus>1</itemStatus>
      <LastUpdateDate />
      <LastUpdateTime />
    </Product>
    <Product>
      <PriceUpdateDate>2020/01/08 14:24</PriceUpdateDate>
      <ItemCode>7290000419107</ItemCode>
      <ItemType>1</ItemType>
      <ItemName>קפה טורקי כחול 100 גרם</ItemName>
      <ManufactureName>קבוצת אוסם סחר-שות.מוגבלת</ManufactureName>
      <ManufactureCountry />
      <ManufactureItemDescription />
      <UnitQty>י"ח</UnitQty>
      <Quantity>100</Quantity>
      <UnitMeasure>ל  גרם</UnitMeasure>
      <BisWeighted>0</BisWeighted>
      <QtyInPackage>1</QtyInPackage>
      <ItemPrice>7.90</ItemPrice>
      <UnitOfMeasurePrice>7.90</UnitOfMeasurePrice>
      <AllowDiscount>1</AllowDiscount>
      <itemStatus>1</itemStatus>
      <LastUpdateDate />
      <LastUpdateTime />
    </Product>
    <Product>
      <PriceUpdateDate>2015/12/31 08:37</PriceUpdateDate>
      <ItemCode>7290000419220</ItemCode>
      <ItemType>1</ItemType>
      <ItemName>קפה טורקי שלשות לנדוור</ItemName>
      <ManufactureName>קבוצת אוסם סחר-שות.מוגבלת</ManufactureName>
      <ManufactureCountry />
      <ManufactureItemDescription />
      <UnitQty>י"ח</UnitQty>
      <Quantity>300</Quantity>
      <UnitMeasure>ל  גרם</UnitMeasure>
      <BisWeighted>0</BisWeighted>
      <QtyInPackage>1</QtyInPackage>
      <ItemPrice>21.90</ItemPrice>
      <UnitOfMeasurePrice>7.30</UnitOfMeasurePrice>
      <AllowDiscount>1</AllowDiscount>
      <itemStatus>1</itemStatus>
      <LastUpdateDate />
      <LastUpdateTime />
    </Product>
    <Product>
      <PriceUpdateDate>2015/07/12 10:38</PriceUpdateDate>
      <ItemCode>419374</ItemCode>
      <ItemType>0</ItemType>
      <ItemName>מארז לנדוור טחון טורקי 3*100גרם</ItemName>
      <ManufactureName>קבוצת אוסם סחר-שות.מוגבלת</ManufactureName>
      <ManufactureCountry />
      <ManufactureItemDescription />
      <UnitQty>י"ח</UnitQty>
      <Quantity>200</Quantity>
      <UnitMeasure>ל  גרם</UnitMeasure>
      <BisWeighted>0</BisWeighted>
      <QtyInPackage>1</QtyInPackage>
      <ItemPrice>19.90</ItemPrice>
      <UnitOfMeasurePrice>9.95</UnitOfMeasurePrice>
      <AllowDiscount>1</AllowDiscount>
      <itemStatus>1</itemStatus>
      <LastUpdateDate />
      <LastUpdateTime />
    </Product>
    <Product>
      <PriceUpdateDate>2016/09/05 10:03</PriceUpdateDate>
      <ItemCode>7290000419893</ItemCode>
      <ItemType>1</ItemType>
      <ItemName>קפה לנדוור לבוקר טחון</ItemName>
      <ManufactureName>קבוצת אוסם סחר-שות.מוגבלת</ManufactureName>
      <ManufactureCountry />
      <ManufactureItemDescription />
      <UnitQty>י"ח</UnitQty>
      <Quantity>100</Quantity>
      <UnitMeasure>ל  גרם</UnitMeasure>
      <BisWeighted>0</BisWeighted>
      <QtyInPackage>1</QtyInPackage>
      <ItemPrice>7.90</ItemPrice>
      <UnitOfMeasurePrice>7.90</UnitOfMeasurePrice>
      <AllowDiscount>1</AllowDiscount>
      <itemStatus>1</itemStatus>
      <LastUpdateDate />
      <LastUpdateTime />
    </Product>
    <Product>
      <PriceUpdateDate>2016/09/05 10:03</PriceUpdateDate>
      <ItemCode>7290000419909</ItemCode>
      <ItemType>1</ItemType>
      <ItemName>קפה לנדוור טעם אספרסו</ItemName>
      <ManufactureName>קבוצת אוסם סחר-שות.מוגבלת</ManufactureName>
      <ManufactureCountry />
      <ManufactureItemDescription />
      <UnitQty>י"ח</UnitQty>
      <Quantity>100</Quantity>
      <UnitMeasure>ל  גרם</UnitMeasure>
      <BisWeighted>0</BisWeighted>
      <QtyInPackage>1</QtyInPackage>
      <ItemPrice>7.90</ItemPrice>
      <UnitOfMeasurePrice>7.90</UnitOfMeasurePrice>
      <AllowDiscount>1</AllowDiscount>
      <itemStatus>1</itemStatus>
      <LastUpdateDate />
      <LastUpdateTime />
    </Product>
    <Product>
      <PriceUpdateDate>2017/04/24 08:16</PriceUpdateDate>
      <ItemCode>7290000419923</ItemCode>
      <ItemType>1</ItemType>
      <ItemName>קפה לנדוור אספרסו בואקום</ItemName>
      <ManufactureName>קבוצת אוסם סחר-שות.מוגבלת</ManufactureName>
      <ManufactureCountry />
      <ManufactureItemDescription />
      <UnitQty>י"ח</UnitQty>
      <Quantity>200</Quantity>
      <UnitMeasure>ל  גרם</UnitMeasure>
      <BisWeighted>0</BisWeighted>
      <QtyInPackage>1</QtyInPackage>
      <ItemPrice>21.90</ItemPrice>
      <UnitOfMeasurePrice>10.95</UnitOfMeasurePrice>
      <AllowDiscount>1</AllowDiscount>
      <itemStatus>1</itemStatus>
      <LastUpdateDate />
      <LastUpdateTime />
    </Product>
    <Product>
      <PriceUpdateDate>2016/12/11 09:26</PriceUpdateDate>
      <ItemCode>7290000420417</ItemCode>
      <ItemType>1</ItemType>
      <ItemName>גלילונית ,50/70 60 יח</ItemName>
      <ManufactureName>דנשר (1963) בעמ</ManufactureName>
      <ManufactureCountry />
      <ManufactureItemDescription />
      <UnitQty>י"ח</UnitQty>
      <Quantity>60</Quantity>
      <UnitMeasure>י"ח</UnitMeasure>
      <BisWeighted>0</BisWeighted>
      <QtyInPackage>1</QtyInPackage>
      <ItemPrice>21.90</ItemPrice>
      <UnitOfMeasurePrice>0.37</UnitOfMeasurePrice>
      <AllowDiscount>1</AllowDiscount>
      <itemStatus>1</itemStatus>
      <LastUpdateDate />
      <LastUpdateTime />
    </Product>
    <Product>
      <PriceUpdateDate>2013/11/29 10:37</PriceUpdateDate>
      <ItemCode>7290000433684</ItemCode>
      <ItemType>1</ItemType>
      <ItemName>פפסי 1.5 ליטר</ItemName>
      <ManufactureName>טמפו משקאות בעמ</ManufactureName>
      <ManufactureCountry />
      <ManufactureItemDescription />
      <UnitQty>י"ח</UnitQty>
      <Quantity>150</Quantity>
      <UnitMeasure>ל  מ"ל</UnitMeasure>
      <BisWeighted>0</BisWeighted>
      <QtyInPackage>1</QtyInPackage>
      <ItemPrice>5.90</ItemPrice>
      <UnitOfMeasurePrice>3.93</UnitOfMeasurePrice>
      <AllowDiscount>1</AllowDiscount>
      <itemStatus>1</itemStatus>
      <LastUpdateDate />
      <LastUpdateTime />
    </Product>
    <Product>
      <PriceUpdateDate>2013/11/29 10:37</PriceUpdateDate>
      <ItemCode>7290000433714</ItemCode>
      <ItemType>1</ItemType>
      <ItemName>סבן אפ 1.5 ליטר</ItemName>
      <ManufactureName>טמפו משקאות בעמ</ManufactureName>
      <ManufactureCountry />
      <ManufactureItemDescription />
      <UnitQty>י"ח</UnitQty>
      <Quantity>1.50</Quantity>
      <UnitMeasure>ליטר</UnitMeasure>
      <BisWeighted>0</BisWeighted>
      <QtyInPackage>1</QtyInPackage>
      <ItemPrice>5.90</ItemPrice>
      <UnitOfMeasurePrice>3.93</UnitOfMeasurePrice>
      <AllowDiscount>1</AllowDiscount>
      <itemStatus>1</itemStatus>
      <LastUpdateDate />
      <LastUpdateTime />
    </Product>
    <Product>
      <PriceUpdateDate>2013/11/29 10:37</PriceUpdateDate>
      <ItemCode>7290000433745</ItemCode>
      <ItemType>1</ItemType>
      <ItemName>מירנדה 1.5 ליטר</ItemName>
      <ManufactureName>טמפו משקאות בעמ</ManufactureName>
      <ManufactureCountry />
      <ManufactureItemDescription />
      <UnitQty>י"ח</UnitQty>
      <Quantity>1.50</Quantity>
      <UnitMeasure>ליטר</UnitMeasure>
      <BisWeighted>0</BisWeighted>
      <QtyInPackage>1</QtyInPackage>
      <ItemPrice>5.90</ItemPrice>
      <UnitOfMeasurePrice>3.93</UnitOfMeasurePrice>
      <AllowDiscount>1</AllowDiscount>
      <itemStatus>1</itemStatus>
      <LastUpdateDate />
      <LastUpdateTime />
    </Product>
    <Product>
      <PriceUpdateDate>2013/11/29 10:37</PriceUpdateDate>
      <ItemCode>7290000433899</ItemCode>
      <ItemType>1</ItemType>
      <ItemName>7-UP דיאט  1.5 ליטר</ItemName>
      <ManufactureName>טמפו משקאות בעמ</ManufactureName>
      <ManufactureCountry />
      <ManufactureItemDescription />
      <UnitQty>י"ח</UnitQty>
      <Quantity>1.50</Quantity>
      <UnitMeasure>ליטר</UnitMeasure>
      <BisWeighted>0</BisWeighted>
      <QtyInPackage>1</QtyInPackage>
      <ItemPrice>5.90</ItemPrice>
      <UnitOfMeasurePrice>3.93</UnitOfMeasurePrice>
      <AllowDiscount>1</AllowDiscount>
      <itemStatus>1</itemStatus>
      <LastUpdateDate />
      <LastUpdateTime />
    </Product>
    <Product>
      <PriceUpdateDate>2017/01/31 11:20</PriceUpdateDate>
      <ItemCode>7290008464000</ItemCode>
      <ItemType>1</ItemType>
      <ItemName>סבן אפ 1.5 שישיה</ItemName>
      <ManufactureName>טמפו משקאות בעמ</ManufactureName>
      <ManufactureCountry />
      <ManufactureItemDescription />
      <UnitQty>י"ח</UnitQty>
      <Quantity>9</Quantity>
      <UnitMeasure>ליטר</UnitMeasure>
      <BisWeighted>0</BisWeighted>
      <QtyInPackage>1</QtyInPackage>
      <ItemPrice>29.90</ItemPrice>
      <UnitOfMeasurePrice>3.32</UnitOfMeasurePrice>
      <AllowDiscount>1</AllowDiscount>
      <itemStatus>1</itemStatus>
      <LastUpdateDate />
      <LastUpdateTime />
    </Product>
    <Product>
      <PriceUpdateDate>2019/11/17 14:22</PriceUpdateDate>
      <ItemCode>7290008464017</ItemCode>
      <ItemType>1</ItemType>
      <ItemName>סבן אפ דיאט, 1.5 ליטר שישייה</ItemName>
      <ManufactureName>טמפו משקאות בעמ</ManufactureName>
      <ManufactureCountry />
      <ManufactureItemDescription />
      <UnitQty>י"ח</UnitQty>
      <Quantity>9</Quantity>
      <UnitMeasure>ליטר</UnitMeasure>
      <BisWeighted>0</BisWeighted>
      <QtyInPackage>1</QtyInPackage>
      <ItemPrice>29.90</ItemPrice>
      <UnitOfMeasurePrice>3.32</UnitOfMeasurePrice>
      <AllowDiscount>1</AllowDiscount>
      <itemStatus>1</itemStatus>
      <LastUpdateDate />
      <LastUpdateTime />
    </Product>
    <Product>
      <PriceUpdateDate>2013/06/09 11:44</PriceUpdateDate>
      <ItemCode>7290008464369</ItemCode>
      <ItemType>1</ItemType>
      <ItemName>פפסי קולה }330 פחית{</ItemName>
      <ManufactureName>טמפו משקאות בעמ</ManufactureName>
      <ManufactureCountry />
      <ManufactureItemDescription />
      <UnitQty>י"ח</UnitQty>
      <Quantity>330</Quantity>
      <UnitMeasure>ל  מ"ל</UnitMeasure>
      <BisWeighted>0</BisWeighted>
      <QtyInPackage>1</QtyInPackage>
      <ItemPrice>3.30</ItemPrice>
      <UnitOfMeasurePrice>0.91</UnitOfMeasurePrice>
      <AllowDiscount>1</AllowDiscount>
      <itemStatus>1</itemStatus>
      <LastUpdateDate />
      <LastUpdateTime />
    </Product>
    <Product>
      <PriceUpdateDate>2013/06/09 11:44</PriceUpdateDate>
      <ItemCode>464376</ItemCode>
      <ItemType>0</ItemType>
      <ItemName>מירנדה 330 מ"ל.</ItemName>
      <ManufactureName>טמפו משקאות בעמ</ManufactureName>
      <ManufactureCountry />
      <ManufactureItemDescription />
      <UnitQty>י"ח</UnitQty>
      <Quantity>330</Quantity>
      <UnitMeasure>ל  מ"ל</UnitMeasure>
      <BisWeighted>0</BisWeighted>
      <QtyInPackage>1</QtyInPackage>
      <ItemPrice>3.30</ItemPrice>
      <UnitOfMeasurePrice>0.91</UnitOfMeasurePrice>
      <AllowDiscount>1</AllowDiscount>
      <itemStatus>1</itemStatus>
      <LastUpdateDate />
      <LastUpdateTime />
    </Product>
    <Product>
      <PriceUpdateDate>2013/06/09 11:44</PriceUpdateDate>
      <ItemCode>7290008464383</ItemCode>
      <ItemType>1</ItemType>
      <ItemName>סבן אפ 330 מ"ל</ItemName>
      <ManufactureName>טמפו משקאות בעמ</ManufactureName>
      <ManufactureCountry />
      <ManufactureItemDescription />
      <UnitQty>י"ח</UnitQty>
      <Quantity>330</Quantity>
      <UnitMeasure>ל  מ"ל</UnitMeasure>
      <BisWeighted>0</BisWeighted>
      <QtyInPackage>1</QtyInPackage>
      <ItemPrice>3.30</ItemPrice>
      <UnitOfMeasurePrice>0.91</UnitOfMeasurePrice>
      <AllowDiscount>1</AllowDiscount>
      <itemStatus>1</itemStatus>
      <LastUpdateDate />
      <LastUpdateTime />
    </Product>
    <Product>
      <PriceUpdateDate>2013/06/09 11:44</PriceUpdateDate>
      <ItemCode>7290008464390</ItemCode>
      <ItemType>1</ItemType>
      <ItemName>סבן אפ דיאט 330</ItemName>
      <ManufactureName>טמפו משקאות בעמ</ManufactureName>
      <ManufactureCountry />
      <ManufactureItemDescription />
      <UnitQty>י"ח</UnitQty>
      <Quantity>330</Quantity>
      <UnitMeasure>ל  מ"ל</UnitMeasure>
      <BisWeighted>0</BisWeighted>
      <QtyInPackage>1</QtyInPackage>
      <ItemPrice>3.30</ItemPrice>
      <UnitOfMeasurePrice>0.91</UnitOfMeasurePrice>
      <AllowDiscount>1</AllowDiscount>
      <itemStatus>1</itemStatus>
      <LastUpdateDate />
      <LastUpdateTime />
    </Product>
    <Product>
      <PriceUpdateDate>2018/01/23 08:40</PriceUpdateDate>
      <ItemCode>7290008464468</ItemCode>
      <ItemType>1</ItemType>
      <ItemName>גולדסטאר פחית 500 מ"ל.</ItemName>
      <ManufactureName>טמפו משקאות בעמ</ManufactureName>
      <ManufactureCountry />
      <ManufactureItemDescription />
      <UnitQty>י"ח</UnitQty>
      <Quantity>500</Quantity>
      <UnitMeasure>ל  מ"ל</UnitMeasure>
      <BisWeighted>0</BisWeighted>
      <QtyInPackage>1</QtyInPackage>
      <ItemPrice>8.10</ItemPrice>
      <UnitOfMeasurePrice>1.56</UnitOfMeasurePrice>
      <AllowDiscount>1</AllowDiscount>
      <itemStatus>1</itemStatus>
      <LastUpdateDate />
      <LastUpdateTime />
    </Product>
    <Product>
      <PriceUpdateDate>2019/08/05 10:41</PriceUpdateDate>
      <ItemCode>464475</ItemCode>
      <ItemType>0</ItemType>
      <ItemName>מכבי 500 פחית.</ItemName>
      <ManufactureName>טמפו משקאות בעמ</ManufactureName>
      <ManufactureCountry />
      <ManufactureItemDescription />
      <UnitQty>י"ח</UnitQty>
      <Quantity>500</Quantity>
      <UnitMeasure>ל  מ"ל</UnitMeasure>
      <BisWeighted>0</BisWeighted>
      <QtyInPackage>1</QtyInPackage>
      <ItemPrice>7.50</ItemPrice>
      <UnitOfMeasurePrice>1.44</UnitOfMeasurePrice>
      <AllowDiscount>1</AllowDiscount>
      <itemStatus>1</itemStatus>
      <LastUpdateDate />
      <LastUpdateTime />
    </Product>
    <Product>
      <PriceUpdateDate>2018/12/12 13:31</PriceUpdateDate>
      <ItemCode>7290008464734</ItemCode>
      <ItemType>1</ItemType>
      <ItemName>גולדסטאר SLOW BREW בקבוק 330 שישייה.</ItemName>
      <ManufactureName>טמפו משקאות בעמ</ManufactureName>
      <ManufactureCountry />
      <ManufactureItemDescription />
      <UnitQty>י"ח</UnitQty>
      <Quantity>1.98</Quantity>
      <UnitMeasure>ליטר</UnitMeasure>
      <BisWeighted>0</BisWeighted>
      <QtyInPackage>1</QtyInPackage>
      <ItemPrice>41.90</ItemPrice>
      <UnitOfMeasurePrice>20.25</UnitOfMeasurePrice>
      <AllowDiscount>1</AllowDiscount>
      <itemStatus>1</itemStatus>
      <LastUpdateDate />
      <LastUpdateTime />
    </Product>
    <Product>
      <PriceUpdateDate>2019/09/13 09:10</PriceUpdateDate>
      <ItemCode>7290000467887</ItemCode>
      <ItemType>1</ItemType>
      <ItemName>ביסלי ירקות מוחמצים 55גר</ItemName>
      <ManufactureName>קבוצת אוסם סחר-שות.מוגבלת</ManufactureName>
      <ManufactureCountry />
      <ManufactureItemDescription />
      <UnitQty>י"ח</UnitQty>
      <Quantity>55</Quantity>
      <UnitMeasure>ל  גרם</UnitMeasure>
      <BisWeighted>0</BisWeighted>
      <QtyInPackage>1</QtyInPackage>
      <ItemPrice>4.50</ItemPrice>
      <UnitOfMeasurePrice>8.18</UnitOfMeasurePrice>
      <AllowDiscount>1</AllowDiscount>
      <itemStatus>1</itemStatus>
      <LastUpdateDate />
      <LastUpdateTime />
    </Product>
    <Product>
      <PriceUpdateDate>2018/07/23 09:57</PriceUpdateDate>
      <ItemCode>7290000482019</ItemCode>
      <ItemType>1</ItemType>
      <ItemName>קוקי 10 יחידות</ItemName>
      <ManufactureName>ש.שסטוביץ בעמ</ManufactureName>
      <ManufactureCountry />
      <ManufactureItemDescription />
      <UnitQty>י"ח</UnitQty>
      <Quantity>1</Quantity>
      <UnitMeasure />
      <BisWeighted>0</BisWeighted>
      <QtyInPackage>1</QtyInPackage>
      <ItemPrice>12.90</ItemPrice>
      <UnitOfMeasurePrice>12.90</UnitOfMeasurePrice>
      <AllowDiscount>1</AllowDiscount>
      <itemStatus>1</itemStatus>
      <LastUpdateDate />
      <LastUpdateTime />
    </Product>
    <Product>
      <PriceUpdateDate>2018/07/23 09:57</PriceUpdateDate>
      <ItemCode>7290000482033</ItemCode>
      <ItemType>1</ItemType>
      <ItemName>קוקי ענק שקיות צלייה</ItemName>
      <ManufactureName>ש.שסטוביץ בעמ</ManufactureName>
      <ManufactureCountry />
      <ManufactureItemDescription />
      <UnitQty>י"ח</UnitQty>
      <Quantity>1</Quantity>
      <UnitMeasure />
      <BisWeighted>0</BisWeighted>
      <QtyInPackage>1</QtyInPackage>
      <ItemPrice>12.90</ItemPrice>
      <UnitOfMeasurePrice>12.90</UnitOfMeasurePrice>
      <AllowDiscount>1</AllowDiscount>
      <itemStatus>1</itemStatus>
      <LastUpdateDate />
      <LastUpdateTime />
    </Product>
    <Product>
      <PriceUpdateDate>2014/04/06 10:34</PriceUpdateDate>
      <ItemCode>493923</ItemCode>
      <ItemType>0</ItemType>
      <ItemName>פודינג שוקולד לבן]אסם[</ItemName>
      <ManufactureName>קבוצת אוסם סחר-שות.מוגבלת</ManufactureName>
      <ManufactureCountry />
      <ManufactureItemDescription />
      <UnitQty>י"ח</UnitQty>
      <Quantity>80</Quantity>
      <UnitMeasure>ל  גרם</UnitMeasure>
      <BisWeighted>0</BisWeighted>
      <QtyInPackage>1</QtyInPackage>
      <ItemPrice>5.70</ItemPrice>
      <UnitOfMeasurePrice>7.13</UnitOfMeasurePrice>
      <AllowDiscount>1</AllowDiscount>
      <itemStatus>1</itemStatus>
      <LastUpdateDate />
      <LastUpdateTime />
    </Product>
    <Product>
      <PriceUpdateDate>2019/05/24 09:31</PriceUpdateDate>
      <ItemCode>7290000521404</ItemCode>
      <ItemType>1</ItemType>
      <ItemName>מרום גליל סינגל קברנה</ItemName>
      <ManufactureName>טמפו משקאות בעמ</ManufactureName>
      <ManufactureCountry />
      <ManufactureItemDescription />
      <UnitQty>י"ח</UnitQty>
      <Quantity>750</Quantity>
      <UnitMeasure>ל  מ"ל</UnitMeasure>
      <BisWeighted>0</BisWeighted>
      <QtyInPackage>1</QtyInPackage>
      <ItemPrice>39.90</ItemPrice>
      <UnitOfMeasurePrice>5.28</UnitOfMeasurePrice>
      <AllowDiscount>1</AllowDiscount>
      <itemStatus>1</itemStatus>
      <LastUpdateDate />
      <LastUpdateTime />
    </Product>
    <Product>
      <PriceUpdateDate>2019/05/24 09:31</PriceUpdateDate>
      <ItemCode>7290000521411</ItemCode>
      <ItemType>1</ItemType>
      <ItemName>מרום גליל סינגל מרלו</ItemName>
      <ManufactureName>טמפו משקאות בעמ</ManufactureName>
      <ManufactureCountry />
      <ManufactureItemDescription />
      <UnitQty>י"ח</UnitQty>
      <Quantity>750</Quantity>
      <UnitMeasure>ל  מ"ל</UnitMeasure>
      <BisWeighted>0</BisWeighted>
      <QtyInPackage>1</QtyInPackage>
      <ItemPrice>39.90</ItemPrice>
      <UnitOfMeasurePrice>5.28</UnitOfMeasurePrice>
      <AllowDiscount>1</AllowDiscount>
      <itemStatus>1</itemStatus>
      <LastUpdateDate />
      <LastUpdateTime />
    </Product>
    <Product>
      <PriceUpdateDate>2018/09/17 11:10</PriceUpdateDate>
      <ItemCode>7290000521428</ItemCode>
      <ItemType>1</ItemType>
      <ItemName>מרום גליל סינגל שרדונה</ItemName>
      <ManufactureName>טמפו משקאות בעמ</ManufactureName>
      <ManufactureCountry />
      <ManufactureItemDescription />
      <UnitQty>י"ח</UnitQty>
      <Quantity>750</Quantity>
      <UnitMeasure>ל  מ"ל</UnitMeasure>
      <BisWeighted>0</BisWeighted>
      <QtyInPackage>1</QtyInPackage>
      <ItemPrice>39.90</ItemPrice>
      <UnitOfMeasurePrice>5.28</UnitOfMeasurePrice>
      <AllowDiscount>1</AllowDiscount>
      <itemStatus>1</itemStatus>
      <LastUpdateDate />
      <LastUpdateTime />
    </Product>
    <Product>
      <PriceUpdateDate>2019/02/13 13:33</PriceUpdateDate>
      <ItemCode>530024</ItemCode>
      <ItemType>0</ItemType>
      <ItemName>תה מעושן רחב זוגלובק</ItemName>
      <ManufactureName>זוגלובק שיווק בעמ</ManufactureName>
      <ManufactureCountry />
      <ManufactureItemDescription />
      <UnitQty>ק"ג</UnitQty>
      <Quantity>1000</Quantity>
      <UnitMeasure>ל  גרם</UnitMeasure>
      <BisWeighted>1</BisWeighted>
      <QtyInPackage>1</QtyInPackage>
      <ItemPrice>44.90</ItemPrice>
      <UnitOfMeasurePrice>4.49</UnitOfMeasurePrice>
      <AllowDiscount>0</AllowDiscount>
      <itemStatus>1</itemStatus>
      <LastUpdateDate />
      <LastUpdateTime />
    </Product>
    <Product>
      <PriceUpdateDate>2014/01/03 13:46</PriceUpdateDate>
      <ItemCode>530031</ItemCode>
      <ItemType>0</ItemType>
      <ItemName>פיין סלמי זוגלובק</ItemName>
      <ManufactureName>זוגלובק שיווק בעמ</ManufactureName>
      <ManufactureCountry />
      <ManufactureItemDescription />
      <UnitQty>י"ח</UnitQty>
      <Quantity>1000</Quantity>
      <UnitMeasure>ל  גרם</UnitMeasure>
      <BisWeighted>1</BisWeighted>
      <QtyInPackage>1</QtyInPackage>
      <ItemPrice>55.20</ItemPrice>
      <UnitOfMeasurePrice>5.52</UnitOfMeasurePrice>
      <AllowDiscount>0</AllowDiscount>
      <itemStatus>1</itemStatus>
      <LastUpdateDate />
      <LastUpdateTime />
    </Product>
    <Product>
      <PriceUpdateDate>2014/01/03 13:46</PriceUpdateDate>
      <ItemCode>7290000530048</ItemCode>
      <ItemType>1</ItemType>
      <ItemName>סלמי פפרוני זוגלובק</ItemName>
      <ManufactureName>זוגלובק שיווק בעמ</ManufactureName>
      <ManufactureCountry />
      <ManufactureItemDescription />
      <UnitQty>י"ח</UnitQty>
      <Quantity>1000</Quantity>
      <UnitMeasure>ל  גרם</UnitMeasure>
      <BisWeighted>1</BisWeighted>
      <QtyInPackage>1</QtyInPackage>
      <ItemPrice>55.20</ItemPrice>
      <UnitOfMeasurePrice>5.52</UnitOfMeasurePrice>
      <AllowDiscount>0</AllowDiscount>
      <itemStatus>1</itemStatus>
      <LastUpdateDate />
      <LastUpdateTime />
    </Product>
    <Product>
      <PriceUpdateDate>2016/01/04 14:43</PriceUpdateDate>
      <ItemCode>530062</ItemCode>
      <ItemType>0</ItemType>
      <ItemName>מעושן איטלקי]זוגלובק[</ItemName>
      <ManufactureName>זוגלובק שיווק בעמ</ManufactureName>
      <ManufactureCountry />
      <ManufactureItemDescription />
      <UnitQty>ק"ג</UnitQty>
      <Quantity>1</Quantity>
      <UnitMeasure>י"ח</UnitMeasure>
      <BisWeighted>1</BisWeighted>
      <QtyInPackage>1</QtyInPackage>
      <ItemPrice>75.60</ItemPrice>
      <UnitOfMeasurePrice>75.60</UnitOfMeasurePrice>
      <AllowDiscount>0</AllowDiscount>
      <itemStatus>1</itemStatus>
      <LastUpdateDate />
      <LastUpdateTime />
    </Product>
    <Product>
      <PriceUpdateDate>2014/01/03 13:46</PriceUpdateDate>
      <ItemCode>7290000530116</ItemCode>
      <ItemType>1</ItemType>
      <ItemName>נקניק בשן זוגלובק</ItemName>
      <ManufactureName>זוגלובק שיווק בעמ</ManufactureName>
      <ManufactureCountry />
      <ManufactureItemDescription />
      <UnitQty>י"ח</UnitQty>
      <Quantity>700</Quantity>
      <UnitMeasure>ל  גרם</UnitMeasure>
      <BisWeighted>0</BisWeighted>
      <QtyInPackage>1</QtyInPackage>
      <ItemPrice>28.90</ItemPrice>
      <UnitOfMeasurePrice>4.13</UnitOfMeasurePrice>
      <AllowDiscount>1</AllowDiscount>
      <itemStatus>1</itemStatus>
      <LastUpdateDate />
      <LastUpdateTime />
    </Product>
    <Product>
      <PriceUpdateDate>2016/01/04 14:43</PriceUpdateDate>
      <ItemCode>7290000530178</ItemCode>
      <ItemType>1</ItemType>
      <ItemName>קוניאק זוגלובק שקילה</ItemName>
      <ManufactureName>זוגלובק שיווק בעמ</ManufactureName>
      <ManufactureCountry />
      <ManufactureItemDescription />
      <UnitQty>י"ח</UnitQty>
      <Quantity>1000</Quantity>
      <UnitMeasure>ל  גרם</UnitMeasure>
      <BisWeighted>1</BisWeighted>
      <QtyInPackage>1</QtyInPackage>
      <ItemPrice>75.60</ItemPrice>
      <UnitOfMeasurePrice>7.56</UnitOfMeasurePrice>
      <AllowDiscount>0</AllowDiscount>
      <itemStatus>1</itemStatus>
      <LastUpdateDate />
      <LastUpdateTime />
    </Product>
    <Product>
      <PriceUpdateDate>2019/02/17 08:50</PriceUpdateDate>
      <ItemCode>7290000530192</ItemCode>
      <ItemType>1</ItemType>
      <ItemName>סרבלד זוגלובק</ItemName>
      <ManufactureName>זוגלובק שיווק בעמ</ManufactureName>
      <ManufactureCountry />
      <ManufactureItemDescription />
      <UnitQty>ק"ג</UnitQty>
      <Quantity>100</Quantity>
      <UnitMeasure>ל  גרם</UnitMeasure>
      <BisWeighted>1</BisWeighted>
      <QtyInPackage>1</QtyInPackage>
      <ItemPrice>129.90</ItemPrice>
      <UnitOfMeasurePrice>129.90</UnitOfMeasurePrice>
      <AllowDiscount>0</AllowDiscount>
      <itemStatus>1</itemStatus>
      <LastUpdateDate />
      <LastUpdateTime />
    </Product>
    <Product>
      <PriceUpdateDate>2014/01/03 13:46</PriceUpdateDate>
      <ItemCode>7290000530291</ItemCode>
      <ItemType>1</ItemType>
      <ItemName>נקניק מבשר הודו</ItemName>
      <ManufactureName>זוגלובק שיווק בעמ</ManufactureName>
      <ManufactureCountry />
      <ManufactureItemDescription />
      <UnitQty>י"ח</UnitQty>
      <Quantity>800</Quantity>
      <UnitMeasure>ל  גרם</UnitMeasure>
      <BisWeighted>0</BisWeighted>
      <QtyInPackage>1</QtyInPackage>
      <ItemPrice>23.90</ItemPrice>
      <UnitOfMeasurePrice>2.99</UnitOfMeasurePrice>
      <AllowDiscount>1</AllowDiscount>
      <itemStatus>1</itemStatus>
      <LastUpdateDate />
      <LastUpdateTime />
    </Product>
    <Product>
      <PriceUpdateDate>2014/01/03 13:46</PriceUpdateDate>
      <ItemCode>7290000530345</ItemCode>
      <ItemType>1</ItemType>
      <ItemName>הודו נהריה זוגלובק</ItemName>
      <ManufactureName>זוגלובק שיווק בעמ</ManufactureName>
      <ManufactureCountry />
      <ManufactureItemDescription />
      <UnitQty>י"ח</UnitQty>
      <Quantity>1000</Quantity>
      <UnitMeasure>ל  גרם</UnitMeasure>
      <BisWeighted>1</BisWeighted>
      <QtyInPackage>1</QtyInPackage>
      <ItemPrice>55.20</ItemPrice>
      <UnitOfMeasurePrice>5.52</UnitOfMeasurePrice>
      <AllowDiscount>0</AllowDiscount>
      <itemStatus>1</itemStatus>
      <LastUpdateDate />
      <LastUpdateTime />
    </Product>
    <Product>
      <PriceUpdateDate>2013/11/26 09:22</PriceUpdateDate>
      <ItemCode>7290000530369</ItemCode>
      <ItemType>1</ItemType>
      <ItemName>גולן-חזה מעושן}שקילה{</ItemName>
      <ManufactureName>זוגלובק שיווק בעמ</ManufactureName>
      <ManufactureCountry />
      <ManufactureItemDescription />
      <UnitQty>ק"ג</UnitQty>
      <Quantity>1</Quantity>
      <UnitMeasure />
      <BisWeighted>1</BisWeighted>
      <QtyInPackage>1</QtyInPackage>
      <ItemPrice>76.90</ItemPrice>
      <UnitOfMeasurePrice>76.90</UnitOfMeasurePrice>
      <AllowDiscount>0</AllowDiscount>
      <itemStatus>1</itemStatus>
      <LastUpdateDate />
      <LastUpdateTime />
    </Product>
    <Product>
      <PriceUpdateDate>2019/03/06 08:56</PriceUpdateDate>
      <ItemCode>7290000530413</ItemCode>
      <ItemType>1</ItemType>
      <ItemName>המבורגר זהב 400</ItemName>
      <ManufactureName>זוגלובק שיווק בעמ</ManufactureName>
      <ManufactureCountry />
      <ManufactureItemDescription />
      <UnitQty>י"ח</UnitQty>
      <Quantity>400</Quantity>
      <UnitMeasure>ל  גרם</UnitMeasure>
      <BisWeighted>0</BisWeighted>
      <QtyInPackage>1</QtyInPackage>
      <ItemPrice>22.90</ItemPrice>
      <UnitOfMeasurePrice>5.73</UnitOfMeasurePrice>
      <AllowDiscount>1</AllowDiscount>
      <itemStatus>1</itemStatus>
      <LastUpdateDate />
      <LastUpdateTime />
    </Product>
    <Product>
      <PriceUpdateDate>2012/10/16 09:44</PriceUpdateDate>
      <ItemCode>7290000530444</ItemCode>
      <ItemType>1</ItemType>
      <ItemName>כתף בקר מעושן</ItemName>
      <ManufactureName>זוגלובק שיווק בעמ</ManufactureName>
      <ManufactureCountry />
      <ManufactureItemDescription />
      <UnitQty>ק"ג</UnitQty>
      <Quantity>1</Quantity>
      <UnitMeasure />
      <BisWeighted>1</BisWeighted>
      <QtyInPackage>1</QtyInPackage>
      <ItemPrice>110.90</ItemPrice>
      <UnitOfMeasurePrice>110.90</UnitOfMeasurePrice>
      <AllowDiscount>0</AllowDiscount>
      <itemStatus>1</itemStatus>
      <LastUpdateDate />
      <LastUpdateTime />
    </Product>
    <Product>
      <PriceUpdateDate>2017/12/07 11:02</PriceUpdateDate>
      <ItemCode>7290000530468</ItemCode>
      <ItemType>1</ItemType>
      <ItemName>וינר  טרי 1 ק"ג זוגלובק</ItemName>
      <ManufactureName>זוגלובק שיווק בעמ</ManufactureName>
      <ManufactureCountry />
      <ManufactureItemDescription />
      <UnitQty>י"ח</UnitQty>
      <Quantity>1</Quantity>
      <UnitMeasure>ק"ג</UnitMeasure>
      <BisWeighted>0</BisWeighted>
      <QtyInPackage>1</QtyInPackage>
      <ItemPrice>27.90</ItemPrice>
      <UnitOfMeasurePrice>27.90</UnitOfMeasurePrice>
      <AllowDiscount>1</AllowDiscount>
      <itemStatus>1</itemStatus>
      <LastUpdateDate />
      <LastUpdateTime />
    </Product>
    <Product>
      <PriceUpdateDate>2014/01/03 13:46</PriceUpdateDate>
      <ItemCode>7290000530598</ItemCode>
      <ItemType>1</ItemType>
      <ItemName>נקניקיות וינר טרי</ItemName>
      <ManufactureName>זוגלובק שיווק בעמ</ManufactureName>
      <ManufactureCountry />
      <ManufactureItemDescription />
      <UnitQty>י"ח</UnitQty>
      <Quantity>500</Quantity>
      <UnitMeasure>ל  גרם</UnitMeasure>
      <BisWeighted>0</BisWeighted>
      <QtyInPackage>1</QtyInPackage>
      <ItemPrice>17.90</ItemPrice>
      <UnitOfMeasurePrice>3.58</UnitOfMeasurePrice>
      <AllowDiscount>1</AllowDiscount>
      <itemStatus>1</itemStatus>
      <LastUpdateDate />
      <LastUpdateTime />
    </Product>
    <Product>
      <PriceUpdateDate>2015/08/09 10:31</PriceUpdateDate>
      <ItemCode>7290000530604</ItemCode>
      <ItemType>1</ItemType>
      <ItemName>נקנקיות זוגלובק חריפות גוי טרי</ItemName>
      <ManufactureName>זוגלובק שיווק בעמ</ManufactureName>
      <ManufactureCountry />
      <ManufactureItemDescription />
      <UnitQty>י"ח</UnitQty>
      <Quantity>500</Quantity>
      <UnitMeasure>ל  גרם</UnitMeasure>
      <BisWeighted>0</BisWeighted>
      <QtyInPackage>1</QtyInPackage>
      <ItemPrice>17.90</ItemPrice>
      <UnitOfMeasurePrice>3.58</UnitOfMeasurePrice>
      <AllowDiscount>1</AllowDiscount>
      <itemStatus>1</itemStatus>
      <LastUpdateDate />
      <LastUpdateTime />
    </Product>
    <Product>
      <PriceUpdateDate>2013/11/26 09:22</PriceUpdateDate>
      <ItemCode>530871</ItemCode>
      <ItemType>0</ItemType>
      <ItemName>חזה עוף מעושן</ItemName>
      <ManufactureName>זוגלובק שיווק בעמ</ManufactureName>
      <ManufactureCountry />
      <ManufactureItemDescription />
      <UnitQty>ק"ג</UnitQty>
      <Quantity>1</Quantity>
      <UnitMeasure />
      <BisWeighted>1</BisWeighted>
      <QtyInPackage>1</QtyInPackage>
      <ItemPrice>76.90</ItemPrice>
      <UnitOfMeasurePrice>76.90</UnitOfMeasurePrice>
      <AllowDiscount>0</AllowDiscount>
      <itemStatus>1</itemStatus>
      <LastUpdateDate />
      <LastUpdateTime />
    </Product>
    <Product>
      <PriceUpdateDate>2013/11/26 09:22</PriceUpdateDate>
      <ItemCode>7290000531410</ItemCode>
      <ItemType>1</ItemType>
      <ItemName>.פסטרממיה בדבש</ItemName>
      <ManufactureName>זוגלובק שיווק בעמ</ManufactureName>
      <ManufactureCountry />
      <ManufactureItemDescription />
      <UnitQty>ק"ג</UnitQty>
      <Quantity>1</Quantity>
      <UnitMeasure />
      <BisWeighted>1</BisWeighted>
      <QtyInPackage>1</QtyInPackage>
      <ItemPrice>76.90</ItemPrice>
      <UnitOfMeasurePrice>76.90</UnitOfMeasurePrice>
      <AllowDiscount>0</AllowDiscount>
      <itemStatus>1</itemStatus>
      <LastUpdateDate />
      <LastUpdateTime />
    </Product>
    <Product>
      <PriceUpdateDate>2019/03/06 08:56</PriceUpdateDate>
      <ItemCode>7290000531601</ItemCode>
      <ItemType>1</ItemType>
      <ItemName>סטייק בורגר 400 גרם</ItemName>
      <ManufactureName>זוגלובק שיווק בעמ</ManufactureName>
      <ManufactureCountry />
      <ManufactureItemDescription />
      <UnitQty>י"ח</UnitQty>
      <Quantity>400</Quantity>
      <UnitMeasure>ל  גרם</UnitMeasure>
      <BisWeighted>0</BisWeighted>
      <QtyInPackage>1</QtyInPackage>
      <ItemPrice>22.90</ItemPrice>
      <UnitOfMeasurePrice>5.73</UnitOfMeasurePrice>
      <AllowDiscount>1</AllowDiscount>
      <itemStatus>1</itemStatus>
      <LastUpdateDate />
      <LastUpdateTime />
    </Product>
    <Product>
      <PriceUpdateDate>2013/11/26 09:22</PriceUpdateDate>
      <ItemCode>7290000532400</ItemCode>
      <ItemType>1</ItemType>
      <ItemName>פסטרמה חזה הודו ברביקיו</ItemName>
      <ManufactureName>זוגלובק שיווק בעמ</ManufactureName>
      <ManufactureCountry />
      <ManufactureItemDescription />
      <UnitQty>ק"ג</UnitQty>
      <Quantity>1</Quantity>
      <UnitMeasure />
      <BisWeighted>1</BisWeighted>
      <QtyInPackage>1</QtyInPackage>
      <ItemPrice>76.90</ItemPrice>
      <UnitOfMeasurePrice>76.90</UnitOfMeasurePrice>
      <AllowDiscount>0</AllowDiscount>
      <itemStatus>1</itemStatus>
      <LastUpdateDate />
      <LastUpdateTime />
    </Product>
    <Product>
      <PriceUpdateDate>2019/01/20 12:34</PriceUpdateDate>
      <ItemCode>532479</ItemCode>
      <ItemType>0</ItemType>
      <ItemName>נקניקיות חריפות 1 ק"ג קפואות</ItemName>
      <ManufactureName>זוגלובק שיווק בעמ</ManufactureName>
      <ManufactureCountry />
      <ManufactureItemDescription />
      <UnitQty>י"ח</UnitQty>
      <Quantity>1</Quantity>
      <UnitMeasure>ק"ג</UnitMeasure>
      <BisWeighted>0</BisWeighted>
      <QtyInPackage>1</QtyInPackage>
      <ItemPrice>27.90</ItemPrice>
      <UnitOfMeasurePrice>27.90</UnitOfMeasurePrice>
      <AllowDiscount>1</AllowDiscount>
      <itemStatus>1</itemStatus>
      <LastUpdateDate />
      <LastUpdateTime />
    </Product>
    <Product>
      <PriceUpdateDate>2012/10/16 09:44</PriceUpdateDate>
      <ItemCode>7290000532585</ItemCode>
      <ItemType>1</ItemType>
      <ItemName>רוסטביף חצוי</ItemName>
      <ManufactureName>זוגלובק שיווק בעמ</ManufactureName>
      <ManufactureCountry />
      <ManufactureItemDescription />
      <UnitQty>ק"ג</UnitQty>
      <Quantity>1</Quantity>
      <UnitMeasure>י"ח</UnitMeasure>
      <BisWeighted>1</BisWeighted>
      <QtyInPackage>1</QtyInPackage>
      <ItemPrice>146.90</ItemPrice>
      <UnitOfMeasurePrice>146.90</UnitOfMeasurePrice>
      <AllowDiscount>0</AllowDiscount>
      <itemStatus>1</itemStatus>
      <LastUpdateDate />
      <LastUpdateTime />
    </Product>
    <Product>
      <PriceUpdateDate>2012/10/16 09:44</PriceUpdateDate>
      <ItemCode>7290000532721</ItemCode>
      <ItemType>1</ItemType>
      <ItemName>טורו כתף שקילה זוגלובק</ItemName>
      <ManufactureName>זוגלובק שיווק בעמ</ManufactureName>
      <ManufactureCountry />
      <ManufactureItemDescription />
      <UnitQty>ק"ג</UnitQty>
      <Quantity>1</Quantity>
      <UnitMeasure />
      <BisWeighted>1</BisWeighted>
      <QtyInPackage>1</QtyInPackage>
      <ItemPrice>110.90</ItemPrice>
      <UnitOfMeasurePrice>110.90</UnitOfMeasurePrice>
      <AllowDiscount>0</AllowDiscount>
      <itemStatus>1</itemStatus>
      <LastUpdateDate />
      <LastUpdateTime />
    </Product>
    <Product>
      <PriceUpdateDate>2019/06/25 08:09</PriceUpdateDate>
      <ItemCode>7290000533353</ItemCode>
      <ItemType>1</ItemType>
      <ItemName>בצק עלים זוגלובק 1 קג</ItemName>
      <ManufactureName>זוגלובק שיווק בעמ</ManufactureName>
      <ManufactureCountry />
      <ManufactureItemDescription />
      <UnitQty>י"ח</UnitQty>
      <Quantity>1</Quantity>
      <UnitMeasure>ק"ג</UnitMeasure>
      <BisWeighted>0</BisWeighted>
      <QtyInPackage>1</QtyInPackage>
      <ItemPrice>16.90</ItemPrice>
      <UnitOfMeasurePrice>16.90</UnitOfMeasurePrice>
      <AllowDiscount>1</AllowDiscount>
      <itemStatus>1</itemStatus>
      <LastUpdateDate />
      <LastUpdateTime />
    </Product>
    <Product>
      <PriceUpdateDate>2013/11/26 09:22</PriceUpdateDate>
      <ItemCode>7290000533377</ItemCode>
      <ItemType>1</ItemType>
      <ItemName>פסטרמה חזה עוף בגריל</ItemName>
      <ManufactureName>זוגלובק שיווק בעמ</ManufactureName>
      <ManufactureCountry />
      <ManufactureItemDescription />
      <UnitQty>ק"ג</UnitQty>
      <Quantity>1</Quantity>
      <UnitMeasure />
      <BisWeighted>1</BisWeighted>
      <QtyInPackage>1</QtyInPackage>
      <ItemPrice>76.90</ItemPrice>
      <UnitOfMeasurePrice>76.90</UnitOfMeasurePrice>
      <AllowDiscount>0</AllowDiscount>
      <itemStatus>1</itemStatus>
      <LastUpdateDate />
      <LastUpdateTime />
    </Product>
    <Product>
      <PriceUpdateDate>2013/11/26 09:22</PriceUpdateDate>
      <ItemCode>7290000533636</ItemCode>
      <ItemType>1</ItemType>
      <ItemName>פסטרממיה צלויה</ItemName>
      <ManufactureName>זוגלובק שיווק בעמ</ManufactureName>
      <ManufactureCountry />
      <ManufactureItemDescription />
      <UnitQty>ק"ג</UnitQty>
      <Quantity>1</Quantity>
      <UnitMeasure />
      <BisWeighted>1</BisWeighted>
      <QtyInPackage>1</QtyInPackage>
      <ItemPrice>76.90</ItemPrice>
      <UnitOfMeasurePrice>76.90</UnitOfMeasurePrice>
      <AllowDiscount>0</AllowDiscount>
      <itemStatus>1</itemStatus>
      <LastUpdateDate />
      <LastUpdateTime />
    </Product>
    <Product>
      <PriceUpdateDate>2013/11/26 09:22</PriceUpdateDate>
      <ItemCode>7290000533681</ItemCode>
      <ItemType>1</ItemType>
      <ItemName>פסטרממיה-מעושן</ItemName>
      <ManufactureName>זוגלובק שיווק בעמ</ManufactureName>
      <ManufactureCountry />
      <ManufactureItemDescription />
      <UnitQty>י"ח</UnitQty>
      <Quantity>1</Quantity>
      <UnitMeasure>י"ח</UnitMeasure>
      <BisWeighted>1</BisWeighted>
      <QtyInPackage>1</QtyInPackage>
      <ItemPrice>76.90</ItemPrice>
      <UnitOfMeasurePrice>76.90</UnitOfMeasurePrice>
      <AllowDiscount>0</AllowDiscount>
      <itemStatus>1</itemStatus>
      <LastUpdateDate />
      <LastUpdateTime />
    </Product>
    <Product>
      <PriceUpdateDate>2013/11/26 09:22</PriceUpdateDate>
      <ItemCode>7290000534718</ItemCode>
      <ItemType>1</ItemType>
      <ItemName>פסטרמה הודו תבור 1% שומן</ItemName>
      <ManufactureName>זוגלובק שיווק בעמ</ManufactureName>
      <ManufactureCountry />
      <ManufactureItemDescription />
      <UnitQty>ק"ג</UnitQty>
      <Quantity>1</Quantity>
      <UnitMeasure />
      <BisWeighted>1</BisWeighted>
      <QtyInPackage>1</QtyInPackage>
      <ItemPrice>76.90</ItemPrice>
      <UnitOfMeasurePrice>76.90</UnitOfMeasurePrice>
      <AllowDiscount>0</AllowDiscount>
      <itemStatus>1</itemStatus>
      <LastUpdateDate />
      <LastUpdateTime />
    </Product>
    <Product>
      <PriceUpdateDate>2013/11/26 09:22</PriceUpdateDate>
      <ItemCode>7290000534800</ItemCode>
      <ItemType>1</ItemType>
      <ItemName>פסטרמה הודו רומנית</ItemName>
      <ManufactureName>זוגלובק שיווק בעמ</ManufactureName>
      <ManufactureCountry />
      <ManufactureItemDescription />
      <UnitQty>י"ח</UnitQty>
      <Quantity>1</Quantity>
      <UnitMeasure />
      <BisWeighted>1</BisWeighted>
      <QtyInPackage>1</QtyInPackage>
      <ItemPrice>76.90</ItemPrice>
      <UnitOfMeasurePrice>76.90</UnitOfMeasurePrice>
      <AllowDiscount>0</AllowDiscount>
      <itemStatus>1</itemStatus>
      <LastUpdateDate />
      <LastUpdateTime />
    </Product>
    <Product>
      <PriceUpdateDate>2012/10/16 09:44</PriceUpdateDate>
      <ItemCode>7290000535791</ItemCode>
      <ItemType>1</ItemType>
      <ItemName>חזה בקר מעושן ניו-יורק</ItemName>
      <ManufactureName>זוגלובק שיווק בעמ</ManufactureName>
      <ManufactureCountry />
      <ManufactureItemDescription />
      <UnitQty>י"ח</UnitQty>
      <Quantity>1</Quantity>
      <UnitMeasure />
      <BisWeighted>1</BisWeighted>
      <QtyInPackage>1</QtyInPackage>
      <ItemPrice>110.90</ItemPrice>
      <UnitOfMeasurePrice>110.90</UnitOfMeasurePrice>
      <AllowDiscount>0</AllowDiscount>
      <itemStatus>1</itemStatus>
      <LastUpdateDate />
      <LastUpdateTime />
    </Product>
    <Product>
      <PriceUpdateDate>2016/06/20 17:05</PriceUpdateDate>
      <ItemCode>7290000536316</ItemCode>
      <ItemType>1</ItemType>
      <ItemName>שניצל מן  הצומח]זוגלובק[</ItemName>
      <ManufactureName>זוגלובק שיווק בעמ</ManufactureName>
      <ManufactureCountry />
      <ManufactureItemDescription />
      <UnitQty>י"ח</UnitQty>
      <Quantity>1</Quantity>
      <UnitMeasure>ק"ג</UnitMeasure>
      <BisWeighted>0</BisWeighted>
      <QtyInPackage>1</QtyInPackage>
      <ItemPrice>30.90</ItemPrice>
      <UnitOfMeasurePrice>30.90</UnitOfMeasurePrice>
      <AllowDiscount>1</AllowDiscount>
      <itemStatus>1</itemStatus>
      <LastUpdateDate />
      <LastUpdateTime />
    </Product>
    <Product>
      <PriceUpdateDate>2016/07/26 09:48</PriceUpdateDate>
      <ItemCode>536743</ItemCode>
      <ItemType>0</ItemType>
      <ItemName>קריספי סטיקס תירס 500 גרם</ItemName>
      <ManufactureName>זוגלובק שיווק בעמ</ManufactureName>
      <ManufactureCountry />
      <ManufactureItemDescription />
      <UnitQty>י"ח</UnitQty>
      <Quantity>1.50</Quantity>
      <UnitMeasure>ק"ג</UnitMeasure>
      <BisWeighted>0</BisWeighted>
      <QtyInPackage>1</QtyInPackage>
      <ItemPrice>16.90</ItemPrice>
      <UnitOfMeasurePrice>11.27</UnitOfMeasurePrice>
      <AllowDiscount>1</AllowDiscount>
      <itemStatus>1</itemStatus>
      <LastUpdateDate />
      <LastUpdateTime />
    </Product>
    <Product>
      <PriceUpdateDate>2014/01/03 13:46</PriceUpdateDate>
      <ItemCode>7290000536774</ItemCode>
      <ItemType>1</ItemType>
      <ItemName>נקניקיות  מן צומח 1ק"ג</ItemName>
      <ManufactureName>זוגלובק שיווק בעמ</ManufactureName>
      <ManufactureCountry />
      <ManufactureItemDescription />
      <UnitQty>י"ח</UnitQty>
      <Quantity>1</Quantity>
      <UnitMeasure>ק"ג</UnitMeasure>
      <BisWeighted>0</BisWeighted>
      <QtyInPackage>1</QtyInPackage>
      <ItemPrice>40.90</ItemPrice>
      <UnitOfMeasurePrice>40.90</UnitOfMeasurePrice>
      <AllowDiscount>1</AllowDiscount>
      <itemStatus>1</itemStatus>
      <LastUpdateDate />
      <LastUpdateTime />
    </Product>
    <Product>
      <PriceUpdateDate>2019/03/03 08:50</PriceUpdateDate>
      <ItemCode>7290000536781</ItemCode>
      <ItemType>1</ItemType>
      <ItemName>קבב מן הצומח 1 ק"ג</ItemName>
      <ManufactureName>זוגלובק שיווק בעמ</ManufactureName>
      <ManufactureCountry />
      <ManufactureItemDescription />
      <UnitQty>י"ח</UnitQty>
      <Quantity>1</Quantity>
      <UnitMeasure>ק"ג</UnitMeasure>
      <BisWeighted>0</BisWeighted>
      <QtyInPackage>1</QtyInPackage>
      <ItemPrice>29.90</ItemPrice>
      <UnitOfMeasurePrice>29.90</UnitOfMeasurePrice>
      <AllowDiscount>1</AllowDiscount>
      <itemStatus>1</itemStatus>
      <LastUpdateDate />
      <LastUpdateTime />
    </Product>
    <Product>
      <PriceUpdateDate>2014/01/03 13:46</PriceUpdateDate>
      <ItemCode>7290000537566</ItemCode>
      <ItemType>1</ItemType>
      <ItemName>נקניקיות עוף טרי 400 ג זוגלובק</ItemName>
      <ManufactureName>זוגלובק שיווק בעמ</ManufactureName>
      <ManufactureCountry />
      <ManufactureItemDescription />
      <UnitQty>י"ח</UnitQty>
      <Quantity>400</Quantity>
      <UnitMeasure>ל  גרם</UnitMeasure>
      <BisWeighted>0</BisWeighted>
      <QtyInPackage>1</QtyInPackage>
      <ItemPrice>15</ItemPrice>
      <UnitOfMeasurePrice>3.75</UnitOfMeasurePrice>
      <AllowDiscount>1</AllowDiscount>
      <itemStatus>1</itemStatus>
      <LastUpdateDate />
      <LastUpdateTime />
    </Product>
    <Product>
      <PriceUpdateDate>2014/01/03 13:46</PriceUpdateDate>
      <ItemCode>7290000537610</ItemCode>
      <ItemType>1</ItemType>
      <ItemName>סלמי עממי}זוגלובק{שקיל</ItemName>
      <ManufactureName>זוגלובק שיווק בעמ</ManufactureName>
      <ManufactureCountry />
      <ManufactureItemDescription />
      <UnitQty>ק"ג</UnitQty>
      <Quantity>1</Quantity>
      <UnitMeasure />
      <BisWeighted>1</BisWeighted>
      <QtyInPackage>1</QtyInPackage>
      <ItemPrice>55.20</ItemPrice>
      <UnitOfMeasurePrice>55.20</UnitOfMeasurePrice>
      <AllowDiscount>0</AllowDiscount>
      <itemStatus>1</itemStatus>
      <LastUpdateDate />
      <LastUpdateTime />
    </Product>
    <Product>
      <PriceUpdateDate>2013/11/26 09:22</PriceUpdateDate>
      <ItemCode>7290000538099</ItemCode>
      <ItemType>1</ItemType>
      <ItemName>פסטרמה כפרית 1% שומן</ItemName>
      <ManufactureName>זוגלובק שיווק בעמ</ManufactureName>
      <ManufactureCountry />
      <ManufactureItemDescription />
      <UnitQty>ק"ג</UnitQty>
      <Quantity>1</Quantity>
      <UnitMeasure />
      <BisWeighted>1</BisWeighted>
      <QtyInPackage>1</QtyInPackage>
      <ItemPrice>76.90</ItemPrice>
      <UnitOfMeasurePrice>76.90</UnitOfMeasurePrice>
      <AllowDiscount>0</AllowDiscount>
      <itemStatus>1</itemStatus>
      <LastUpdateDate />
      <LastUpdateTime />
    </Product>
    <Product>
      <PriceUpdateDate>2016/11/21 09:51</PriceUpdateDate>
      <ItemCode>540931</ItemCode>
      <ItemType>0</ItemType>
      <ItemName>עוגיות  400ג טעמים שונים</ItemName>
      <ManufactureName>ציון תורגמן בעמ</ManufactureName>
      <ManufactureCountry />
      <ManufactureItemDescription />
      <UnitQty>י"ח</UnitQty>
      <Quantity>400</Quantity>
      <UnitMeasure>ל  גרם</UnitMeasure>
      <BisWeighted>0</BisWeighted>
      <QtyInPackage>1</QtyInPackage>
      <ItemPrice>11.90</ItemPrice>
      <UnitOfMeasurePrice>2.98</UnitOfMeasurePrice>
      <AllowDiscount>1</AllowDiscount>
      <itemStatus>1</itemStatus>
      <LastUpdateDate />
      <LastUpdateTime />
    </Product>
    <Product>
      <PriceUpdateDate>2015/02/10 08:08</PriceUpdateDate>
      <ItemCode>7290000552927</ItemCode>
      <ItemType>1</ItemType>
      <ItemName>טחון עוף טיבון ויל</ItemName>
      <ManufactureName>נטו מלינדה סחר בעמ</ManufactureName>
      <ManufactureCountry />
      <ManufactureItemDescription />
      <UnitQty>י"ח</UnitQty>
      <Quantity>500</Quantity>
      <UnitMeasure>ל  גרם</UnitMeasure>
      <BisWeighted>0</BisWeighted>
      <QtyInPackage>1</QtyInPackage>
      <ItemPrice>13.90</ItemPrice>
      <UnitOfMeasurePrice>2.78</UnitOfMeasurePrice>
      <AllowDiscount>1</AllowDiscount>
      <itemStatus>1</itemStatus>
      <LastUpdateDate />
      <LastUpdateTime />
    </Product>
    <Product>
      <PriceUpdateDate>2015/07/02 08:10</PriceUpdateDate>
      <ItemCode>7290000552934</ItemCode>
      <ItemType>1</ItemType>
      <ItemName>טחון הודו 500 גרם</ItemName>
      <ManufactureName>נטו מלינדה סחר בעמ</ManufactureName>
      <ManufactureCountry />
      <ManufactureItemDescription />
      <UnitQty>י"ח</UnitQty>
      <Quantity>500</Quantity>
      <UnitMeasure>ל  גרם</UnitMeasure>
      <BisWeighted>0</BisWeighted>
      <QtyInPackage>1</QtyInPackage>
      <ItemPrice>13.90</ItemPrice>
      <UnitOfMeasurePrice>2.78</UnitOfMeasurePrice>
      <AllowDiscount>1</AllowDiscount>
      <itemStatus>1</itemStatus>
      <LastUpdateDate />
      <LastUpdateTime />
    </Product>
    <Product>
      <PriceUpdateDate>2014/05/19 17:20</PriceUpdateDate>
      <ItemCode>7290000560021</ItemCode>
      <ItemType>1</ItemType>
      <ItemName>אדג  ג ל נגד חתכים</ItemName>
      <ManufactureName>דנשר (1963) בעמ</ManufactureName>
      <ManufactureCountry />
      <ManufactureItemDescription />
      <UnitQty>י"ח</UnitQty>
      <Quantity>200</Quantity>
      <UnitMeasure>ל  גרם</UnitMeasure>
      <BisWeighted>0</BisWeighted>
      <QtyInPackage>1</QtyInPackage>
      <ItemPrice>18.90</ItemPrice>
      <UnitOfMeasurePrice>9.45</UnitOfMeasurePrice>
      <AllowDiscount>1</AllowDiscount>
      <itemStatus>1</itemStatus>
      <LastUpdateDate />
      <LastUpdateTime />
    </Product>
    <Product>
      <PriceUpdateDate>2020/02/18 07:58</PriceUpdateDate>
      <ItemCode>7290000560533</ItemCode>
      <ItemType>1</ItemType>
      <ItemName>אדג  ג ל רגיל 200</ItemName>
      <ManufactureName>דנשר (1963) בעמ</ManufactureName>
      <ManufactureCountry />
      <ManufactureItemDescription />
      <UnitQty>י"ח</UnitQty>
      <Quantity>200</Quantity>
      <UnitMeasure>ל  גרם</UnitMeasure>
      <BisWeighted>0</BisWeighted>
      <QtyInPackage>1</QtyInPackage>
      <ItemPrice>18.90</ItemPrice>
      <UnitOfMeasurePrice>9.45</UnitOfMeasurePrice>
      <AllowDiscount>1</AllowDiscount>
      <itemStatus>1</itemStatus>
      <LastUpdateDate />
      <LastUpdateTime />
    </Product>
    <Product>
      <PriceUpdateDate>2014/05/19 17:20</PriceUpdateDate>
      <ItemCode>7290000560540</ItemCode>
      <ItemType>1</ItemType>
      <ItemName>אדג  ג ל רגיש 200</ItemName>
      <ManufactureName>דנשר (1963) בעמ</ManufactureName>
      <ManufactureCountry />
      <ManufactureItemDescription />
      <UnitQty>י"ח</UnitQty>
      <Quantity>200</Quantity>
      <UnitMeasure>ל  גרם</UnitMeasure>
      <BisWeighted>0</BisWeighted>
      <QtyInPackage>1</QtyInPackage>
      <ItemPrice>18.90</ItemPrice>
      <UnitOfMeasurePrice>9.45</UnitOfMeasurePrice>
      <AllowDiscount>1</AllowDiscount>
      <itemStatus>1</itemStatus>
      <LastUpdateDate />
      <LastUpdateTime />
    </Product>
    <Product>
      <PriceUpdateDate>2014/05/19 17:20</PriceUpdateDate>
      <ItemCode>7290000560557</ItemCode>
      <ItemType>1</ItemType>
      <ItemName>אדג  ג ל לריכוך</ItemName>
      <ManufactureName>דנשר (1963) בעמ</ManufactureName>
      <ManufactureCountry />
      <ManufactureItemDescription />
      <UnitQty>י"ח</UnitQty>
      <Quantity>200</Quantity>
      <UnitMeasure>ל  גרם</UnitMeasure>
      <BisWeighted>0</BisWeighted>
      <QtyInPackage>1</QtyInPackage>
      <ItemPrice>18.90</ItemPrice>
      <UnitOfMeasurePrice>9.45</UnitOfMeasurePrice>
      <AllowDiscount>1</AllowDiscount>
      <itemStatus>1</itemStatus>
      <LastUpdateDate />
      <LastUpdateTime />
    </Product>
    <Product>
      <PriceUpdateDate>2020/02/18 07:58</PriceUpdateDate>
      <ItemCode>7290000560861</ItemCode>
      <ItemType>1</ItemType>
      <ItemName>אדג  ג ל לבן לניקוי עור הפנים 200מ"ל</ItemName>
      <ManufactureName>דנשר (1963) בעמ</ManufactureName>
      <ManufactureCountry />
      <ManufactureItemDescription />
      <UnitQty>י"ח</UnitQty>
      <Quantity>200</Quantity>
      <UnitMeasure>ל  גרם</UnitMeasure>
      <BisWeighted>0</BisWeighted>
      <QtyInPackage>1</QtyInPackage>
      <ItemPrice>18.90</ItemPrice>
      <UnitOfMeasurePrice>9.45</UnitOfMeasurePrice>
      <AllowDiscount>1</AllowDiscount>
      <itemStatus>1</itemStatus>
      <LastUpdateDate />
      <LastUpdateTime />
    </Product>
    <Product>
      <PriceUpdateDate>2020/04/20 09:37</PriceUpdateDate>
      <ItemCode>7290000611136</ItemCode>
      <ItemType>1</ItemType>
      <ItemName>כבד  פטם}קפוא{</ItemName>
      <ManufactureName>נטו מלינדה סחר בעמ</ManufactureName>
      <ManufactureCountry />
      <ManufactureItemDescription />
      <UnitQty>ק"ג</UnitQty>
      <Quantity>1</Quantity>
      <UnitMeasure>ק"ג</UnitMeasure>
      <BisWeighted>1</BisWeighted>
      <QtyInPackage>1</QtyInPackage>
      <ItemPrice>14.90</ItemPrice>
      <UnitOfMeasurePrice>14.90</UnitOfMeasurePrice>
      <AllowDiscount>1</AllowDiscount>
      <itemStatus>1</itemStatus>
      <LastUpdateDate />
      <LastUpdateTime />
    </Product>
    <Product>
      <PriceUpdateDate>2017/11/09 09:34</PriceUpdateDate>
      <ItemCode>4015000615884</ItemCode>
      <ItemType>1</ItemType>
      <ItemName>פה דאורדורנט ספר</ItemName>
      <ManufactureName>הנקל סוד בעמ</ManufactureName>
      <ManufactureCountry />
      <ManufactureItemDescription />
      <UnitQty>י"ח</UnitQty>
      <Quantity>200</Quantity>
      <UnitMeasure>ל  מ"ל</UnitMeasure>
      <BisWeighted>0</BisWeighted>
      <QtyInPackage>1</QtyInPackage>
      <ItemPrice>10.90</ItemPrice>
      <UnitOfMeasurePrice>5.45</UnitOfMeasurePrice>
      <AllowDiscount>1</AllowDiscount>
      <itemStatus>1</itemStatus>
      <LastUpdateDate />
      <LastUpdateTime />
    </Product>
    <Product>
      <PriceUpdateDate>2017/11/09 09:34</PriceUpdateDate>
      <ItemCode>4015000615891</ItemCode>
      <ItemType>1</ItemType>
      <ItemName>פה דאורדורנט ספר</ItemName>
      <ManufactureName>הנקל סוד בעמ</ManufactureName>
      <ManufactureCountry />
      <ManufactureItemDescription />
      <UnitQty>י"ח</UnitQty>
      <Quantity>200</Quantity>
      <UnitMeasure>ל  מ"ל</UnitMeasure>
      <BisWeighted>0</BisWeighted>
      <QtyInPackage>1</QtyInPackage>
      <ItemPrice>10.90</ItemPrice>
      <UnitOfMeasurePrice>5.45</UnitOfMeasurePrice>
      <AllowDiscount>1</AllowDiscount>
      <itemStatus>1</itemStatus>
      <LastUpdateDate />
      <LastUpdateTime />
    </Product>
    <Product>
      <PriceUpdateDate>2017/11/09 09:34</PriceUpdateDate>
      <ItemCode>4015000615921</ItemCode>
      <ItemType>1</ItemType>
      <ItemName>פה דאורדורנט ספריי</ItemName>
      <ManufactureName>הנקל סוד בעמ</ManufactureName>
      <ManufactureCountry />
      <ManufactureItemDescription />
      <UnitQty>י"ח</UnitQty>
      <Quantity>200</Quantity>
      <UnitMeasure>ל  מ"ל</UnitMeasure>
      <BisWeighted>0</BisWeighted>
      <QtyInPackage>1</QtyInPackage>
      <ItemPrice>10.90</ItemPrice>
      <UnitOfMeasurePrice>5.45</UnitOfMeasurePrice>
      <AllowDiscount>1</AllowDiscount>
      <itemStatus>1</itemStatus>
      <LastUpdateDate />
      <LastUpdateTime />
    </Product>
    <Product>
      <PriceUpdateDate>2017/11/30 14:38</PriceUpdateDate>
      <ItemCode>7290000631004</ItemCode>
      <ItemType>1</ItemType>
      <ItemName>כבד עוף קפוא</ItemName>
      <ManufactureName>תנובה בשר</ManufactureName>
      <ManufactureCountry />
      <ManufactureItemDescription />
      <UnitQty>ק"ג</UnitQty>
      <Quantity>1</Quantity>
      <UnitMeasure>ק"ג</UnitMeasure>
      <BisWeighted>1</BisWeighted>
      <QtyInPackage>1</QtyInPackage>
      <ItemPrice>12.90</ItemPrice>
      <UnitOfMeasurePrice>12.90</UnitOfMeasurePrice>
      <AllowDiscount>1</AllowDiscount>
      <itemStatus>1</itemStatus>
      <LastUpdateDate />
      <LastUpdateTime />
    </Product>
    <Product>
      <PriceUpdateDate>2020/04/19 14:16</PriceUpdateDate>
      <ItemCode>7290000632452</ItemCode>
      <ItemType>1</ItemType>
      <ItemName>כרעיים עוף טרי(קצביה )**.</ItemName>
      <ManufactureName>ח.י. מעדני גורמה בעמ</ManufactureName>
      <ManufactureCountry />
      <ManufactureItemDescription />
      <UnitQty>ק"ג</UnitQty>
      <Quantity>1</Quantity>
      <UnitMeasure>ק"ג</UnitMeasure>
      <BisWeighted>1</BisWeighted>
      <QtyInPackage>1</QtyInPackage>
      <ItemPrice>27.90</ItemPrice>
      <UnitOfMeasurePrice>27.90</UnitOfMeasurePrice>
      <AllowDiscount>1</AllowDiscount>
      <itemStatus>1</itemStatus>
      <LastUpdateDate />
      <LastUpdateTime />
    </Product>
    <Product>
      <PriceUpdateDate>2017/08/01 09:03</PriceUpdateDate>
      <ItemCode>633800</ItemCode>
      <ItemType>0</ItemType>
      <ItemName>כנפיים פטם  עטרה]קפוא[</ItemName>
      <ManufactureName>נטו מלינדה סחר בעמ</ManufactureName>
      <ManufactureCountry />
      <ManufactureItemDescription />
      <UnitQty>ק"ג</UnitQty>
      <Quantity>1</Quantity>
      <UnitMeasure>ק"ג</UnitMeasure>
      <BisWeighted>1</BisWeighted>
      <QtyInPackage>1</QtyInPackage>
      <ItemPrice>14.90</ItemPrice>
      <UnitOfMeasurePrice>14.90</UnitOfMeasurePrice>
      <AllowDiscount>1</AllowDiscount>
      <itemStatus>1</itemStatus>
      <LastUpdateDate />
      <LastUpdateTime />
    </Product>
    <Product>
      <PriceUpdateDate>2014/01/05 09:36</PriceUpdateDate>
      <ItemCode>7290000679440</ItemCode>
      <ItemType>1</ItemType>
      <ItemName>משחה לתינוק 100 ג` דוקטור פישר</ItemName>
      <ManufactureName>פישר תעשיות פרמבצטיות בעמ</ManufactureName>
      <ManufactureCountry />
      <ManufactureItemDescription />
      <UnitQty>י"ח</UnitQty>
      <Quantity>100</Quantity>
      <UnitMeasure>ל  גרם</UnitMeasure>
      <BisWeighted>0</BisWeighted>
      <QtyInPackage>1</QtyInPackage>
      <ItemPrice>16</ItemPrice>
      <UnitOfMeasurePrice>16</UnitOfMeasurePrice>
      <AllowDiscount>1</AllowDiscount>
      <itemStatus>1</itemStatus>
      <LastUpdateDate />
      <LastUpdateTime />
    </Product>
    <Product>
      <PriceUpdateDate>2013/12/04 14:40</PriceUpdateDate>
      <ItemCode>688374</ItemCode>
      <ItemType>0</ItemType>
      <ItemName>מי עדן בייבי שישיה 250</ItemName>
      <ManufactureName>יפאורה שותפות מוגבלת לשיווק</ManufactureName>
      <ManufactureCountry />
      <ManufactureItemDescription />
      <UnitQty>י"ח</UnitQty>
      <Quantity>1.50</Quantity>
      <UnitMeasure>ליטר</UnitMeasure>
      <BisWeighted>0</BisWeighted>
      <QtyInPackage>1</QtyInPackage>
      <ItemPrice>15.80</ItemPrice>
      <UnitOfMeasurePrice>9.33</UnitOfMeasurePrice>
      <AllowDiscount>1</AllowDiscount>
      <itemStatus>1</itemStatus>
      <LastUpdateDate />
      <LastUpdateTime />
    </Product>
    <Product>
      <PriceUpdateDate>2012/07/01 23:12</PriceUpdateDate>
      <ItemCode>7290000688466</ItemCode>
      <ItemType>1</ItemType>
      <ItemName>מי עדן 750 מ"ל.</ItemName>
      <ManufactureName>יפאורה שותפות מוגבלת לשיווק</ManufactureName>
      <ManufactureCountry />
      <ManufactureItemDescription />
      <UnitQty>י"ח</UnitQty>
      <Quantity>750</Quantity>
      <UnitMeasure>ל  מ"ל</UnitMeasure>
      <BisWeighted>0</BisWeighted>
      <QtyInPackage>1</QtyInPackage>
      <ItemPrice>3.80</ItemPrice>
      <UnitOfMeasurePrice>0.47</UnitOfMeasurePrice>
      <AllowDiscount>1</AllowDiscount>
      <itemStatus>1</itemStatus>
      <LastUpdateDate />
      <LastUpdateTime />
    </Product>
    <Product>
      <PriceUpdateDate>2016/02/16 09:11</PriceUpdateDate>
      <ItemCode>688503</ItemCode>
      <ItemType>0</ItemType>
      <ItemName>מי עדן שישייה ג ים 750 מ"ל</ItemName>
      <ManufactureName>יפאורה שותפות מוגבלת לשיווק</ManufactureName>
      <ManufactureCountry />
      <ManufactureItemDescription />
      <UnitQty>י"ח</UnitQty>
      <Quantity>4.50</Quantity>
      <UnitMeasure>ליטר</UnitMeasure>
      <BisWeighted>0</BisWeighted>
      <QtyInPackage>1</QtyInPackage>
      <ItemPrice>17.70</ItemPrice>
      <UnitOfMeasurePrice>3.53</UnitOfMeasurePrice>
      <AllowDiscount>1</AllowDiscount>
      <itemStatus>1</itemStatus>
      <LastUpdateDate />
      <LastUpdateTime />
    </Product>
    <Product>
      <PriceUpdateDate>2014/01/03 13:46</PriceUpdateDate>
      <ItemCode>7290000692135</ItemCode>
      <ItemType>1</ItemType>
      <ItemName>ספיד סטיק גבר ירוק</ItemName>
      <ManufactureName>ש.שסטוביץ בעמ</ManufactureName>
      <ManufactureCountry />
      <ManufactureItemDescription />
      <UnitQty>י"ח</UnitQty>
      <Quantity>60</Quantity>
      <UnitMeasure>ל  גרם</UnitMeasure>
      <BisWeighted>0</BisWeighted>
      <QtyInPackage>1</QtyInPackage>
      <ItemPrice>23.90</ItemPrice>
      <UnitOfMeasurePrice>39.83</UnitOfMeasurePrice>
      <AllowDiscount>1</AllowDiscount>
      <itemStatus>1</itemStatus>
      <LastUpdateDate />
      <LastUpdateTime />
    </Product>
    <Product>
      <PriceUpdateDate>2017/07/12 07:56</PriceUpdateDate>
      <ItemCode>7290000803067</ItemCode>
      <ItemType>1</ItemType>
      <ItemName>אלמקס לילדים 75מ"ל</ItemName>
      <ManufactureName>ש.שסטוביץ בעמ</ManufactureName>
      <ManufactureCountry />
      <ManufactureItemDescription />
      <UnitQty>י"ח</UnitQty>
      <Quantity>75</Quantity>
      <UnitMeasure>ל  גרם</UnitMeasure>
      <BisWeighted>0</BisWeighted>
      <QtyInPackage>1</QtyInPackage>
      <ItemPrice>14.90</ItemPrice>
      <UnitOfMeasurePrice>19.87</UnitOfMeasurePrice>
      <AllowDiscount>1</AllowDiscount>
      <itemStatus>1</itemStatus>
      <LastUpdateDate />
      <LastUpdateTime />
    </Product>
    <Product>
      <PriceUpdateDate>2014/09/01 09:28</PriceUpdateDate>
      <ItemCode>7290000804484</ItemCode>
      <ItemType>1</ItemType>
      <ItemName>אלמקס שטיפת פה</ItemName>
      <ManufactureName>ש.שסטוביץ בעמ</ManufactureName>
      <ManufactureCountry />
      <ManufactureItemDescription />
      <UnitQty>י"ח</UnitQty>
      <Quantity>400</Quantity>
      <UnitMeasure>ל  מ"ל</UnitMeasure>
      <BisWeighted>0</BisWeighted>
      <QtyInPackage>1</QtyInPackage>
      <ItemPrice>26.50</ItemPrice>
      <UnitOfMeasurePrice>6.63</UnitOfMeasurePrice>
      <AllowDiscount>1</AllowDiscount>
      <itemStatus>1</itemStatus>
      <LastUpdateDate />
      <LastUpdateTime />
    </Product>
    <Product>
      <PriceUpdateDate>2014/04/30 16:55</PriceUpdateDate>
      <ItemCode>921005</ItemCode>
      <ItemType>0</ItemType>
      <ItemName>שמפו דק ועדין 700 מ"ל</ItemName>
      <ManufactureName>הנקל סוד בעמ</ManufactureName>
      <ManufactureCountry />
      <ManufactureItemDescription />
      <UnitQty>י"ח</UnitQty>
      <Quantity>700</Quantity>
      <UnitMeasure>ל  מ"ל</UnitMeasure>
      <BisWeighted>0</BisWeighted>
      <QtyInPackage>1</QtyInPackage>
      <ItemPrice>12.90</ItemPrice>
      <UnitOfMeasurePrice>1.84</UnitOfMeasurePrice>
      <AllowDiscount>1</AllowDiscount>
      <itemStatus>1</itemStatus>
      <LastUpdateDate />
      <LastUpdateTime />
    </Product>
    <Product>
      <PriceUpdateDate>2015/02/18 08:25</PriceUpdateDate>
      <ItemCode>7290100923047</ItemCode>
      <ItemType>1</ItemType>
      <ItemName>תחליב רחצה 750 מ"ג ורוד</ItemName>
      <ManufactureName>הנקל סוד בעמ</ManufactureName>
      <ManufactureCountry />
      <ManufactureItemDescription />
      <UnitQty>י"ח</UnitQty>
      <Quantity>750</Quantity>
      <UnitMeasure>ל  מ"ל</UnitMeasure>
      <BisWeighted>0</BisWeighted>
      <QtyInPackage>1</QtyInPackage>
      <ItemPrice>11.90</ItemPrice>
      <UnitOfMeasurePrice>1.59</UnitOfMeasurePrice>
      <AllowDiscount>1</AllowDiscount>
      <itemStatus>1</itemStatus>
      <LastUpdateDate />
      <LastUpdateTime />
    </Product>
    <Product>
      <PriceUpdateDate>2015/02/18 08:25</PriceUpdateDate>
      <ItemCode>7290100923054</ItemCode>
      <ItemType>1</ItemType>
      <ItemName>תחליב רחצה 750 מ"ג ירוק</ItemName>
      <ManufactureName>הנקל סוד בעמ</ManufactureName>
      <ManufactureCountry />
      <ManufactureItemDescription />
      <UnitQty>י"ח</UnitQty>
      <Quantity>750</Quantity>
      <UnitMeasure>ל  מ"ל</UnitMeasure>
      <BisWeighted>0</BisWeighted>
      <QtyInPackage>1</QtyInPackage>
      <ItemPrice>11.90</ItemPrice>
      <UnitOfMeasurePrice>1.59</UnitOfMeasurePrice>
      <AllowDiscount>1</AllowDiscount>
      <itemStatus>1</itemStatus>
      <LastUpdateDate />
      <LastUpdateTime />
    </Product>
    <Product>
      <PriceUpdateDate>2020/05/03 15:08</PriceUpdateDate>
      <ItemCode>993195</ItemCode>
      <ItemType>0</ItemType>
      <ItemName>ענבים לבנים מארז</ItemName>
      <ManufactureName>ביכורי הנגב מ.ד בעמ</ManufactureName>
      <ManufactureCountry />
      <ManufactureItemDescription />
      <UnitQty>ק"ג</UnitQty>
      <Quantity>1</Quantity>
      <UnitMeasure />
      <BisWeighted>1</BisWeighted>
      <QtyInPackage>1</QtyInPackage>
      <ItemPrice>39.90</ItemPrice>
      <UnitOfMeasurePrice>39.90</UnitOfMeasurePrice>
      <AllowDiscount>0</AllowDiscount>
      <itemStatus>1</itemStatus>
      <LastUpdateDate />
      <LastUpdateTime />
    </Product>
    <Product>
      <PriceUpdateDate>2015/06/09 09:32</PriceUpdateDate>
      <ItemCode>7290001123775</ItemCode>
      <ItemType>1</ItemType>
      <ItemName>שווארמה אמיתית טיבון ויל</ItemName>
      <ManufactureName>נטו מלינדה סחר בעמ</ManufactureName>
      <ManufactureCountry />
      <ManufactureItemDescription />
      <UnitQty>י"ח</UnitQty>
      <Quantity>500</Quantity>
      <UnitMeasure>ל  גרם</UnitMeasure>
      <BisWeighted>0</BisWeighted>
      <QtyInPackage>1</QtyInPackage>
      <ItemPrice>28.90</ItemPrice>
      <UnitOfMeasurePrice>5.78</UnitOfMeasurePrice>
      <AllowDiscount>1</AllowDiscount>
      <itemStatus>1</itemStatus>
      <LastUpdateDate />
      <LastUpdateTime />
    </Product>
    <Product>
      <PriceUpdateDate>2015/06/09 09:32</PriceUpdateDate>
      <ItemCode>7290001123782</ItemCode>
      <ItemType>1</ItemType>
      <ItemName>שווארמה הודו טיבון ויל</ItemName>
      <ManufactureName>נטו מלינדה סחר בעמ</ManufactureName>
      <ManufactureCountry />
      <ManufactureItemDescription />
      <UnitQty>י"ח</UnitQty>
      <Quantity>500</Quantity>
      <UnitMeasure>ל  גרם</UnitMeasure>
      <BisWeighted>0</BisWeighted>
      <QtyInPackage>1</QtyInPackage>
      <ItemPrice>28.90</ItemPrice>
      <UnitOfMeasurePrice>5.78</UnitOfMeasurePrice>
      <AllowDiscount>1</AllowDiscount>
      <itemStatus>1</itemStatus>
      <LastUpdateDate />
      <LastUpdateTime />
    </Product>
    <Product>
      <PriceUpdateDate>2014/03/18 14:37</PriceUpdateDate>
      <ItemCode>7290001124536</ItemCode>
      <ItemType>1</ItemType>
      <ItemName>מג יק טעם תירס בכוס</ItemName>
      <ManufactureName>נטו מלינדה סחר בעמ</ManufactureName>
      <ManufactureCountry />
      <ManufactureItemDescription />
      <UnitQty>י"ח</UnitQty>
      <Quantity>70</Quantity>
      <UnitMeasure>ל  גרם</UnitMeasure>
      <BisWeighted>0</BisWeighted>
      <QtyInPackage>1</QtyInPackage>
      <ItemPrice>3.90</ItemPrice>
      <UnitOfMeasurePrice>5.57</UnitOfMeasurePrice>
      <AllowDiscount>1</AllowDiscount>
      <itemStatus>1</itemStatus>
      <LastUpdateDate />
      <LastUpdateTime />
    </Product>
    <Product>
      <PriceUpdateDate>2020/05/03 15:08</PriceUpdateDate>
      <ItemCode>1128718</ItemCode>
      <ItemType>0</ItemType>
      <ItemName>שקדים מוכשר</ItemName>
      <ManufactureName>נטו מלינדה סחר בעמ</ManufactureName>
      <ManufactureCountry />
      <ManufactureItemDescription />
      <UnitQty>ק"ג</UnitQty>
      <Quantity>1</Quantity>
      <UnitMeasure />
      <BisWeighted>1</BisWeighted>
      <QtyInPackage>1</QtyInPackage>
      <ItemPrice>229.90</ItemPrice>
      <UnitOfMeasurePrice>229.90</UnitOfMeasurePrice>
      <AllowDiscount>0</AllowDiscount>
      <itemStatus>1</itemStatus>
      <LastUpdateDate />
      <LastUpdateTime />
    </Product>
    <Product>
      <PriceUpdateDate>2019/02/13 13:33</PriceUpdateDate>
      <ItemCode>7290001136287</ItemCode>
      <ItemType>1</ItemType>
      <ItemName>שמפו נקה 7 לשיער רגיל</ItemName>
      <ManufactureName>החב הדרומית לשיווק</ManufactureName>
      <ManufactureCountry />
      <ManufactureItemDescription />
      <UnitQty>י"ח</UnitQty>
      <Quantity>750</Quantity>
      <UnitMeasure>ל  מ"ל</UnitMeasure>
      <BisWeighted>0</BisWeighted>
      <QtyInPackage>1</QtyInPackage>
      <ItemPrice>10.90</ItemPrice>
      <UnitOfMeasurePrice>1.45</UnitOfMeasurePrice>
      <AllowDiscount>1</AllowDiscount>
      <itemStatus>1</itemStatus>
      <LastUpdateDate />
      <LastUpdateTime />
    </Product>
    <Product>
      <PriceUpdateDate>2019/02/13 13:33</PriceUpdateDate>
      <ItemCode>7290001136294</ItemCode>
      <ItemType>1</ItemType>
      <ItemName>שמפו נקה 7 לשיער יבש 750 מ"ל </ItemName>
      <ManufactureName>החב הדרומית לשיווק</ManufactureName>
      <ManufactureCountry />
      <ManufactureItemDescription />
      <UnitQty>י"ח</UnitQty>
      <Quantity>750</Quantity>
      <UnitMeasure>ל  מ"ל</UnitMeasure>
      <BisWeighted>0</BisWeighted>
      <QtyInPackage>1</QtyInPackage>
      <ItemPrice>10.90</ItemPrice>
      <UnitOfMeasurePrice>1.45</UnitOfMeasurePrice>
      <AllowDiscount>1</AllowDiscount>
      <itemStatus>1</itemStatus>
      <LastUpdateDate />
      <LastUpdateTime />
    </Product>
    <Product>
      <PriceUpdateDate>2020/01/13 10:05</PriceUpdateDate>
      <ItemCode>7290001136300</ItemCode>
      <ItemType>1</ItemType>
      <ItemName>שמפו נקה 7 ומרכך לסירוק קך</ItemName>
      <ManufactureName>החב הדרומית לשיווק</ManufactureName>
      <ManufactureCountry />
      <ManufactureItemDescription />
      <UnitQty>י"ח</UnitQty>
      <Quantity>750</Quantity>
      <UnitMeasure>ל  מ"ל</UnitMeasure>
      <BisWeighted>0</BisWeighted>
      <QtyInPackage>1</QtyInPackage>
      <ItemPrice>10.90</ItemPrice>
      <UnitOfMeasurePrice>1.45</UnitOfMeasurePrice>
      <AllowDiscount>1</AllowDiscount>
      <itemStatus>1</itemStatus>
      <LastUpdateDate />
      <LastUpdateTime />
    </Product>
    <Product>
      <PriceUpdateDate>2019/02/13 13:33</PriceUpdateDate>
      <ItemCode>7290001136683</ItemCode>
      <ItemType>1</ItemType>
      <ItemName>מרכך נקה -7 לשיער רגיל ירוק</ItemName>
      <ManufactureName>החב הדרומית לשיווק</ManufactureName>
      <ManufactureCountry />
      <ManufactureItemDescription />
      <UnitQty>י"ח</UnitQty>
      <Quantity>750</Quantity>
      <UnitMeasure>ל  מ"ל</UnitMeasure>
      <BisWeighted>0</BisWeighted>
      <QtyInPackage>1</QtyInPackage>
      <ItemPrice>10.90</ItemPrice>
      <UnitOfMeasurePrice>1.45</UnitOfMeasurePrice>
      <AllowDiscount>1</AllowDiscount>
      <itemStatus>1</itemStatus>
      <LastUpdateDate />
      <LastUpdateTime />
    </Product>
    <Product>
      <PriceUpdateDate>2017/03/05 11:30</PriceUpdateDate>
      <ItemCode>7290001209103</ItemCode>
      <ItemType>1</ItemType>
      <ItemName>טחון עוף עטרה 500ג</ItemName>
      <ManufactureName>נטו מלינדה סחר בעמ</ManufactureName>
      <ManufactureCountry />
      <ManufactureItemDescription />
      <UnitQty>י"ח</UnitQty>
      <Quantity>1</Quantity>
      <UnitMeasure />
      <BisWeighted>0</BisWeighted>
      <QtyInPackage>1</QtyInPackage>
      <ItemPrice>10.90</ItemPrice>
      <UnitOfMeasurePrice>10.90</UnitOfMeasurePrice>
      <AllowDiscount>1</AllowDiscount>
      <itemStatus>1</itemStatus>
      <LastUpdateDate />
      <LastUpdateTime />
    </Product>
    <Product>
      <PriceUpdateDate>2019/07/29 11:22</PriceUpdateDate>
      <ItemCode>7290001245699</ItemCode>
      <ItemType>1</ItemType>
      <ItemName>אקונומיקה סמיכה 4ל` טאצ`</ItemName>
      <ManufactureName>סאסאטק אגשח בעמ</ManufactureName>
      <ManufactureCountry />
      <ManufactureItemDescription />
      <UnitQty>י"ח</UnitQty>
      <Quantity>4</Quantity>
      <UnitMeasure>ליטר</UnitMeasure>
      <BisWeighted>0</BisWeighted>
      <QtyInPackage>1</QtyInPackage>
      <ItemPrice>13.90</ItemPrice>
      <UnitOfMeasurePrice>3.48</UnitOfMeasurePrice>
      <AllowDiscount>1</AllowDiscount>
      <itemStatus>1</itemStatus>
      <LastUpdateDate />
      <LastUpdateTime />
    </Product>
    <Product>
      <PriceUpdateDate>2019/07/29 11:22</PriceUpdateDate>
      <ItemCode>7290001245712</ItemCode>
      <ItemType>1</ItemType>
      <ItemName>אקונומיקה  4ל` טאצ`</ItemName>
      <ManufactureName>סאסאטק אגשח בעמ</ManufactureName>
      <ManufactureCountry />
      <ManufactureItemDescription />
      <UnitQty>י"ח</UnitQty>
      <Quantity>4</Quantity>
      <UnitMeasure>ליטר</UnitMeasure>
      <BisWeighted>0</BisWeighted>
      <QtyInPackage>1</QtyInPackage>
      <ItemPrice>9.90</ItemPrice>
      <UnitOfMeasurePrice>2.48</UnitOfMeasurePrice>
      <AllowDiscount>1</AllowDiscount>
      <itemStatus>1</itemStatus>
      <LastUpdateDate />
      <LastUpdateTime />
    </Product>
    <Product>
      <PriceUpdateDate>2019/07/30 10:03</PriceUpdateDate>
      <ItemCode>7290001245729</ItemCode>
      <ItemType>1</ItemType>
      <ItemName>ג`ל כביסה ירוק 3 ל`טאצ`</ItemName>
      <ManufactureName>סאסאטק אגשח בעמ</ManufactureName>
      <ManufactureCountry />
      <ManufactureItemDescription />
      <UnitQty>י"ח</UnitQty>
      <Quantity>1</Quantity>
      <UnitMeasure>ליטר</UnitMeasure>
      <BisWeighted>0</BisWeighted>
      <QtyInPackage>1</QtyInPackage>
      <ItemPrice>19.90</ItemPrice>
      <UnitOfMeasurePrice>19.90</UnitOfMeasurePrice>
      <AllowDiscount>1</AllowDiscount>
      <itemStatus>1</itemStatus>
      <LastUpdateDate />
      <LastUpdateTime />
    </Product>
    <Product>
      <PriceUpdateDate>2019/07/30 10:03</PriceUpdateDate>
      <ItemCode>7290001245736</ItemCode>
      <ItemType>1</ItemType>
      <ItemName>ג`ל כביסה כחול  3 ל`טאצ`</ItemName>
      <ManufactureName>סאסאטק אגשח בעמ</ManufactureName>
      <ManufactureCountry />
      <ManufactureItemDescription />
      <UnitQty>י"ח</UnitQty>
      <Quantity>1</Quantity>
      <UnitMeasure>ליטר</UnitMeasure>
      <BisWeighted>0</BisWeighted>
      <QtyInPackage>1</QtyInPackage>
      <ItemPrice>19.90</ItemPrice>
      <UnitOfMeasurePrice>19.90</UnitOfMeasurePrice>
      <AllowDiscount>1</AllowDiscount>
      <itemStatus>1</itemStatus>
      <LastUpdateDate />
      <LastUpdateTime />
    </Product>
    <Product>
      <PriceUpdateDate>2019/07/30 10:03</PriceUpdateDate>
      <ItemCode>1245798</ItemCode>
      <ItemType>0</ItemType>
      <ItemName>נ.כלים לימון 1.6  ל`טאצ</ItemName>
      <ManufactureName>סאסאטק אגשח בעמ</ManufactureName>
      <ManufactureCountry />
      <ManufactureItemDescription />
      <UnitQty>י"ח</UnitQty>
      <Quantity>1.60</Quantity>
      <UnitMeasure>ליטר</UnitMeasure>
      <BisWeighted>0</BisWeighted>
      <QtyInPackage>1</QtyInPackage>
      <ItemPrice>11.90</ItemPrice>
      <UnitOfMeasurePrice>7.44</UnitOfMeasurePrice>
      <AllowDiscount>1</AllowDiscount>
      <itemStatus>1</itemStatus>
      <LastUpdateDate />
      <LastUpdateTime />
    </Product>
    <Product>
      <PriceUpdateDate>2019/07/30 10:03</PriceUpdateDate>
      <ItemCode>7290001245828</ItemCode>
      <ItemType>1</ItemType>
      <ItemName>נ.כלים קלאסי 1.6  ל`טאצ</ItemName>
      <ManufactureName>סאסאטק אגשח בעמ</ManufactureName>
      <ManufactureCountry />
      <ManufactureItemDescription />
      <UnitQty>י"ח</UnitQty>
      <Quantity>1.60</Quantity>
      <UnitMeasure>ליטר</UnitMeasure>
      <BisWeighted>0</BisWeighted>
      <QtyInPackage>1</QtyInPackage>
      <ItemPrice>11.90</ItemPrice>
      <UnitOfMeasurePrice>7.44</UnitOfMeasurePrice>
      <AllowDiscount>1</AllowDiscount>
      <itemStatus>1</itemStatus>
      <LastUpdateDate />
      <LastUpdateTime />
    </Product>
    <Product>
      <PriceUpdateDate>2019/09/02 08:10</PriceUpdateDate>
      <ItemCode>1245835</ItemCode>
      <ItemType>0</ItemType>
      <ItemName>נוזל רצפות אורנים 4ליטר טאצ`</ItemName>
      <ManufactureName>סאסאטק אגשח בעמ</ManufactureName>
      <ManufactureCountry />
      <ManufactureItemDescription />
      <UnitQty>י"ח</UnitQty>
      <Quantity>4</Quantity>
      <UnitMeasure>ליטר</UnitMeasure>
      <BisWeighted>0</BisWeighted>
      <QtyInPackage>1</QtyInPackage>
      <ItemPrice>14.90</ItemPrice>
      <UnitOfMeasurePrice>3.73</UnitOfMeasurePrice>
      <AllowDiscount>1</AllowDiscount>
      <itemStatus>1</itemStatus>
      <LastUpdateDate />
      <LastUpdateTime />
    </Product>
    <Product>
      <PriceUpdateDate>2019/09/02 08:10</PriceUpdateDate>
      <ItemCode>1245842</ItemCode>
      <ItemType>0</ItemType>
      <ItemName>נוזל רצפות מאסק 4ליטר טאצ`</ItemName>
      <ManufactureName>סאסאטק אגשח בעמ</ManufactureName>
      <ManufactureCountry />
      <ManufactureItemDescription />
      <UnitQty>י"ח</UnitQty>
      <Quantity>4</Quantity>
      <UnitMeasure>ליטר</UnitMeasure>
      <BisWeighted>0</BisWeighted>
      <QtyInPackage>1</QtyInPackage>
      <ItemPrice>14.90</ItemPrice>
      <UnitOfMeasurePrice>3.73</UnitOfMeasurePrice>
      <AllowDiscount>1</AllowDiscount>
      <itemStatus>1</itemStatus>
      <LastUpdateDate />
      <LastUpdateTime />
    </Product>
    <Product>
      <PriceUpdateDate>2019/09/02 08:10</PriceUpdateDate>
      <ItemCode>7290001245897</ItemCode>
      <ItemType>1</ItemType>
      <ItemName>נוזל רצפות יסמין 4ליטר טאצ`</ItemName>
      <ManufactureName>סאסאטק אגשח בעמ</ManufactureName>
      <ManufactureCountry />
      <ManufactureItemDescription />
      <UnitQty>י"ח</UnitQty>
      <Quantity>4</Quantity>
      <UnitMeasure>ליטר</UnitMeasure>
      <BisWeighted>0</BisWeighted>
      <QtyInPackage>1</QtyInPackage>
      <ItemPrice>14.90</ItemPrice>
      <UnitOfMeasurePrice>3.73</UnitOfMeasurePrice>
      <AllowDiscount>1</AllowDiscount>
      <itemStatus>1</itemStatus>
      <LastUpdateDate />
      <LastUpdateTime />
    </Product>
    <Product>
      <PriceUpdateDate>2019/07/30 10:03</PriceUpdateDate>
      <ItemCode>7290001245958</ItemCode>
      <ItemType>1</ItemType>
      <ItemName>מרכך כביסה ורוד 4ל טאצ`</ItemName>
      <ManufactureName>סאסאטק אגשח בעמ</ManufactureName>
      <ManufactureCountry />
      <ManufactureItemDescription />
      <UnitQty>י"ח</UnitQty>
      <Quantity>4</Quantity>
      <UnitMeasure>ליטר</UnitMeasure>
      <BisWeighted>0</BisWeighted>
      <QtyInPackage>1</QtyInPackage>
      <ItemPrice>15.90</ItemPrice>
      <UnitOfMeasurePrice>3.98</UnitOfMeasurePrice>
      <AllowDiscount>1</AllowDiscount>
      <itemStatus>1</itemStatus>
      <LastUpdateDate />
      <LastUpdateTime />
    </Product>
    <Product>
      <PriceUpdateDate>2019/07/30 10:03</PriceUpdateDate>
      <ItemCode>7290001245989</ItemCode>
      <ItemType>1</ItemType>
      <ItemName>מרכך כביסה סגול 4ל טאצ`</ItemName>
      <ManufactureName>סאסאטק אגשח בעמ</ManufactureName>
      <ManufactureCountry />
      <ManufactureItemDescription />
      <UnitQty>י"ח</UnitQty>
      <Quantity>4</Quantity>
      <UnitMeasure>ליטר</UnitMeasure>
      <BisWeighted>0</BisWeighted>
      <QtyInPackage>1</QtyInPackage>
      <ItemPrice>15.90</ItemPrice>
      <UnitOfMeasurePrice>3.98</UnitOfMeasurePrice>
      <AllowDiscount>1</AllowDiscount>
      <itemStatus>1</itemStatus>
      <LastUpdateDate />
      <LastUpdateTime />
    </Product>
    <Product>
      <PriceUpdateDate>2019/07/30 10:03</PriceUpdateDate>
      <ItemCode>7290001245996</ItemCode>
      <ItemType>1</ItemType>
      <ItemName>מרכך כביסה צהוב 4ל טאצ`</ItemName>
      <ManufactureName>סאסאטק אגשח בעמ</ManufactureName>
      <ManufactureCountry />
      <ManufactureItemDescription />
      <UnitQty>י"ח</UnitQty>
      <Quantity>4</Quantity>
      <UnitMeasure>ליטר</UnitMeasure>
      <BisWeighted>0</BisWeighted>
      <QtyInPackage>1</QtyInPackage>
      <ItemPrice>15.90</ItemPrice>
      <UnitOfMeasurePrice>3.98</UnitOfMeasurePrice>
      <AllowDiscount>1</AllowDiscount>
      <itemStatus>1</itemStatus>
      <LastUpdateDate />
      <LastUpdateTime />
    </Product>
    <Product>
      <PriceUpdateDate>2019/07/30 10:03</PriceUpdateDate>
      <ItemCode>7290001246061</ItemCode>
      <ItemType>1</ItemType>
      <ItemName>מרכך פרמיום פנטזי 1 ל`טאצ`</ItemName>
      <ManufactureName>סאסאטק אגשח בעמ</ManufactureName>
      <ManufactureCountry />
      <ManufactureItemDescription />
      <UnitQty>י"ח</UnitQty>
      <Quantity>1</Quantity>
      <UnitMeasure>ליטר</UnitMeasure>
      <BisWeighted>0</BisWeighted>
      <QtyInPackage>1</QtyInPackage>
      <ItemPrice>15.90</ItemPrice>
      <UnitOfMeasurePrice>15.90</UnitOfMeasurePrice>
      <AllowDiscount>1</AllowDiscount>
      <itemStatus>1</itemStatus>
      <LastUpdateDate />
      <LastUpdateTime />
    </Product>
    <Product>
      <PriceUpdateDate>2019/07/30 10:03</PriceUpdateDate>
      <ItemCode>7290001246078</ItemCode>
      <ItemType>1</ItemType>
      <ItemName>מרכך פרמיום סנשואל 1 ל`טאצ`</ItemName>
      <ManufactureName>סאסאטק אגשח בעמ</ManufactureName>
      <ManufactureCountry />
      <ManufactureItemDescription />
      <UnitQty>י"ח</UnitQty>
      <Quantity>1</Quantity>
      <UnitMeasure>ליטר</UnitMeasure>
      <BisWeighted>0</BisWeighted>
      <QtyInPackage>1</QtyInPackage>
      <ItemPrice>15.90</ItemPrice>
      <UnitOfMeasurePrice>15.90</UnitOfMeasurePrice>
      <AllowDiscount>1</AllowDiscount>
      <itemStatus>1</itemStatus>
      <LastUpdateDate />
      <LastUpdateTime />
    </Product>
    <Product>
      <PriceUpdateDate>2019/07/29 11:22</PriceUpdateDate>
      <ItemCode>7290001246085</ItemCode>
      <ItemType>1</ItemType>
      <ItemName>ניקוי חלונות 1 ל`  טאצ`</ItemName>
      <ManufactureName>סאסאטק אגשח בעמ</ManufactureName>
      <ManufactureCountry />
      <ManufactureItemDescription />
      <UnitQty>י"ח</UnitQty>
      <Quantity>1</Quantity>
      <UnitMeasure>ליטר</UnitMeasure>
      <BisWeighted>0</BisWeighted>
      <QtyInPackage>1</QtyInPackage>
      <ItemPrice>8.90</ItemPrice>
      <UnitOfMeasurePrice>8.90</UnitOfMeasurePrice>
      <AllowDiscount>1</AllowDiscount>
      <itemStatus>1</itemStatus>
      <LastUpdateDate />
      <LastUpdateTime />
    </Product>
    <Product>
      <PriceUpdateDate>2019/09/02 08:10</PriceUpdateDate>
      <ItemCode>1246351</ItemCode>
      <ItemType>0</ItemType>
      <ItemName>נוזל רצפות לבנדר 4ליטר טאצ`.</ItemName>
      <ManufactureName>סאסאטק אגשח בעמ</ManufactureName>
      <ManufactureCountry />
      <ManufactureItemDescription />
      <UnitQty>י"ח</UnitQty>
      <Quantity>4</Quantity>
      <UnitMeasure>ליטר</UnitMeasure>
      <BisWeighted>0</BisWeighted>
      <QtyInPackage>1</QtyInPackage>
      <ItemPrice>14.90</ItemPrice>
      <UnitOfMeasurePrice>3.73</UnitOfMeasurePrice>
      <AllowDiscount>1</AllowDiscount>
      <itemStatus>1</itemStatus>
      <LastUpdateDate />
      <LastUpdateTime />
    </Product>
    <Product>
      <PriceUpdateDate>2019/11/25 09:41</PriceUpdateDate>
      <ItemCode>1246528</ItemCode>
      <ItemType>0</ItemType>
      <ItemName>מרכך כביסה מרוכז פרםיום מיסטרי  1 ל`טאצ`</ItemName>
      <ManufactureName>סאסאטק אגשח בעמ</ManufactureName>
      <ManufactureCountry />
      <ManufactureItemDescription />
      <UnitQty>י"ח</UnitQty>
      <Quantity>1</Quantity>
      <UnitMeasure>ליטר</UnitMeasure>
      <BisWeighted>0</BisWeighted>
      <QtyInPackage>1</QtyInPackage>
      <ItemPrice>15.90</ItemPrice>
      <UnitOfMeasurePrice>15.90</UnitOfMeasurePrice>
      <AllowDiscount>1</AllowDiscount>
      <itemStatus>1</itemStatus>
      <LastUpdateDate />
      <LastUpdateTime />
    </Product>
    <Product>
      <PriceUpdateDate>2019/11/27 07:58</PriceUpdateDate>
      <ItemCode>1246757</ItemCode>
      <ItemType>0</ItemType>
      <ItemName>נוזל רצפות מלון בוטיק  2ליטר טאצ`</ItemName>
      <ManufactureName>סאסאטק אגשח בעמ</ManufactureName>
      <ManufactureCountry />
      <ManufactureItemDescription />
      <UnitQty>י"ח</UnitQty>
      <Quantity>2</Quantity>
      <UnitMeasure>ליטר</UnitMeasure>
      <BisWeighted>0</BisWeighted>
      <QtyInPackage>1</QtyInPackage>
      <ItemPrice>17.90</ItemPrice>
      <UnitOfMeasurePrice>8.95</UnitOfMeasurePrice>
      <AllowDiscount>1</AllowDiscount>
      <itemStatus>1</itemStatus>
      <LastUpdateDate />
      <LastUpdateTime />
    </Product>
    <Product>
      <PriceUpdateDate>2019/11/27 07:58</PriceUpdateDate>
      <ItemCode>1246764</ItemCode>
      <ItemType>0</ItemType>
      <ItemName>נוזל רצפות ספא מפנק  2ליטר טאצ`</ItemName>
      <ManufactureName>סאסאטק אגשח בעמ</ManufactureName>
      <ManufactureCountry />
      <ManufactureItemDescription />
      <UnitQty>י"ח</UnitQty>
      <Quantity>2</Quantity>
      <UnitMeasure>ליטר</UnitMeasure>
      <BisWeighted>0</BisWeighted>
      <QtyInPackage>1</QtyInPackage>
      <ItemPrice>17.90</ItemPrice>
      <UnitOfMeasurePrice>8.95</UnitOfMeasurePrice>
      <AllowDiscount>1</AllowDiscount>
      <itemStatus>1</itemStatus>
      <LastUpdateDate />
      <LastUpdateTime />
    </Product>
    <Product>
      <PriceUpdateDate>2019/11/27 07:58</PriceUpdateDate>
      <ItemCode>7290001246801</ItemCode>
      <ItemType>1</ItemType>
      <ItemName>נוזל רצפות 2ליטר פרקט טאצ</ItemName>
      <ManufactureName>סאסאטק אגשח בעמ</ManufactureName>
      <ManufactureCountry />
      <ManufactureItemDescription />
      <UnitQty>י"ח</UnitQty>
      <Quantity>2</Quantity>
      <UnitMeasure>ליטר</UnitMeasure>
      <BisWeighted>0</BisWeighted>
      <QtyInPackage>1</QtyInPackage>
      <ItemPrice>18.90</ItemPrice>
      <UnitOfMeasurePrice>9.45</UnitOfMeasurePrice>
      <AllowDiscount>1</AllowDiscount>
      <itemStatus>1</itemStatus>
      <LastUpdateDate />
      <LastUpdateTime />
    </Product>
    <Product>
      <PriceUpdateDate>2018/11/18 09:19</PriceUpdateDate>
      <ItemCode>7290001246931</ItemCode>
      <ItemType>1</ItemType>
      <ItemName>אקונומיקה טאצ 4 ליטר</ItemName>
      <ManufactureName>סאסאטק אגשח בעמ</ManufactureName>
      <ManufactureCountry />
      <ManufactureItemDescription />
      <UnitQty>י"ח</UnitQty>
      <Quantity>4</Quantity>
      <UnitMeasure>ליטר</UnitMeasure>
      <BisWeighted>0</BisWeighted>
      <QtyInPackage>1</QtyInPackage>
      <ItemPrice>9.90</ItemPrice>
      <UnitOfMeasurePrice>2.48</UnitOfMeasurePrice>
      <AllowDiscount>1</AllowDiscount>
      <itemStatus>1</itemStatus>
      <LastUpdateDate />
      <LastUpdateTime />
    </Product>
    <Product>
      <PriceUpdateDate>2018/10/29 09:22</PriceUpdateDate>
      <ItemCode>7290001247068</ItemCode>
      <ItemType>1</ItemType>
      <ItemName>ספרינג נקטר תות-בננה</ItemName>
      <ManufactureName>יפאורה שותפות מוגבלת לשיווק</ManufactureName>
      <ManufactureCountry />
      <ManufactureItemDescription />
      <UnitQty>י"ח</UnitQty>
      <Quantity>1</Quantity>
      <UnitMeasure>ליטר</UnitMeasure>
      <BisWeighted>0</BisWeighted>
      <QtyInPackage>1</QtyInPackage>
      <ItemPrice>5.40</ItemPrice>
      <UnitOfMeasurePrice>5.40</UnitOfMeasurePrice>
      <AllowDiscount>1</AllowDiscount>
      <itemStatus>1</itemStatus>
      <LastUpdateDate />
      <LastUpdateTime />
    </Product>
    <Product>
      <PriceUpdateDate>2018/10/29 09:22</PriceUpdateDate>
      <ItemCode>7290001247082</ItemCode>
      <ItemType>1</ItemType>
      <ItemName>ספרינג עגבניות</ItemName>
      <ManufactureName>יפאורה שותפות מוגבלת לשיווק</ManufactureName>
      <ManufactureCountry />
      <ManufactureItemDescription />
      <UnitQty>י"ח</UnitQty>
      <Quantity>1</Quantity>
      <UnitMeasure>ליטר</UnitMeasure>
      <BisWeighted>0</BisWeighted>
      <QtyInPackage>1</QtyInPackage>
      <ItemPrice>5.40</ItemPrice>
      <UnitOfMeasurePrice>5.40</UnitOfMeasurePrice>
      <AllowDiscount>1</AllowDiscount>
      <itemStatus>1</itemStatus>
      <LastUpdateDate />
      <LastUpdateTime />
    </Product>
    <Product>
      <PriceUpdateDate>2018/10/29 09:22</PriceUpdateDate>
      <ItemCode>7290001247099</ItemCode>
      <ItemType>1</ItemType>
      <ItemName>ספרינג נקטר מנגו</ItemName>
      <ManufactureName>יפאורה שותפות מוגבלת לשיווק</ManufactureName>
      <ManufactureCountry />
      <ManufactureItemDescription />
      <UnitQty>י"ח</UnitQty>
      <Quantity>1</Quantity>
      <UnitMeasure>ליטר</UnitMeasure>
      <BisWeighted>0</BisWeighted>
      <QtyInPackage>1</QtyInPackage>
      <ItemPrice>5.40</ItemPrice>
      <UnitOfMeasurePrice>5.40</UnitOfMeasurePrice>
      <AllowDiscount>1</AllowDiscount>
      <itemStatus>1</itemStatus>
      <LastUpdateDate />
      <LastUpdateTime />
    </Product>
    <Product>
      <PriceUpdateDate>2018/10/29 09:22</PriceUpdateDate>
      <ItemCode>7290001247105</ItemCode>
      <ItemType>1</ItemType>
      <ItemName>ספרינג נקטר אפרסק</ItemName>
      <ManufactureName>יפאורה שותפות מוגבלת לשיווק</ManufactureName>
      <ManufactureCountry />
      <ManufactureItemDescription />
      <UnitQty>י"ח</UnitQty>
      <Quantity>1</Quantity>
      <UnitMeasure>ליטר</UnitMeasure>
      <BisWeighted>0</BisWeighted>
      <QtyInPackage>1</QtyInPackage>
      <ItemPrice>5.40</ItemPrice>
      <UnitOfMeasurePrice>5.40</UnitOfMeasurePrice>
      <AllowDiscount>1</AllowDiscount>
      <itemStatus>1</itemStatus>
      <LastUpdateDate />
      <LastUpdateTime />
    </Product>
    <Product>
      <PriceUpdateDate>2018/10/29 09:22</PriceUpdateDate>
      <ItemCode>7290001247112</ItemCode>
      <ItemType>1</ItemType>
      <ItemName>ספרינג נקטר לימונים</ItemName>
      <ManufactureName>יפאורה שותפות מוגבלת לשיווק</ManufactureName>
      <ManufactureCountry />
      <ManufactureItemDescription />
      <UnitQty>י"ח</UnitQty>
      <Quantity>1</Quantity>
      <UnitMeasure>ליטר</UnitMeasure>
      <BisWeighted>0</BisWeighted>
      <QtyInPackage>1</QtyInPackage>
      <ItemPrice>5.40</ItemPrice>
      <UnitOfMeasurePrice>5.40</UnitOfMeasurePrice>
      <AllowDiscount>1</AllowDiscount>
      <itemStatus>1</itemStatus>
      <LastUpdateDate />
      <LastUpdateTime />
    </Product>
    <Product>
      <PriceUpdateDate>2018/10/29 09:22</PriceUpdateDate>
      <ItemCode>7290001247129</ItemCode>
      <ItemType>1</ItemType>
      <ItemName>ספרינג נקטר תפוזים</ItemName>
      <ManufactureName>יפאורה שותפות מוגבלת לשיווק</ManufactureName>
      <ManufactureCountry />
      <ManufactureItemDescription />
      <UnitQty>י"ח</UnitQty>
      <Quantity>1</Quantity>
      <UnitMeasure>ליטר</UnitMeasure>
      <BisWeighted>0</BisWeighted>
      <QtyInPackage>1</QtyInPackage>
      <ItemPrice>5.40</ItemPrice>
      <UnitOfMeasurePrice>5.40</UnitOfMeasurePrice>
      <AllowDiscount>1</AllowDiscount>
      <itemStatus>1</itemStatus>
      <LastUpdateDate />
      <LastUpdateTime />
    </Product>
    <Product>
      <PriceUpdateDate>2018/10/29 09:22</PriceUpdateDate>
      <ItemCode>7290001247143</ItemCode>
      <ItemType>1</ItemType>
      <ItemName>ספרינג קרטונית תפוחים</ItemName>
      <ManufactureName>יפאורה שותפות מוגבלת לשיווק</ManufactureName>
      <ManufactureCountry />
      <ManufactureItemDescription />
      <UnitQty>י"ח</UnitQty>
      <Quantity>1</Quantity>
      <UnitMeasure>ליטר</UnitMeasure>
      <BisWeighted>0</BisWeighted>
      <QtyInPackage>1</QtyInPackage>
      <ItemPrice>5.40</ItemPrice>
      <UnitOfMeasurePrice>5.40</UnitOfMeasurePrice>
      <AllowDiscount>1</AllowDiscount>
      <itemStatus>1</itemStatus>
      <LastUpdateDate />
      <LastUpdateTime />
    </Product>
    <Product>
      <PriceUpdateDate>2019/01/13 12:20</PriceUpdateDate>
      <ItemCode>7290001247181</ItemCode>
      <ItemType>1</ItemType>
      <ItemName>תפוזינה לימון דיאט 1.5 ל</ItemName>
      <ManufactureName>יפאורה שותפות מוגבלת לשיווק</ManufactureName>
      <ManufactureCountry />
      <ManufactureItemDescription />
      <UnitQty>י"ח</UnitQty>
      <Quantity>1.50</Quantity>
      <UnitMeasure>ליטר</UnitMeasure>
      <BisWeighted>0</BisWeighted>
      <QtyInPackage>1</QtyInPackage>
      <ItemPrice>6.20</ItemPrice>
      <UnitOfMeasurePrice>4.13</UnitOfMeasurePrice>
      <AllowDiscount>1</AllowDiscount>
      <itemStatus>1</itemStatus>
      <LastUpdateDate />
      <LastUpdateTime />
    </Product>
    <Product>
      <PriceUpdateDate>2018/11/06 10:28</PriceUpdateDate>
      <ItemCode>7290001247952</ItemCode>
      <ItemType>1</ItemType>
      <ItemName>תפוזינה-ענבים   1.5 ל</ItemName>
      <ManufactureName>יפאורה שותפות מוגבלת לשיווק</ManufactureName>
      <ManufactureCountry />
      <ManufactureItemDescription />
      <UnitQty>י"ח</UnitQty>
      <Quantity>1.50</Quantity>
      <UnitMeasure>ליטר</UnitMeasure>
      <BisWeighted>0</BisWeighted>
      <QtyInPackage>1</QtyInPackage>
      <ItemPrice>6.20</ItemPrice>
      <UnitOfMeasurePrice>4.13</UnitOfMeasurePrice>
      <AllowDiscount>1</AllowDiscount>
      <itemStatus>1</itemStatus>
      <LastUpdateDate />
      <LastUpdateTime />
    </Product>
    <Product>
      <PriceUpdateDate>2016/06/10 09:58</PriceUpdateDate>
      <ItemCode>7290001302194</ItemCode>
      <ItemType>1</ItemType>
      <ItemName>ביסלי פלאפל 70גר</ItemName>
      <ManufactureName>קבוצת אוסם סחר-שות.מוגבלת</ManufactureName>
      <ManufactureCountry />
      <ManufactureItemDescription />
      <UnitQty>י"ח</UnitQty>
      <Quantity>70</Quantity>
      <UnitMeasure>ל  גרם</UnitMeasure>
      <BisWeighted>0</BisWeighted>
      <QtyInPackage>1</QtyInPackage>
      <ItemPrice>4.30</ItemPrice>
      <UnitOfMeasurePrice>6.14</UnitOfMeasurePrice>
      <AllowDiscount>1</AllowDiscount>
      <itemStatus>1</itemStatus>
      <LastUpdateDate />
      <LastUpdateTime />
    </Product>
    <Product>
      <PriceUpdateDate>2016/03/16 13:43</PriceUpdateDate>
      <ItemCode>1302279</ItemCode>
      <ItemType>0</ItemType>
      <ItemName>במבה 80 גר  }אסם{ כשל"פ</ItemName>
      <ManufactureName>קבוצת אוסם סחר-שות.מוגבלת</ManufactureName>
      <ManufactureCountry />
      <ManufactureItemDescription />
      <UnitQty>י"ח</UnitQty>
      <Quantity>80</Quantity>
      <UnitMeasure>ל  גרם</UnitMeasure>
      <BisWeighted>0</BisWeighted>
      <QtyInPackage>1</QtyInPackage>
      <ItemPrice>4.30</ItemPrice>
      <UnitOfMeasurePrice>5.38</UnitOfMeasurePrice>
      <AllowDiscount>1</AllowDiscount>
      <itemStatus>1</itemStatus>
      <LastUpdateDate />
      <LastUpdateTime />
    </Product>
    <Product>
      <PriceUpdateDate>2019/02/03 09:34</PriceUpdateDate>
      <ItemCode>7290001305058</ItemCode>
      <ItemType>1</ItemType>
      <ItemName>פלמוליב סבון נוזלי</ItemName>
      <ManufactureName>ש.שסטוביץ בעמ</ManufactureName>
      <ManufactureCountry />
      <ManufactureItemDescription />
      <UnitQty>י"ח</UnitQty>
      <Quantity>500</Quantity>
      <UnitMeasure>ל  מ"ל</UnitMeasure>
      <BisWeighted>0</BisWeighted>
      <QtyInPackage>1</QtyInPackage>
      <ItemPrice>15.90</ItemPrice>
      <UnitOfMeasurePrice>3.18</UnitOfMeasurePrice>
      <AllowDiscount>1</AllowDiscount>
      <itemStatus>1</itemStatus>
      <LastUpdateDate />
      <LastUpdateTime />
    </Product>
    <Product>
      <PriceUpdateDate>2017/04/24 08:16</PriceUpdateDate>
      <ItemCode>7290001305188</ItemCode>
      <ItemType>1</ItemType>
      <ItemName>פלמוליב נוזל לניקוי כלים 750 מ"ל ספרינ</ItemName>
      <ManufactureName>ש.שסטוביץ בעמ</ManufactureName>
      <ManufactureCountry />
      <ManufactureItemDescription />
      <UnitQty>י"ח</UnitQty>
      <Quantity>750</Quantity>
      <UnitMeasure>ל  מ"ל</UnitMeasure>
      <BisWeighted>0</BisWeighted>
      <QtyInPackage>1</QtyInPackage>
      <ItemPrice>9.90</ItemPrice>
      <UnitOfMeasurePrice>1.32</UnitOfMeasurePrice>
      <AllowDiscount>1</AllowDiscount>
      <itemStatus>1</itemStatus>
      <LastUpdateDate />
      <LastUpdateTime />
    </Product>
    <Product>
      <PriceUpdateDate>2020/04/27 08:06</PriceUpdateDate>
      <ItemCode>1321782</ItemCode>
      <ItemType>0</ItemType>
      <ItemName>המבורגר  בקר בלדי 400ג בית יוסף</ItemName>
      <ManufactureName>בלדי בעמ</ManufactureName>
      <ManufactureCountry />
      <ManufactureItemDescription />
      <UnitQty>י"ח</UnitQty>
      <Quantity>500</Quantity>
      <UnitMeasure>ל  גרם</UnitMeasure>
      <BisWeighted>0</BisWeighted>
      <QtyInPackage>1</QtyInPackage>
      <ItemPrice>14.90</ItemPrice>
      <UnitOfMeasurePrice>2.98</UnitOfMeasurePrice>
      <AllowDiscount>1</AllowDiscount>
      <itemStatus>1</itemStatus>
      <LastUpdateDate />
      <LastUpdateTime />
    </Product>
    <Product>
      <PriceUpdateDate>2018/07/22 08:25</PriceUpdateDate>
      <ItemCode>1322178</ItemCode>
      <ItemType>0</ItemType>
      <ItemName>המבורגר  בקר בלדי 400ג מוצפי</ItemName>
      <ManufactureName>בלדי בעמ</ManufactureName>
      <ManufactureCountry />
      <ManufactureItemDescription />
      <UnitQty>י"ח</UnitQty>
      <Quantity>500</Quantity>
      <UnitMeasure>ל  גרם</UnitMeasure>
      <BisWeighted>0</BisWeighted>
      <QtyInPackage>1</QtyInPackage>
      <ItemPrice>14.90</ItemPrice>
      <UnitOfMeasurePrice>2.98</UnitOfMeasurePrice>
      <AllowDiscount>1</AllowDiscount>
      <itemStatus>1</itemStatus>
      <LastUpdateDate />
      <LastUpdateTime />
    </Product>
    <Product>
      <PriceUpdateDate>2018/07/22 08:25</PriceUpdateDate>
      <ItemCode>1322185</ItemCode>
      <ItemType>0</ItemType>
      <ItemName>קבב מזרחי  בלדי 400ג מוצפי</ItemName>
      <ManufactureName>בלדי בעמ</ManufactureName>
      <ManufactureCountry />
      <ManufactureItemDescription />
      <UnitQty>י"ח</UnitQty>
      <Quantity>500</Quantity>
      <UnitMeasure>ל  גרם</UnitMeasure>
      <BisWeighted>0</BisWeighted>
      <QtyInPackage>1</QtyInPackage>
      <ItemPrice>14.90</ItemPrice>
      <UnitOfMeasurePrice>2.98</UnitOfMeasurePrice>
      <AllowDiscount>1</AllowDiscount>
      <itemStatus>1</itemStatus>
      <LastUpdateDate />
      <LastUpdateTime />
    </Product>
    <Product>
      <PriceUpdateDate>2020/03/04 09:29</PriceUpdateDate>
      <ItemCode>1322697</ItemCode>
      <ItemType>0</ItemType>
      <ItemName>אצבעות אנטריקוט מוצפי</ItemName>
      <ManufactureName>בלדי בעמ</ManufactureName>
      <ManufactureCountry />
      <ManufactureItemDescription />
      <UnitQty>ק"ג</UnitQty>
      <Quantity>1</Quantity>
      <UnitMeasure>י"ח</UnitMeasure>
      <BisWeighted>1</BisWeighted>
      <QtyInPackage>1</QtyInPackage>
      <ItemPrice>79.90</ItemPrice>
      <UnitOfMeasurePrice>79.90</UnitOfMeasurePrice>
      <AllowDiscount>1</AllowDiscount>
      <itemStatus>1</itemStatus>
      <LastUpdateDate />
      <LastUpdateTime />
    </Product>
    <Product>
      <PriceUpdateDate>2017/11/05 10:20</PriceUpdateDate>
      <ItemCode>7290001327906</ItemCode>
      <ItemType>1</ItemType>
      <ItemName>סולרו תות בננה</ItemName>
      <ManufactureName>גלידות שטראוס בעמ</ManufactureName>
      <ManufactureCountry />
      <ManufactureItemDescription />
      <UnitQty>י"ח</UnitQty>
      <Quantity>1</Quantity>
      <UnitMeasure />
      <BisWeighted>0</BisWeighted>
      <QtyInPackage>1</QtyInPackage>
      <ItemPrice>8.90</ItemPrice>
      <UnitOfMeasurePrice>8.90</UnitOfMeasurePrice>
      <AllowDiscount>1</AllowDiscount>
      <itemStatus>1</itemStatus>
      <LastUpdateDate />
      <LastUpdateTime />
    </Product>
    <Product>
      <PriceUpdateDate>2014/07/06 13:16</PriceUpdateDate>
      <ItemCode>1343845</ItemCode>
      <ItemType>0</ItemType>
      <ItemName>גרנולה פירות 1ק"ג</ItemName>
      <ManufactureName>דין שיווק וקליהבעמ</ManufactureName>
      <ManufactureCountry />
      <ManufactureItemDescription />
      <UnitQty>י"ח</UnitQty>
      <Quantity>1</Quantity>
      <UnitMeasure>ק"ג</UnitMeasure>
      <BisWeighted>0</BisWeighted>
      <QtyInPackage>1</QtyInPackage>
      <ItemPrice>21.90</ItemPrice>
      <UnitOfMeasurePrice>21.90</UnitOfMeasurePrice>
      <AllowDiscount>1</AllowDiscount>
      <itemStatus>1</itemStatus>
      <LastUpdateDate />
      <LastUpdateTime />
    </Product>
    <Product>
      <PriceUpdateDate>2019/01/01 12:53</PriceUpdateDate>
      <ItemCode>1436356</ItemCode>
      <ItemType>0</ItemType>
      <ItemName>סטייק סלמון נורבגי בוואקום</ItemName>
      <ManufactureName>בלדי בעמ</ManufactureName>
      <ManufactureCountry />
      <ManufactureItemDescription />
      <UnitQty>ק"ג</UnitQty>
      <Quantity>1</Quantity>
      <UnitMeasure>ק"ג</UnitMeasure>
      <BisWeighted>1</BisWeighted>
      <QtyInPackage>1</QtyInPackage>
      <ItemPrice>64.90</ItemPrice>
      <UnitOfMeasurePrice>64.90</UnitOfMeasurePrice>
      <AllowDiscount>1</AllowDiscount>
      <itemStatus>1</itemStatus>
      <LastUpdateDate />
      <LastUpdateTime />
    </Product>
    <Product>
      <PriceUpdateDate>2017/03/03 08:30</PriceUpdateDate>
      <ItemCode>1436790</ItemCode>
      <ItemType>0</ItemType>
      <ItemName>מרגז  מיני נקניקיות 500ג</ItemName>
      <ManufactureName>בלדי בעמ</ManufactureName>
      <ManufactureCountry />
      <ManufactureItemDescription />
      <UnitQty>י"ח</UnitQty>
      <Quantity>500</Quantity>
      <UnitMeasure>ל  גרם</UnitMeasure>
      <BisWeighted>0</BisWeighted>
      <QtyInPackage>1</QtyInPackage>
      <ItemPrice>30.90</ItemPrice>
      <UnitOfMeasurePrice>6.18</UnitOfMeasurePrice>
      <AllowDiscount>1</AllowDiscount>
      <itemStatus>1</itemStatus>
      <LastUpdateDate />
      <LastUpdateTime />
    </Product>
    <Product>
      <PriceUpdateDate>2019/01/01 12:53</PriceUpdateDate>
      <ItemCode>1455456</ItemCode>
      <ItemType>0</ItemType>
      <ItemName>פילה נסיכת הנילוס פרוס</ItemName>
      <ManufactureName>בלדי בעמ</ManufactureName>
      <ManufactureCountry />
      <ManufactureItemDescription />
      <UnitQty>ק"ג</UnitQty>
      <Quantity>1</Quantity>
      <UnitMeasure>ק"ג</UnitMeasure>
      <BisWeighted>1</BisWeighted>
      <QtyInPackage>1</QtyInPackage>
      <ItemPrice>59.90</ItemPrice>
      <UnitOfMeasurePrice>59.90</UnitOfMeasurePrice>
      <AllowDiscount>1</AllowDiscount>
      <itemStatus>1</itemStatus>
      <LastUpdateDate />
      <LastUpdateTime />
    </Product>
    <Product>
      <PriceUpdateDate>2015/06/09 09:35</PriceUpdateDate>
      <ItemCode>1482421</ItemCode>
      <ItemType>0</ItemType>
      <ItemName>בולגריה למעדניה ויליפוד</ItemName>
      <ManufactureName>ג.וילי פוד אינטרנשיונל בעמ</ManufactureName>
      <ManufactureCountry />
      <ManufactureItemDescription />
      <UnitQty>ק"ג</UnitQty>
      <Quantity>1000</Quantity>
      <UnitMeasure>ל  גרם</UnitMeasure>
      <BisWeighted>1</BisWeighted>
      <QtyInPackage>1</QtyInPackage>
      <ItemPrice>39.90</ItemPrice>
      <UnitOfMeasurePrice>3.99</UnitOfMeasurePrice>
      <AllowDiscount>1</AllowDiscount>
      <itemStatus>1</itemStatus>
      <LastUpdateDate />
      <LastUpdateTime />
    </Product>
    <Product>
      <PriceUpdateDate>2014/01/03 13:46</PriceUpdateDate>
      <ItemCode>1482933</ItemCode>
      <ItemType>0</ItemType>
      <ItemName>גאודגבינה חוויה בסגנון   מהולנד ויליפו</ItemName>
      <ManufactureName>ג.וילי פוד אינטרנשיונל בעמ</ManufactureName>
      <ManufactureCountry />
      <ManufactureItemDescription />
      <UnitQty>ק"ג</UnitQty>
      <Quantity>1</Quantity>
      <UnitMeasure />
      <BisWeighted>1</BisWeighted>
      <QtyInPackage>1</QtyInPackage>
      <ItemPrice>75</ItemPrice>
      <UnitOfMeasurePrice>75</UnitOfMeasurePrice>
      <AllowDiscount>1</AllowDiscount>
      <itemStatus>1</itemStatus>
      <LastUpdateDate />
      <LastUpdateTime />
    </Product>
    <Product>
      <PriceUpdateDate>2019/01/01 12:53</PriceUpdateDate>
      <ItemCode>1484739</ItemCode>
      <ItemType>0</ItemType>
      <ItemName>אצבעות אנטריקוט מוצפי</ItemName>
      <ManufactureName>בלדי בעמ</ManufactureName>
      <ManufactureCountry />
      <ManufactureItemDescription />
      <UnitQty>ק"ג</UnitQty>
      <Quantity>1</Quantity>
      <UnitMeasure>י"ח</UnitMeasure>
      <BisWeighted>1</BisWeighted>
      <QtyInPackage>1</QtyInPackage>
      <ItemPrice>79.90</ItemPrice>
      <UnitOfMeasurePrice>79.90</UnitOfMeasurePrice>
      <AllowDiscount>1</AllowDiscount>
      <itemStatus>1</itemStatus>
      <LastUpdateDate />
      <LastUpdateTime />
    </Product>
    <Product>
      <PriceUpdateDate>2018/11/26 10:37</PriceUpdateDate>
      <ItemCode>7290001594117</ItemCode>
      <ItemType>1</ItemType>
      <ItemName>פאנטה ענבים פחית 330מ"ל</ItemName>
      <ManufactureName>חברה המרכזית להפצת משקאות בעמ</ManufactureName>
      <ManufactureCountry />
      <ManufactureItemDescription />
      <UnitQty>י"ח</UnitQty>
      <Quantity>330</Quantity>
      <UnitMeasure>ל  מ"ל</UnitMeasure>
      <BisWeighted>0</BisWeighted>
      <QtyInPackage>1</QtyInPackage>
      <ItemPrice>3.90</ItemPrice>
      <UnitOfMeasurePrice>1.18</UnitOfMeasurePrice>
      <AllowDiscount>1</AllowDiscount>
      <itemStatus>1</itemStatus>
      <LastUpdateDate />
      <LastUpdateTime />
    </Product>
    <Product>
      <PriceUpdateDate>2018/11/26 10:37</PriceUpdateDate>
      <ItemCode>7290001594230</ItemCode>
      <ItemType>1</ItemType>
      <ItemName>סודה קינלי 250 מ"ל</ItemName>
      <ManufactureName>חברה המרכזית להפצת משקאות בעמ</ManufactureName>
      <ManufactureCountry />
      <ManufactureItemDescription />
      <UnitQty>י"ח</UnitQty>
      <Quantity>250</Quantity>
      <UnitMeasure>ל  מ"ל</UnitMeasure>
      <BisWeighted>0</BisWeighted>
      <QtyInPackage>1</QtyInPackage>
      <ItemPrice>3.20</ItemPrice>
      <UnitOfMeasurePrice>1.16</UnitOfMeasurePrice>
      <AllowDiscount>1</AllowDiscount>
      <itemStatus>1</itemStatus>
      <LastUpdateDate />
      <LastUpdateTime />
    </Product>
    <Product>
      <PriceUpdateDate>2013/12/25 13:47</PriceUpdateDate>
      <ItemCode>7290001594650</ItemCode>
      <ItemType>1</ItemType>
      <ItemName>נסטי לימון 0.5 ליטר</ItemName>
      <ManufactureName>קבוצת אוסם סחר-שות.מוגבלת</ManufactureName>
      <ManufactureCountry />
      <ManufactureItemDescription />
      <UnitQty>י"ח</UnitQty>
      <Quantity>500</Quantity>
      <UnitMeasure>ל  מ"ל</UnitMeasure>
      <BisWeighted>0</BisWeighted>
      <QtyInPackage>1</QtyInPackage>
      <ItemPrice>6</ItemPrice>
      <UnitOfMeasurePrice>1.20</UnitOfMeasurePrice>
      <AllowDiscount>1</AllowDiscount>
      <itemStatus>1</itemStatus>
      <LastUpdateDate />
      <LastUpdateTime />
    </Product>
    <Product>
      <PriceUpdateDate>2013/12/25 13:47</PriceUpdateDate>
      <ItemCode>7290001594667</ItemCode>
      <ItemType>1</ItemType>
      <ItemName>נסטי אפרסק 0.5 ליטר</ItemName>
      <ManufactureName>קבוצת אוסם סחר-שות.מוגבלת</ManufactureName>
      <ManufactureCountry />
      <ManufactureItemDescription />
      <UnitQty>י"ח</UnitQty>
      <Quantity>500</Quantity>
      <UnitMeasure>ל  מ"ל</UnitMeasure>
      <BisWeighted>0</BisWeighted>
      <QtyInPackage>1</QtyInPackage>
      <ItemPrice>6.30</ItemPrice>
      <UnitOfMeasurePrice>1.20</UnitOfMeasurePrice>
      <AllowDiscount>1</AllowDiscount>
      <itemStatus>1</itemStatus>
      <LastUpdateDate />
      <LastUpdateTime />
    </Product>
    <Product>
      <PriceUpdateDate>2018/12/12 10:09</PriceUpdateDate>
      <ItemCode>7290008909778</ItemCode>
      <ItemType>1</ItemType>
      <ItemName>קרלסברג שישיות}</ItemName>
      <ManufactureName>חברה המרכזית להפצת משקאות בעמ</ManufactureName>
      <ManufactureCountry />
      <ManufactureItemDescription />
      <UnitQty>י"ח</UnitQty>
      <Quantity>1.98</Quantity>
      <UnitMeasure>ליטר</UnitMeasure>
      <BisWeighted>0</BisWeighted>
      <QtyInPackage>1</QtyInPackage>
      <ItemPrice>42.70</ItemPrice>
      <UnitOfMeasurePrice>20.66</UnitOfMeasurePrice>
      <AllowDiscount>1</AllowDiscount>
      <itemStatus>1</itemStatus>
      <LastUpdateDate />
      <LastUpdateTime />
    </Product>
    <Product>
      <PriceUpdateDate>2020/03/08 14:25</PriceUpdateDate>
      <ItemCode>7290001780138</ItemCode>
      <ItemType>1</ItemType>
      <ItemName>שלגון קראנץ וניל כשל"פ</ItemName>
      <ManufactureName>נגה גלידות</ManufactureName>
      <ManufactureCountry />
      <ManufactureItemDescription />
      <UnitQty>י"ח</UnitQty>
      <Quantity>1</Quantity>
      <UnitMeasure />
      <BisWeighted>0</BisWeighted>
      <QtyInPackage>1</QtyInPackage>
      <ItemPrice>11.90</ItemPrice>
      <UnitOfMeasurePrice>11.90</UnitOfMeasurePrice>
      <AllowDiscount>1</AllowDiscount>
      <itemStatus>1</itemStatus>
      <LastUpdateDate />
      <LastUpdateTime />
    </Product>
    <Product>
      <PriceUpdateDate>2020/03/08 14:25</PriceUpdateDate>
      <ItemCode>7290001780800</ItemCode>
      <ItemType>1</ItemType>
      <ItemName>קראנצ  שלגון נוגט כשל"פ</ItemName>
      <ManufactureName>נגה גלידות</ManufactureName>
      <ManufactureCountry />
      <ManufactureItemDescription />
      <UnitQty>י"ח</UnitQty>
      <Quantity>1</Quantity>
      <UnitMeasure />
      <BisWeighted>0</BisWeighted>
      <QtyInPackage>1</QtyInPackage>
      <ItemPrice>11.90</ItemPrice>
      <UnitOfMeasurePrice>11.90</UnitOfMeasurePrice>
      <AllowDiscount>1</AllowDiscount>
      <itemStatus>1</itemStatus>
      <LastUpdateDate />
      <LastUpdateTime />
    </Product>
    <Product>
      <PriceUpdateDate>2019/12/04 13:48</PriceUpdateDate>
      <ItemCode>7290001791356</ItemCode>
      <ItemType>1</ItemType>
      <ItemName>פרש אוטומטיק לבנדר</ItemName>
      <ManufactureName>החב הדרומית לשיווק</ManufactureName>
      <ManufactureCountry />
      <ManufactureItemDescription />
      <UnitQty>י"ח</UnitQty>
      <Quantity>165</Quantity>
      <UnitMeasure>ל  גרם</UnitMeasure>
      <BisWeighted>0</BisWeighted>
      <QtyInPackage>1</QtyInPackage>
      <ItemPrice>15.90</ItemPrice>
      <UnitOfMeasurePrice>9.64</UnitOfMeasurePrice>
      <AllowDiscount>1</AllowDiscount>
      <itemStatus>1</itemStatus>
      <LastUpdateDate />
      <LastUpdateTime />
    </Product>
    <Product>
      <PriceUpdateDate>2019/12/04 13:48</PriceUpdateDate>
      <ItemCode>7290001791363</ItemCode>
      <ItemType>1</ItemType>
      <ItemName>פרש אוטומטיק וניל</ItemName>
      <ManufactureName>החב הדרומית לשיווק</ManufactureName>
      <ManufactureCountry />
      <ManufactureItemDescription />
      <UnitQty>י"ח</UnitQty>
      <Quantity>165</Quantity>
      <UnitMeasure>ל  גרם</UnitMeasure>
      <BisWeighted>0</BisWeighted>
      <QtyInPackage>1</QtyInPackage>
      <ItemPrice>15.90</ItemPrice>
      <UnitOfMeasurePrice>9.64</UnitOfMeasurePrice>
      <AllowDiscount>1</AllowDiscount>
      <itemStatus>1</itemStatus>
      <LastUpdateDate />
      <LastUpdateTime />
    </Product>
    <Product>
      <PriceUpdateDate>2019/12/17 10:06</PriceUpdateDate>
      <ItemCode>7290001791929</ItemCode>
      <ItemType>1</ItemType>
      <ItemName>תחליב רחצה קרמה פסיפלורה 500מ"ל</ItemName>
      <ManufactureName>החב הדרומית לשיווק</ManufactureName>
      <ManufactureCountry />
      <ManufactureItemDescription />
      <UnitQty>י"ח</UnitQty>
      <Quantity>500</Quantity>
      <UnitMeasure>ל  מ"ל</UnitMeasure>
      <BisWeighted>0</BisWeighted>
      <QtyInPackage>1</QtyInPackage>
      <ItemPrice>15.90</ItemPrice>
      <UnitOfMeasurePrice>3.18</UnitOfMeasurePrice>
      <AllowDiscount>1</AllowDiscount>
      <itemStatus>1</itemStatus>
      <LastUpdateDate />
      <LastUpdateTime />
    </Product>
    <Product>
      <PriceUpdateDate>2019/12/17 10:06</PriceUpdateDate>
      <ItemCode>7290001791936</ItemCode>
      <ItemType>1</ItemType>
      <ItemName>תחליב רחצה קרמה דבש 500מ"ל</ItemName>
      <ManufactureName>החב הדרומית לשיווק</ManufactureName>
      <ManufactureCountry />
      <ManufactureItemDescription />
      <UnitQty>י"ח</UnitQty>
      <Quantity>500</Quantity>
      <UnitMeasure>ל  מ"ל</UnitMeasure>
      <BisWeighted>0</BisWeighted>
      <QtyInPackage>1</QtyInPackage>
      <ItemPrice>15.90</ItemPrice>
      <UnitOfMeasurePrice>3.18</UnitOfMeasurePrice>
      <AllowDiscount>1</AllowDiscount>
      <itemStatus>1</itemStatus>
      <LastUpdateDate />
      <LastUpdateTime />
    </Product>
    <Product>
      <PriceUpdateDate>2015/12/14 10:48</PriceUpdateDate>
      <ItemCode>7290001813454</ItemCode>
      <ItemType>1</ItemType>
      <ItemName>חיוכים שוקו 900 גרם</ItemName>
      <ManufactureName>שטראוס גרופ בעמ</ManufactureName>
      <ManufactureCountry />
      <ManufactureItemDescription />
      <UnitQty>י"ח</UnitQty>
      <Quantity>900</Quantity>
      <UnitMeasure>ל  גרם</UnitMeasure>
      <BisWeighted>0</BisWeighted>
      <QtyInPackage>1</QtyInPackage>
      <ItemPrice>21.90</ItemPrice>
      <UnitOfMeasurePrice>2.43</UnitOfMeasurePrice>
      <AllowDiscount>1</AllowDiscount>
      <itemStatus>1</itemStatus>
      <LastUpdateDate />
      <LastUpdateTime />
    </Product>
    <Product>
      <PriceUpdateDate>2015/12/14 10:48</PriceUpdateDate>
      <ItemCode>7290001813478</ItemCode>
      <ItemType>1</ItemType>
      <ItemName>חיוכים וניל 900</ItemName>
      <ManufactureName>שטראוס גרופ בעמ</ManufactureName>
      <ManufactureCountry />
      <ManufactureItemDescription />
      <UnitQty>י"ח</UnitQty>
      <Quantity>900</Quantity>
      <UnitMeasure>ל  גרם</UnitMeasure>
      <BisWeighted>0</BisWeighted>
      <QtyInPackage>1</QtyInPackage>
      <ItemPrice>21.90</ItemPrice>
      <UnitOfMeasurePrice>2.43</UnitOfMeasurePrice>
      <AllowDiscount>1</AllowDiscount>
      <itemStatus>1</itemStatus>
      <LastUpdateDate />
      <LastUpdateTime />
    </Product>
    <Product>
      <PriceUpdateDate>2015/11/16 13:02</PriceUpdateDate>
      <ItemCode>7290001813881</ItemCode>
      <ItemType>1</ItemType>
      <ItemName>פתי בר עלית 500 גר</ItemName>
      <ManufactureName>שטראוס גרופ בעמ</ManufactureName>
      <ManufactureCountry />
      <ManufactureItemDescription />
      <UnitQty>י"ח</UnitQty>
      <Quantity>500</Quantity>
      <UnitMeasure>ל  גרם</UnitMeasure>
      <BisWeighted>0</BisWeighted>
      <QtyInPackage>1</QtyInPackage>
      <ItemPrice>10.90</ItemPrice>
      <UnitOfMeasurePrice>2.18</UnitOfMeasurePrice>
      <AllowDiscount>1</AllowDiscount>
      <itemStatus>1</itemStatus>
      <LastUpdateDate />
      <LastUpdateTime />
    </Product>
    <Product>
      <PriceUpdateDate>2018/12/11 16:06</PriceUpdateDate>
      <ItemCode>7290001814222</ItemCode>
      <ItemType>1</ItemType>
      <ItemName>שוקולד פרה עם עדשים</ItemName>
      <ManufactureName>שטראוס גרופ בעמ</ManufactureName>
      <ManufactureCountry />
      <ManufactureItemDescription />
      <UnitQty>י"ח</UnitQty>
      <Quantity>100</Quantity>
      <UnitMeasure>ל  גרם</UnitMeasure>
      <BisWeighted>0</BisWeighted>
      <QtyInPackage>1</QtyInPackage>
      <ItemPrice>5.90</ItemPrice>
      <UnitOfMeasurePrice>5.90</UnitOfMeasurePrice>
      <AllowDiscount>1</AllowDiscount>
      <itemStatus>1</itemStatus>
      <LastUpdateDate />
      <LastUpdateTime />
    </Product>
    <Product>
      <PriceUpdateDate>2018/07/15 13:33</PriceUpdateDate>
      <ItemCode>7290001817377</ItemCode>
      <ItemType>1</ItemType>
      <ItemName>צ יטוס O-X 60גר.</ItemName>
      <ManufactureName>שטראוס פריטו ליי בעמ</ManufactureName>
      <ManufactureCountry />
      <ManufactureItemDescription />
      <UnitQty>י"ח</UnitQty>
      <Quantity>60</Quantity>
      <UnitMeasure>ל  גרם</UnitMeasure>
      <BisWeighted>0</BisWeighted>
      <QtyInPackage>1</QtyInPackage>
      <ItemPrice>3.70</ItemPrice>
      <UnitOfMeasurePrice>6.17</UnitOfMeasurePrice>
      <AllowDiscount>1</AllowDiscount>
      <itemStatus>1</itemStatus>
      <LastUpdateDate />
      <LastUpdateTime />
    </Product>
    <Product>
      <PriceUpdateDate>2018/07/15 13:33</PriceUpdateDate>
      <ItemCode>7290001817728</ItemCode>
      <ItemType>1</ItemType>
      <ItemName>צ יטוס כאפה 55גר</ItemName>
      <ManufactureName>שטראוס פריטו ליי בעמ</ManufactureName>
      <ManufactureCountry />
      <ManufactureItemDescription />
      <UnitQty>י"ח</UnitQty>
      <Quantity>0.55</Quantity>
      <UnitMeasure>י"ח</UnitMeasure>
      <BisWeighted>0</BisWeighted>
      <QtyInPackage>1</QtyInPackage>
      <ItemPrice>3.70</ItemPrice>
      <UnitOfMeasurePrice>6.73</UnitOfMeasurePrice>
      <AllowDiscount>1</AllowDiscount>
      <itemStatus>1</itemStatus>
      <LastUpdateDate />
      <LastUpdateTime />
    </Product>
    <Product>
      <PriceUpdateDate>2020/04/28 08:26</PriceUpdateDate>
      <ItemCode>1873779</ItemCode>
      <ItemType>0</ItemType>
      <ItemName>גבנ"צ עלמה 400ג*</ItemName>
      <ManufactureName>נטו מלינדה סחר בעמ</ManufactureName>
      <ManufactureCountry />
      <ManufactureItemDescription />
      <UnitQty>י"ח</UnitQty>
      <Quantity>400</Quantity>
      <UnitMeasure>ל  גרם</UnitMeasure>
      <BisWeighted>0</BisWeighted>
      <QtyInPackage>1</QtyInPackage>
      <ItemPrice>14.40</ItemPrice>
      <UnitOfMeasurePrice>3.60</UnitOfMeasurePrice>
      <AllowDiscount>1</AllowDiscount>
      <itemStatus>1</itemStatus>
      <LastUpdateDate />
      <LastUpdateTime />
    </Product>
    <Product>
      <PriceUpdateDate>2014/01/29 10:36</PriceUpdateDate>
      <ItemCode>7290001975435</ItemCode>
      <ItemType>1</ItemType>
      <ItemName>פריגת אשכולית אדומה פאלפ 1.5 ליטר</ItemName>
      <ManufactureName>חברה המרכזית להפצת משקאות בעמ</ManufactureName>
      <ManufactureCountry />
      <ManufactureItemDescription />
      <UnitQty>י"ח</UnitQty>
      <Quantity>1.50</Quantity>
      <UnitMeasure>ליטר</UnitMeasure>
      <BisWeighted>0</BisWeighted>
      <QtyInPackage>1</QtyInPackage>
      <ItemPrice>7.20</ItemPrice>
      <UnitOfMeasurePrice>4.60</UnitOfMeasurePrice>
      <AllowDiscount>1</AllowDiscount>
      <itemStatus>1</itemStatus>
      <LastUpdateDate />
      <LastUpdateTime />
    </Product>
    <Product>
      <PriceUpdateDate>2013/12/16 15:44</PriceUpdateDate>
      <ItemCode>7290001990117</ItemCode>
      <ItemType>1</ItemType>
      <ItemName>שומשום 100 גרם סוגת</ItemName>
      <ManufactureName>סוגת תעשיות בעמ</ManufactureName>
      <ManufactureCountry />
      <ManufactureItemDescription />
      <UnitQty>י"ח</UnitQty>
      <Quantity>100</Quantity>
      <UnitMeasure>ל  גרם</UnitMeasure>
      <BisWeighted>0</BisWeighted>
      <QtyInPackage>1</QtyInPackage>
      <ItemPrice>5</ItemPrice>
      <UnitOfMeasurePrice>5</UnitOfMeasurePrice>
      <AllowDiscount>1</AllowDiscount>
      <itemStatus>1</itemStatus>
      <LastUpdateDate />
      <LastUpdateTime />
    </Product>
    <Product>
      <PriceUpdateDate>2016/05/09 13:07</PriceUpdateDate>
      <ItemCode>7290001990278</ItemCode>
      <ItemType>1</ItemType>
      <ItemName>שעועית לבנה 1 ק"ג סוגת</ItemName>
      <ManufactureName>סוגת תעשיות בעמ</ManufactureName>
      <ManufactureCountry />
      <ManufactureItemDescription />
      <UnitQty>י"ח</UnitQty>
      <Quantity>1</Quantity>
      <UnitMeasure>ק"ג</UnitMeasure>
      <BisWeighted>0</BisWeighted>
      <QtyInPackage>1</QtyInPackage>
      <ItemPrice>15.90</ItemPrice>
      <UnitOfMeasurePrice>15.90</UnitOfMeasurePrice>
      <AllowDiscount>1</AllowDiscount>
      <itemStatus>1</itemStatus>
      <LastUpdateDate />
      <LastUpdateTime />
    </Product>
    <Product>
      <PriceUpdateDate>2020/01/26 09:51</PriceUpdateDate>
      <ItemCode>7290001990384</ItemCode>
      <ItemType>1</ItemType>
      <ItemName>פול קטן 500גר.</ItemName>
      <ManufactureName>סוגת תעשיות בעמ</ManufactureName>
      <ManufactureCountry />
      <ManufactureItemDescription />
      <UnitQty>י"ח</UnitQty>
      <Quantity>500</Quantity>
      <UnitMeasure>ל  גרם</UnitMeasure>
      <BisWeighted>0</BisWeighted>
      <QtyInPackage>1</QtyInPackage>
      <ItemPrice>5.90</ItemPrice>
      <UnitOfMeasurePrice>1.18</UnitOfMeasurePrice>
      <AllowDiscount>1</AllowDiscount>
      <itemStatus>1</itemStatus>
      <LastUpdateDate />
      <LastUpdateTime />
    </Product>
    <Product>
      <PriceUpdateDate>2014/02/05 10:54</PriceUpdateDate>
      <ItemCode>7290002000136</ItemCode>
      <ItemType>1</ItemType>
      <ItemName>שעווה למיקרוגל</ItemName>
      <ManufactureName>דנשר (1963) בעמ</ManufactureName>
      <ManufactureCountry />
      <ManufactureItemDescription />
      <UnitQty>י"ח</UnitQty>
      <Quantity>500</Quantity>
      <UnitMeasure>ל  גרם</UnitMeasure>
      <BisWeighted>0</BisWeighted>
      <QtyInPackage>1</QtyInPackage>
      <ItemPrice>19.90</ItemPrice>
      <UnitOfMeasurePrice>3.98</UnitOfMeasurePrice>
      <AllowDiscount>1</AllowDiscount>
      <itemStatus>1</itemStatus>
      <LastUpdateDate />
      <LastUpdateTime />
    </Product>
    <Product>
      <PriceUpdateDate>2017/11/05 10:20</PriceUpdateDate>
      <ItemCode>7290002000143</ItemCode>
      <ItemType>1</ItemType>
      <ItemName>ק.ידיים פ נגל קלאסיק</ItemName>
      <ManufactureName>דנשר (1963) בעמ</ManufactureName>
      <ManufactureCountry />
      <ManufactureItemDescription />
      <UnitQty>י"ח</UnitQty>
      <Quantity>100</Quantity>
      <UnitMeasure>ל  מ"ל</UnitMeasure>
      <BisWeighted>0</BisWeighted>
      <QtyInPackage>1</QtyInPackage>
      <ItemPrice>7.90</ItemPrice>
      <UnitOfMeasurePrice>7.90</UnitOfMeasurePrice>
      <AllowDiscount>1</AllowDiscount>
      <itemStatus>1</itemStatus>
      <LastUpdateDate />
      <LastUpdateTime />
    </Product>
    <Product>
      <PriceUpdateDate>2014/02/05 10:54</PriceUpdateDate>
      <ItemCode>7290002000266</ItemCode>
      <ItemType>1</ItemType>
      <ItemName>שעווה תפוח</ItemName>
      <ManufactureName>דנשר (1963) בעמ</ManufactureName>
      <ManufactureCountry />
      <ManufactureItemDescription />
      <UnitQty>י"ח</UnitQty>
      <Quantity>500</Quantity>
      <UnitMeasure>ל  גרם</UnitMeasure>
      <BisWeighted>0</BisWeighted>
      <QtyInPackage>1</QtyInPackage>
      <ItemPrice>19.90</ItemPrice>
      <UnitOfMeasurePrice>3.98</UnitOfMeasurePrice>
      <AllowDiscount>1</AllowDiscount>
      <itemStatus>1</itemStatus>
      <LastUpdateDate />
      <LastUpdateTime />
    </Product>
    <Product>
      <PriceUpdateDate>2014/02/05 10:54</PriceUpdateDate>
      <ItemCode>7290002002611</ItemCode>
      <ItemType>1</ItemType>
      <ItemName>שעווה קרה להסרת שיער</ItemName>
      <ManufactureName>דנשר (1963) בעמ</ManufactureName>
      <ManufactureCountry />
      <ManufactureItemDescription />
      <UnitQty>י"ח</UnitQty>
      <Quantity>500</Quantity>
      <UnitMeasure>ל  גרם</UnitMeasure>
      <BisWeighted>0</BisWeighted>
      <QtyInPackage>1</QtyInPackage>
      <ItemPrice>19.90</ItemPrice>
      <UnitOfMeasurePrice>3.98</UnitOfMeasurePrice>
      <AllowDiscount>1</AllowDiscount>
      <itemStatus>1</itemStatus>
      <LastUpdateDate />
      <LastUpdateTime />
    </Product>
    <Product>
      <PriceUpdateDate>2013/06/11 12:07</PriceUpdateDate>
      <ItemCode>7290002002857</ItemCode>
      <ItemType>1</ItemType>
      <ItemName>מגע המשי נייר הדבש</ItemName>
      <ManufactureName>דנשר (1963) בעמ</ManufactureName>
      <ManufactureCountry />
      <ManufactureItemDescription />
      <UnitQty>י"ח</UnitQty>
      <Quantity>1</Quantity>
      <UnitMeasure>י"ח</UnitMeasure>
      <BisWeighted>0</BisWeighted>
      <QtyInPackage>1</QtyInPackage>
      <ItemPrice>20.30</ItemPrice>
      <UnitOfMeasurePrice>20.30</UnitOfMeasurePrice>
      <AllowDiscount>1</AllowDiscount>
      <itemStatus>1</itemStatus>
      <LastUpdateDate />
      <LastUpdateTime />
    </Product>
    <Product>
      <PriceUpdateDate>2013/11/26 09:22</PriceUpdateDate>
      <ItemCode>2013006</ItemCode>
      <ItemType>0</ItemType>
      <ItemName>פסטרמה מקסיקנית</ItemName>
      <ManufactureName>זוגלובק שיווק בעמ</ManufactureName>
      <ManufactureCountry />
      <ManufactureItemDescription />
      <UnitQty>ק"ג</UnitQty>
      <Quantity>1</Quantity>
      <UnitMeasure />
      <BisWeighted>1</BisWeighted>
      <QtyInPackage>1</QtyInPackage>
      <ItemPrice>76.90</ItemPrice>
      <UnitOfMeasurePrice>76.90</UnitOfMeasurePrice>
      <AllowDiscount>0</AllowDiscount>
      <itemStatus>1</itemStatus>
      <LastUpdateDate />
      <LastUpdateTime />
    </Product>
    <Product>
      <PriceUpdateDate>2013/11/26 09:22</PriceUpdateDate>
      <ItemCode>2013037</ItemCode>
      <ItemType>0</ItemType>
      <ItemName>פסטרמה פרגיות על לבנים 1% שומן</ItemName>
      <ManufactureName>זוגלובק שיווק בעמ</ManufactureName>
      <ManufactureCountry />
      <ManufactureItemDescription />
      <UnitQty>ק"ג</UnitQty>
      <Quantity>1</Quantity>
      <UnitMeasure />
      <BisWeighted>1</BisWeighted>
      <QtyInPackage>1</QtyInPackage>
      <ItemPrice>76.90</ItemPrice>
      <UnitOfMeasurePrice>76.90</UnitOfMeasurePrice>
      <AllowDiscount>0</AllowDiscount>
      <itemStatus>1</itemStatus>
      <LastUpdateDate />
      <LastUpdateTime />
    </Product>
    <Product>
      <PriceUpdateDate>2013/11/26 09:22</PriceUpdateDate>
      <ItemCode>2013174</ItemCode>
      <ItemType>0</ItemType>
      <ItemName>פסטרמה של פעם שקיל</ItemName>
      <ManufactureName>זוגלובק שיווק בעמ</ManufactureName>
      <ManufactureCountry />
      <ManufactureItemDescription />
      <UnitQty>ק"ג</UnitQty>
      <Quantity>1</Quantity>
      <UnitMeasure />
      <BisWeighted>1</BisWeighted>
      <QtyInPackage>1</QtyInPackage>
      <ItemPrice>76.90</ItemPrice>
      <UnitOfMeasurePrice>76.90</UnitOfMeasurePrice>
      <AllowDiscount>0</AllowDiscount>
      <itemStatus>1</itemStatus>
      <LastUpdateDate />
      <LastUpdateTime />
    </Product>
    <Product>
      <PriceUpdateDate>2018/12/02 10:26</PriceUpdateDate>
      <ItemCode>2013990</ItemCode>
      <ItemType>0</ItemType>
      <ItemName>קונפי אווז והודו ריינהולדס</ItemName>
      <ManufactureName>זוגלובק שיווק בעמ</ManufactureName>
      <ManufactureCountry />
      <ManufactureItemDescription />
      <UnitQty>ק"ג</UnitQty>
      <Quantity>1</Quantity>
      <UnitMeasure />
      <BisWeighted>1</BisWeighted>
      <QtyInPackage>1</QtyInPackage>
      <ItemPrice>199</ItemPrice>
      <UnitOfMeasurePrice>199</UnitOfMeasurePrice>
      <AllowDiscount>1</AllowDiscount>
      <itemStatus>1</itemStatus>
      <LastUpdateDate />
      <LastUpdateTime />
    </Product>
    <Product>
      <PriceUpdateDate>2017/02/08 10:00</PriceUpdateDate>
      <ItemCode>7290002022152</ItemCode>
      <ItemType>1</ItemType>
      <ItemName>מרשמלו 100 גר</ItemName>
      <ManufactureName>כרמית תעשיות ממתקים בעמ</ManufactureName>
      <ManufactureCountry />
      <ManufactureItemDescription />
      <UnitQty>י"ח</UnitQty>
      <Quantity>100</Quantity>
      <UnitMeasure>ל  גרם</UnitMeasure>
      <BisWeighted>0</BisWeighted>
      <QtyInPackage>1</QtyInPackage>
      <ItemPrice>3.90</ItemPrice>
      <UnitOfMeasurePrice>3.90</UnitOfMeasurePrice>
      <AllowDiscount>1</AllowDiscount>
      <itemStatus>1</itemStatus>
      <LastUpdateDate />
      <LastUpdateTime />
    </Product>
    <Product>
      <PriceUpdateDate>2017/08/17 13:34</PriceUpdateDate>
      <ItemCode>2026297</ItemCode>
      <ItemType>0</ItemType>
      <ItemName>גלידת בן אנד גריס 473מ"ל</ItemName>
      <ManufactureName>מוצרי איכות אמריקאיים בעמ</ManufactureName>
      <ManufactureCountry />
      <ManufactureItemDescription />
      <UnitQty>י"ח</UnitQty>
      <Quantity>473</Quantity>
      <UnitMeasure>ל  מ"ל</UnitMeasure>
      <BisWeighted>0</BisWeighted>
      <QtyInPackage>1</QtyInPackage>
      <ItemPrice>23.90</ItemPrice>
      <UnitOfMeasurePrice>5.05</UnitOfMeasurePrice>
      <AllowDiscount>1</AllowDiscount>
      <itemStatus>1</itemStatus>
      <LastUpdateDate />
      <LastUpdateTime />
    </Product>
    <Product>
      <PriceUpdateDate>2016/02/29 09:33</PriceUpdateDate>
      <ItemCode>7290002026365</ItemCode>
      <ItemType>1</ItemType>
      <ItemName>טבעות בצל</ItemName>
      <ManufactureName>מוצרי איכות אמריקאיים בעמ</ManufactureName>
      <ManufactureCountry />
      <ManufactureItemDescription />
      <UnitQty>י"ח</UnitQty>
      <Quantity>1</Quantity>
      <UnitMeasure>י"ח</UnitMeasure>
      <BisWeighted>0</BisWeighted>
      <QtyInPackage>1</QtyInPackage>
      <ItemPrice>13.90</ItemPrice>
      <UnitOfMeasurePrice>13.90</UnitOfMeasurePrice>
      <AllowDiscount>1</AllowDiscount>
      <itemStatus>1</itemStatus>
      <LastUpdateDate />
      <LastUpdateTime />
    </Product>
    <Product>
      <PriceUpdateDate>2014/01/09 14:25</PriceUpdateDate>
      <ItemCode>2026402</ItemCode>
      <ItemType>0</ItemType>
      <ItemName>בלינצס גבינה 420גר</ItemName>
      <ManufactureName>מוצרי איכות אמריקאיים בעמ</ManufactureName>
      <ManufactureCountry />
      <ManufactureItemDescription />
      <UnitQty>י"ח</UnitQty>
      <Quantity>420</Quantity>
      <UnitMeasure>ל  גרם</UnitMeasure>
      <BisWeighted>0</BisWeighted>
      <QtyInPackage>1</QtyInPackage>
      <ItemPrice>15</ItemPrice>
      <UnitOfMeasurePrice>3.57</UnitOfMeasurePrice>
      <AllowDiscount>1</AllowDiscount>
      <itemStatus>1</itemStatus>
      <LastUpdateDate />
      <LastUpdateTime />
    </Product>
    <Product>
      <PriceUpdateDate>2014/01/09 14:25</PriceUpdateDate>
      <ItemCode>2026440</ItemCode>
      <ItemType>0</ItemType>
      <ItemName>פרצלס קפוא</ItemName>
      <ManufactureName>מוצרי איכות אמריקאיים בעמ</ManufactureName>
      <ManufactureCountry />
      <ManufactureItemDescription />
      <UnitQty>י"ח</UnitQty>
      <Quantity>400</Quantity>
      <UnitMeasure>ל  גרם</UnitMeasure>
      <BisWeighted>0</BisWeighted>
      <QtyInPackage>1</QtyInPackage>
      <ItemPrice>16</ItemPrice>
      <UnitOfMeasurePrice>4</UnitOfMeasurePrice>
      <AllowDiscount>1</AllowDiscount>
      <itemStatus>1</itemStatus>
      <LastUpdateDate />
      <LastUpdateTime />
    </Product>
    <Product>
      <PriceUpdateDate>2019/12/25 09:31</PriceUpdateDate>
      <ItemCode>7290002026587</ItemCode>
      <ItemType>1</ItemType>
      <ItemName>וופל בלגי קפוא</ItemName>
      <ManufactureName>מוצרי איכות אמריקאיים בעמ</ManufactureName>
      <ManufactureCountry />
      <ManufactureItemDescription />
      <UnitQty>י"ח</UnitQty>
      <Quantity>280</Quantity>
      <UnitMeasure>ל  גרם</UnitMeasure>
      <BisWeighted>0</BisWeighted>
      <QtyInPackage>1</QtyInPackage>
      <ItemPrice>16</ItemPrice>
      <UnitOfMeasurePrice>5.71</UnitOfMeasurePrice>
      <AllowDiscount>1</AllowDiscount>
      <itemStatus>1</itemStatus>
      <LastUpdateDate />
      <LastUpdateTime />
    </Product>
    <Product>
      <PriceUpdateDate>2017/08/17 13:34</PriceUpdateDate>
      <ItemCode>2026778</ItemCode>
      <ItemType>0</ItemType>
      <ItemName>גלידת בן אנד גריס 473מ"ל</ItemName>
      <ManufactureName>מוצרי איכות אמריקאיים בעמ</ManufactureName>
      <ManufactureCountry />
      <ManufactureItemDescription />
      <UnitQty>י"ח</UnitQty>
      <Quantity>473</Quantity>
      <UnitMeasure>ל  מ"ל</UnitMeasure>
      <BisWeighted>0</BisWeighted>
      <QtyInPackage>1</QtyInPackage>
      <ItemPrice>23.90</ItemPrice>
      <UnitOfMeasurePrice>5.05</UnitOfMeasurePrice>
      <AllowDiscount>1</AllowDiscount>
      <itemStatus>1</itemStatus>
      <LastUpdateDate />
      <LastUpdateTime />
    </Product>
    <Product>
      <PriceUpdateDate>2017/08/24 08:29</PriceUpdateDate>
      <ItemCode>2026891</ItemCode>
      <ItemType>0</ItemType>
      <ItemName>מאגדת קוקי מיקס 288גר</ItemName>
      <ManufactureName>מוצרי איכות אמריקאיים בעמ</ManufactureName>
      <ManufactureCountry />
      <ManufactureItemDescription />
      <UnitQty>י"ח</UnitQty>
      <Quantity>288</Quantity>
      <UnitMeasure>ל  גרם</UnitMeasure>
      <BisWeighted>0</BisWeighted>
      <QtyInPackage>1</QtyInPackage>
      <ItemPrice>29.90</ItemPrice>
      <UnitOfMeasurePrice>10.38</UnitOfMeasurePrice>
      <AllowDiscount>1</AllowDiscount>
      <itemStatus>1</itemStatus>
      <LastUpdateDate />
      <LastUpdateTime />
    </Product>
    <Product>
      <PriceUpdateDate>2018/01/09 09:36</PriceUpdateDate>
      <ItemCode>2026914</ItemCode>
      <ItemType>0</ItemType>
      <ItemName>מאגדת קלאסיק מיקס 100 גרם</ItemName>
      <ManufactureName>מוצרי איכות אמריקאיים בעמ</ManufactureName>
      <ManufactureCountry />
      <ManufactureItemDescription />
      <UnitQty>י"ח</UnitQty>
      <Quantity>100</Quantity>
      <UnitMeasure>ל  גרם</UnitMeasure>
      <BisWeighted>0</BisWeighted>
      <QtyInPackage>1</QtyInPackage>
      <ItemPrice>29.90</ItemPrice>
      <UnitOfMeasurePrice>29.90</UnitOfMeasurePrice>
      <AllowDiscount>1</AllowDiscount>
      <itemStatus>1</itemStatus>
      <LastUpdateDate />
      <LastUpdateTime />
    </Product>
    <Product>
      <PriceUpdateDate>2018/03/19 09:28</PriceUpdateDate>
      <ItemCode>2026952</ItemCode>
      <ItemType>0</ItemType>
      <ItemName>בלינצס תפו"א  420גר</ItemName>
      <ManufactureName>מוצרי איכות אמריקאיים בעמ</ManufactureName>
      <ManufactureCountry />
      <ManufactureItemDescription />
      <UnitQty>י"ח</UnitQty>
      <Quantity>420</Quantity>
      <UnitMeasure>ל  גרם</UnitMeasure>
      <BisWeighted>0</BisWeighted>
      <QtyInPackage>1</QtyInPackage>
      <ItemPrice>15</ItemPrice>
      <UnitOfMeasurePrice>3.57</UnitOfMeasurePrice>
      <AllowDiscount>1</AllowDiscount>
      <itemStatus>1</itemStatus>
      <LastUpdateDate />
      <LastUpdateTime />
    </Product>
    <Product>
      <PriceUpdateDate>2018/03/19 09:28</PriceUpdateDate>
      <ItemCode>2026969</ItemCode>
      <ItemType>0</ItemType>
      <ItemName>בלינצס פטריות 420גר</ItemName>
      <ManufactureName>מוצרי איכות אמריקאיים בעמ</ManufactureName>
      <ManufactureCountry />
      <ManufactureItemDescription />
      <UnitQty>י"ח</UnitQty>
      <Quantity>420</Quantity>
      <UnitMeasure>ל  גרם</UnitMeasure>
      <BisWeighted>0</BisWeighted>
      <QtyInPackage>1</QtyInPackage>
      <ItemPrice>15</ItemPrice>
      <UnitOfMeasurePrice>3.57</UnitOfMeasurePrice>
      <AllowDiscount>1</AllowDiscount>
      <itemStatus>1</itemStatus>
      <LastUpdateDate />
      <LastUpdateTime />
    </Product>
    <Product>
      <PriceUpdateDate>2019/03/05 12:21</PriceUpdateDate>
      <ItemCode>2026976</ItemCode>
      <ItemType>0</ItemType>
      <ItemName>גלידה פיינטים שוקולד מילק קוקוס</ItemName>
      <ManufactureName>מוצרי איכות אמריקאיים בעמ</ManufactureName>
      <ManufactureCountry />
      <ManufactureItemDescription />
      <UnitQty>י"ח</UnitQty>
      <Quantity>750</Quantity>
      <UnitMeasure>ל  מ"ל</UnitMeasure>
      <BisWeighted>0</BisWeighted>
      <QtyInPackage>1</QtyInPackage>
      <ItemPrice>23.90</ItemPrice>
      <UnitOfMeasurePrice>3.19</UnitOfMeasurePrice>
      <AllowDiscount>1</AllowDiscount>
      <itemStatus>1</itemStatus>
      <LastUpdateDate />
      <LastUpdateTime />
    </Product>
    <Product>
      <PriceUpdateDate>2019/03/05 12:21</PriceUpdateDate>
      <ItemCode>2026983</ItemCode>
      <ItemType>0</ItemType>
      <ItemName>גלידת שוקולד עם בצק עוגיות שוקולד צ`יפ</ItemName>
      <ManufactureName>מוצרי איכות אמריקאיים בעמ</ManufactureName>
      <ManufactureCountry />
      <ManufactureItemDescription />
      <UnitQty>י"ח</UnitQty>
      <Quantity>750</Quantity>
      <UnitMeasure>ל  מ"ל</UnitMeasure>
      <BisWeighted>0</BisWeighted>
      <QtyInPackage>1</QtyInPackage>
      <ItemPrice>23.90</ItemPrice>
      <UnitOfMeasurePrice>3.19</UnitOfMeasurePrice>
      <AllowDiscount>1</AllowDiscount>
      <itemStatus>1</itemStatus>
      <LastUpdateDate />
      <LastUpdateTime />
    </Product>
    <Product>
      <PriceUpdateDate>2019/11/17 14:22</PriceUpdateDate>
      <ItemCode>7290002057017</ItemCode>
      <ItemType>1</ItemType>
      <ItemName>נובו ענק A2</ItemName>
      <ManufactureName>קבוצת יבנה מוצרי מזון בעמ</ManufactureName>
      <ManufactureCountry />
      <ManufactureItemDescription />
      <UnitQty>י"ח</UnitQty>
      <Quantity>560</Quantity>
      <UnitMeasure>ל  גרם</UnitMeasure>
      <BisWeighted>0</BisWeighted>
      <QtyInPackage>1</QtyInPackage>
      <ItemPrice>10.90</ItemPrice>
      <UnitOfMeasurePrice>1.95</UnitOfMeasurePrice>
      <AllowDiscount>1</AllowDiscount>
      <itemStatus>1</itemStatus>
      <LastUpdateDate />
      <LastUpdateTime />
    </Product>
    <Product>
      <PriceUpdateDate>2019/11/17 14:22</PriceUpdateDate>
      <ItemCode>7290002057284</ItemCode>
      <ItemType>1</ItemType>
      <ItemName>חרוזית יבנה בדץ A2</ItemName>
      <ManufactureName>קבוצת יבנה מוצרי מזון בעמ</ManufactureName>
      <ManufactureCountry />
      <ManufactureItemDescription />
      <UnitQty>י"ח</UnitQty>
      <Quantity>600</Quantity>
      <UnitMeasure>ל  גרם</UnitMeasure>
      <BisWeighted>0</BisWeighted>
      <QtyInPackage>1</QtyInPackage>
      <ItemPrice>7.90</ItemPrice>
      <UnitOfMeasurePrice>1.32</UnitOfMeasurePrice>
      <AllowDiscount>1</AllowDiscount>
      <itemStatus>1</itemStatus>
      <LastUpdateDate />
      <LastUpdateTime />
    </Product>
    <Product>
      <PriceUpdateDate>2019/11/17 14:22</PriceUpdateDate>
      <ItemCode>7290002057604</ItemCode>
      <ItemType>1</ItemType>
      <ItemName>שיפקה A-2</ItemName>
      <ManufactureName>קבוצת יבנה מוצרי מזון בעמ</ManufactureName>
      <ManufactureCountry />
      <ManufactureItemDescription />
      <UnitQty>י"ח</UnitQty>
      <Quantity>560</Quantity>
      <UnitMeasure>ל  גרם</UnitMeasure>
      <BisWeighted>0</BisWeighted>
      <QtyInPackage>1</QtyInPackage>
      <ItemPrice>6.90</ItemPrice>
      <UnitOfMeasurePrice>1.23</UnitOfMeasurePrice>
      <AllowDiscount>1</AllowDiscount>
      <itemStatus>1</itemStatus>
      <LastUpdateDate />
      <LastUpdateTime />
    </Product>
    <Product>
      <PriceUpdateDate>2017/02/02 12:05</PriceUpdateDate>
      <ItemCode>7290002061137</ItemCode>
      <ItemType>1</ItemType>
      <ItemName>אורנה 19 דפילטור</ItemName>
      <ManufactureName>אלפא קוסמטיקה</ManufactureName>
      <ManufactureCountry />
      <ManufactureItemDescription />
      <UnitQty>י"ח</UnitQty>
      <Quantity>80</Quantity>
      <UnitMeasure>ל  מ"ל</UnitMeasure>
      <BisWeighted>0</BisWeighted>
      <QtyInPackage>1</QtyInPackage>
      <ItemPrice>19.90</ItemPrice>
      <UnitOfMeasurePrice>24.88</UnitOfMeasurePrice>
      <AllowDiscount>1</AllowDiscount>
      <itemStatus>1</itemStatus>
      <LastUpdateDate />
      <LastUpdateTime />
    </Product>
    <Product>
      <PriceUpdateDate>2013/11/24 11:47</PriceUpdateDate>
      <ItemCode>7290002061229</ItemCode>
      <ItemType>1</ItemType>
      <ItemName>קרם דפילטור ביקיני</ItemName>
      <ManufactureName>אלפא קוסמטיקה</ManufactureName>
      <ManufactureCountry />
      <ManufactureItemDescription />
      <UnitQty>י"ח</UnitQty>
      <Quantity>400</Quantity>
      <UnitMeasure>ל  מ"ל</UnitMeasure>
      <BisWeighted>0</BisWeighted>
      <QtyInPackage>1</QtyInPackage>
      <ItemPrice>19.90</ItemPrice>
      <UnitOfMeasurePrice>4.98</UnitOfMeasurePrice>
      <AllowDiscount>1</AllowDiscount>
      <itemStatus>1</itemStatus>
      <LastUpdateDate />
      <LastUpdateTime />
    </Product>
    <Product>
      <PriceUpdateDate>2013/11/24 11:47</PriceUpdateDate>
      <ItemCode>7290002061236</ItemCode>
      <ItemType>1</ItemType>
      <ItemName>שעווה קרה</ItemName>
      <ManufactureName>אלפא קוסמטיקה</ManufactureName>
      <ManufactureCountry />
      <ManufactureItemDescription />
      <UnitQty>י"ח</UnitQty>
      <Quantity>500</Quantity>
      <UnitMeasure>ל  גרם</UnitMeasure>
      <BisWeighted>0</BisWeighted>
      <QtyInPackage>1</QtyInPackage>
      <ItemPrice>19.90</ItemPrice>
      <UnitOfMeasurePrice>3.98</UnitOfMeasurePrice>
      <AllowDiscount>1</AllowDiscount>
      <itemStatus>1</itemStatus>
      <LastUpdateDate />
      <LastUpdateTime />
    </Product>
    <Product>
      <PriceUpdateDate>2017/04/24 08:16</PriceUpdateDate>
      <ItemCode>8076802085981</ItemCode>
      <ItemType>1</ItemType>
      <ItemName>ברילה פסטה פוזילי 98</ItemName>
      <ManufactureName>ש.שסטוביץ בעמ</ManufactureName>
      <ManufactureCountry />
      <ManufactureItemDescription />
      <UnitQty>י"ח</UnitQty>
      <Quantity>500</Quantity>
      <UnitMeasure>ל  גרם</UnitMeasure>
      <BisWeighted>0</BisWeighted>
      <QtyInPackage>1</QtyInPackage>
      <ItemPrice>6.90</ItemPrice>
      <UnitOfMeasurePrice>1.38</UnitOfMeasurePrice>
      <AllowDiscount>1</AllowDiscount>
      <itemStatus>1</itemStatus>
      <LastUpdateDate />
      <LastUpdateTime />
    </Product>
    <Product>
      <PriceUpdateDate>2016/03/07 14:34</PriceUpdateDate>
      <ItemCode>2109372</ItemCode>
      <ItemType>0</ItemType>
      <ItemName>בורקס פילו אצבעות בולגרית 700גר`</ItemName>
      <ManufactureName>נטו מלינדה סחר בעמ</ManufactureName>
      <ManufactureCountry />
      <ManufactureItemDescription />
      <UnitQty>י"ח</UnitQty>
      <Quantity>600</Quantity>
      <UnitMeasure>ל  גרם</UnitMeasure>
      <BisWeighted>0</BisWeighted>
      <QtyInPackage>1</QtyInPackage>
      <ItemPrice>19.90</ItemPrice>
      <UnitOfMeasurePrice>3.32</UnitOfMeasurePrice>
      <AllowDiscount>1</AllowDiscount>
      <itemStatus>1</itemStatus>
      <LastUpdateDate />
      <LastUpdateTime />
    </Product>
    <Product>
      <PriceUpdateDate>2018/03/26 11:09</PriceUpdateDate>
      <ItemCode>7290002111085</ItemCode>
      <ItemType>1</ItemType>
      <ItemName>רסק 100גר. מבורך}פלסטיק[</ItemName>
      <ManufactureName>זנלכל בעמ</ManufactureName>
      <ManufactureCountry />
      <ManufactureItemDescription />
      <UnitQty>י"ח</UnitQty>
      <Quantity>400</Quantity>
      <UnitMeasure>ל  גרם</UnitMeasure>
      <BisWeighted>0</BisWeighted>
      <QtyInPackage>1</QtyInPackage>
      <ItemPrice>1.60</ItemPrice>
      <UnitOfMeasurePrice>0.40</UnitOfMeasurePrice>
      <AllowDiscount>1</AllowDiscount>
      <itemStatus>1</itemStatus>
      <LastUpdateDate />
      <LastUpdateTime />
    </Product>
    <Product>
      <PriceUpdateDate>2018/05/24 14:20</PriceUpdateDate>
      <ItemCode>2111313</ItemCode>
      <ItemType>0</ItemType>
      <ItemName>עגב. קוביות A2.5 בד"ץ</ItemName>
      <ManufactureName>זנלכל בעמ</ManufactureName>
      <ManufactureCountry />
      <ManufactureItemDescription />
      <UnitQty>י"ח</UnitQty>
      <Quantity>1</Quantity>
      <UnitMeasure />
      <BisWeighted>0</BisWeighted>
      <QtyInPackage>1</QtyInPackage>
      <ItemPrice>6.90</ItemPrice>
      <UnitOfMeasurePrice>6.90</UnitOfMeasurePrice>
      <AllowDiscount>1</AllowDiscount>
      <itemStatus>1</itemStatus>
      <LastUpdateDate />
      <LastUpdateTime />
    </Product>
    <Product>
      <PriceUpdateDate>2015/01/30 08:52</PriceUpdateDate>
      <ItemCode>7290002111337</ItemCode>
      <ItemType>1</ItemType>
      <ItemName>רסק 260 גרם בד"צ פרי מבורך</ItemName>
      <ManufactureName>זנלכל בעמ</ManufactureName>
      <ManufactureCountry />
      <ManufactureItemDescription />
      <UnitQty>י"ח</UnitQty>
      <Quantity>260</Quantity>
      <UnitMeasure>ל  גרם</UnitMeasure>
      <BisWeighted>0</BisWeighted>
      <QtyInPackage>1</QtyInPackage>
      <ItemPrice>3.50</ItemPrice>
      <UnitOfMeasurePrice>1.35</UnitOfMeasurePrice>
      <AllowDiscount>1</AllowDiscount>
      <itemStatus>1</itemStatus>
      <LastUpdateDate />
      <LastUpdateTime />
    </Product>
    <Product>
      <PriceUpdateDate>2013/06/23 09:40</PriceUpdateDate>
      <ItemCode>7290002111634</ItemCode>
      <ItemType>1</ItemType>
      <ItemName>חומוס בד"צ פרי מבורך</ItemName>
      <ManufactureName>זנלכל בעמ</ManufactureName>
      <ManufactureCountry />
      <ManufactureItemDescription />
      <UnitQty>י"ח</UnitQty>
      <Quantity>600</Quantity>
      <UnitMeasure>ל  גרם</UnitMeasure>
      <BisWeighted>0</BisWeighted>
      <QtyInPackage>1</QtyInPackage>
      <ItemPrice>5.90</ItemPrice>
      <UnitOfMeasurePrice>0.98</UnitOfMeasurePrice>
      <AllowDiscount>1</AllowDiscount>
      <itemStatus>1</itemStatus>
      <LastUpdateDate />
      <LastUpdateTime />
    </Product>
    <Product>
      <PriceUpdateDate>2018/05/24 14:20</PriceUpdateDate>
      <ItemCode>7290002111696</ItemCode>
      <ItemType>1</ItemType>
      <ItemName>עגב.מרוסקות  800 ג פרי מבורך</ItemName>
      <ManufactureName>זנלכל בעמ</ManufactureName>
      <ManufactureCountry />
      <ManufactureItemDescription />
      <UnitQty>י"ח</UnitQty>
      <Quantity>800</Quantity>
      <UnitMeasure>ל  גרם</UnitMeasure>
      <BisWeighted>0</BisWeighted>
      <QtyInPackage>1</QtyInPackage>
      <ItemPrice>6.90</ItemPrice>
      <UnitOfMeasurePrice>0.86</UnitOfMeasurePrice>
      <AllowDiscount>1</AllowDiscount>
      <itemStatus>1</itemStatus>
      <LastUpdateDate />
      <LastUpdateTime />
    </Product>
    <Product>
      <PriceUpdateDate>2013/06/23 09:40</PriceUpdateDate>
      <ItemCode>7290002111764</ItemCode>
      <ItemType>1</ItemType>
      <ItemName>שעועית  אפויה}מבורך{</ItemName>
      <ManufactureName>זנלכל בעמ</ManufactureName>
      <ManufactureCountry />
      <ManufactureItemDescription />
      <UnitQty>י"ח</UnitQty>
      <Quantity>600</Quantity>
      <UnitMeasure>ל  גרם</UnitMeasure>
      <BisWeighted>0</BisWeighted>
      <QtyInPackage>1</QtyInPackage>
      <ItemPrice>5.90</ItemPrice>
      <UnitOfMeasurePrice>0.98</UnitOfMeasurePrice>
      <AllowDiscount>1</AllowDiscount>
      <itemStatus>1</itemStatus>
      <LastUpdateDate />
      <LastUpdateTime />
    </Product>
    <Product>
      <PriceUpdateDate>2017/01/15 10:27</PriceUpdateDate>
      <ItemCode>2129400</ItemCode>
      <ItemType>0</ItemType>
      <ItemName>טבעות דג 700ג מהדרין</ItemName>
      <ManufactureName>נטו מלינדה סחר בעמ</ManufactureName>
      <ManufactureCountry />
      <ManufactureItemDescription />
      <UnitQty>י"ח</UnitQty>
      <Quantity>0.70</Quantity>
      <UnitMeasure>ק"ג</UnitMeasure>
      <BisWeighted>0</BisWeighted>
      <QtyInPackage>1</QtyInPackage>
      <ItemPrice>23.90</ItemPrice>
      <UnitOfMeasurePrice>34.14</UnitOfMeasurePrice>
      <AllowDiscount>1</AllowDiscount>
      <itemStatus>1</itemStatus>
      <LastUpdateDate />
      <LastUpdateTime />
    </Product>
    <Product>
      <PriceUpdateDate>2017/01/12 12:23</PriceUpdateDate>
      <ItemCode>2129417</ItemCode>
      <ItemType>0</ItemType>
      <ItemName>קציצות דג מהדרין 1ק"ג</ItemName>
      <ManufactureName>נטו מלינדה סחר בעמ</ManufactureName>
      <ManufactureCountry />
      <ManufactureItemDescription />
      <UnitQty>י"ח</UnitQty>
      <Quantity>1</Quantity>
      <UnitMeasure>ק"ג</UnitMeasure>
      <BisWeighted>0</BisWeighted>
      <QtyInPackage>1</QtyInPackage>
      <ItemPrice>33.90</ItemPrice>
      <UnitOfMeasurePrice>33.90</UnitOfMeasurePrice>
      <AllowDiscount>1</AllowDiscount>
      <itemStatus>1</itemStatus>
      <LastUpdateDate />
      <LastUpdateTime />
    </Product>
    <Product>
      <PriceUpdateDate>2017/01/12 12:23</PriceUpdateDate>
      <ItemCode>2129424</ItemCode>
      <ItemType>0</ItemType>
      <ItemName>שניצל דג מצופה 1ק"ג</ItemName>
      <ManufactureName>נטו מלינדה סחר בעמ</ManufactureName>
      <ManufactureCountry />
      <ManufactureItemDescription />
      <UnitQty>י"ח</UnitQty>
      <Quantity>1</Quantity>
      <UnitMeasure>ק"ג</UnitMeasure>
      <BisWeighted>0</BisWeighted>
      <QtyInPackage>1</QtyInPackage>
      <ItemPrice>30.90</ItemPrice>
      <UnitOfMeasurePrice>30.90</UnitOfMeasurePrice>
      <AllowDiscount>1</AllowDiscount>
      <itemStatus>1</itemStatus>
      <LastUpdateDate />
      <LastUpdateTime />
    </Product>
    <Product>
      <PriceUpdateDate>2017/01/15 10:27</PriceUpdateDate>
      <ItemCode>2129431</ItemCode>
      <ItemType>0</ItemType>
      <ItemName>שניצל דג מהדרין   600 ג</ItemName>
      <ManufactureName>נטו מלינדה סחר בעמ</ManufactureName>
      <ManufactureCountry />
      <ManufactureItemDescription />
      <UnitQty>י"ח</UnitQty>
      <Quantity>600</Quantity>
      <UnitMeasure>ל  גרם</UnitMeasure>
      <BisWeighted>0</BisWeighted>
      <QtyInPackage>1</QtyInPackage>
      <ItemPrice>25.90</ItemPrice>
      <UnitOfMeasurePrice>4.32</UnitOfMeasurePrice>
      <AllowDiscount>1</AllowDiscount>
      <itemStatus>1</itemStatus>
      <LastUpdateDate />
      <LastUpdateTime />
    </Product>
    <Product>
      <PriceUpdateDate>2017/04/16 08:38</PriceUpdateDate>
      <ItemCode>2129479</ItemCode>
      <ItemType>0</ItemType>
      <ItemName>פיצה איטלקית דקה שלושת האופים 320גר</ItemName>
      <ManufactureName>נטו מלינדה סחר בעמ</ManufactureName>
      <ManufactureCountry />
      <ManufactureItemDescription />
      <UnitQty>י"ח</UnitQty>
      <Quantity>320</Quantity>
      <UnitMeasure>ל  גרם</UnitMeasure>
      <BisWeighted>0</BisWeighted>
      <QtyInPackage>1</QtyInPackage>
      <ItemPrice>13.90</ItemPrice>
      <UnitOfMeasurePrice>4.34</UnitOfMeasurePrice>
      <AllowDiscount>1</AllowDiscount>
      <itemStatus>1</itemStatus>
      <LastUpdateDate />
      <LastUpdateTime />
    </Product>
    <Product>
      <PriceUpdateDate>2017/07/30 08:19</PriceUpdateDate>
      <ItemCode>2129486</ItemCode>
      <ItemType>0</ItemType>
      <ItemName>פיצה איטלקית דקה שלושת האופים 340גר</ItemName>
      <ManufactureName>נטו מלינדה סחר בעמ</ManufactureName>
      <ManufactureCountry />
      <ManufactureItemDescription />
      <UnitQty>י"ח</UnitQty>
      <Quantity>340</Quantity>
      <UnitMeasure>ל  גרם</UnitMeasure>
      <BisWeighted>0</BisWeighted>
      <QtyInPackage>1</QtyInPackage>
      <ItemPrice>14.90</ItemPrice>
      <UnitOfMeasurePrice>4.38</UnitOfMeasurePrice>
      <AllowDiscount>1</AllowDiscount>
      <itemStatus>1</itemStatus>
      <LastUpdateDate />
      <LastUpdateTime />
    </Product>
    <Product>
      <PriceUpdateDate>2013/12/25 11:42</PriceUpdateDate>
      <ItemCode>7290002132011</ItemCode>
      <ItemType>1</ItemType>
      <ItemName>עבאדי עוגיות מלוחות 400גר</ItemName>
      <ManufactureName>תה ויסוצקי (ישראל)בעמ</ManufactureName>
      <ManufactureCountry />
      <ManufactureItemDescription />
      <UnitQty>י"ח</UnitQty>
      <Quantity>400</Quantity>
      <UnitMeasure>ל  גרם</UnitMeasure>
      <BisWeighted>0</BisWeighted>
      <QtyInPackage>1</QtyInPackage>
      <ItemPrice>17.90</ItemPrice>
      <UnitOfMeasurePrice>4.48</UnitOfMeasurePrice>
      <AllowDiscount>1</AllowDiscount>
      <itemStatus>1</itemStatus>
      <LastUpdateDate />
      <LastUpdateTime />
    </Product>
    <Product>
      <PriceUpdateDate>2018/02/25 11:05</PriceUpdateDate>
      <ItemCode>2195054</ItemCode>
      <ItemType>0</ItemType>
      <ItemName>המבורגר בלדי 400גרם ארוז</ItemName>
      <ManufactureName>בלדי בעמ</ManufactureName>
      <ManufactureCountry />
      <ManufactureItemDescription />
      <UnitQty>י"ח</UnitQty>
      <Quantity>400</Quantity>
      <UnitMeasure>ל  גרם</UnitMeasure>
      <BisWeighted>0</BisWeighted>
      <QtyInPackage>1</QtyInPackage>
      <ItemPrice>13.90</ItemPrice>
      <UnitOfMeasurePrice>3.48</UnitOfMeasurePrice>
      <AllowDiscount>1</AllowDiscount>
      <itemStatus>1</itemStatus>
      <LastUpdateDate />
      <LastUpdateTime />
    </Product>
    <Product>
      <PriceUpdateDate>2018/02/25 11:05</PriceUpdateDate>
      <ItemCode>2195078</ItemCode>
      <ItemType>0</ItemType>
      <ItemName>קבב כבש 400גרם  ארוז</ItemName>
      <ManufactureName>בלדי בעמ</ManufactureName>
      <ManufactureCountry />
      <ManufactureItemDescription />
      <UnitQty>י"ח</UnitQty>
      <Quantity>400</Quantity>
      <UnitMeasure>ל  גרם</UnitMeasure>
      <BisWeighted>0</BisWeighted>
      <QtyInPackage>1</QtyInPackage>
      <ItemPrice>13.90</ItemPrice>
      <UnitOfMeasurePrice>3.48</UnitOfMeasurePrice>
      <AllowDiscount>1</AllowDiscount>
      <itemStatus>1</itemStatus>
      <LastUpdateDate />
      <LastUpdateTime />
    </Product>
    <Product>
      <PriceUpdateDate>2018/02/25 11:05</PriceUpdateDate>
      <ItemCode>2195085</ItemCode>
      <ItemType>0</ItemType>
      <ItemName>קבב מזרחי 400גרם  ארוז</ItemName>
      <ManufactureName>בלדי בעמ</ManufactureName>
      <ManufactureCountry />
      <ManufactureItemDescription />
      <UnitQty>י"ח</UnitQty>
      <Quantity>400</Quantity>
      <UnitMeasure>ל  גרם</UnitMeasure>
      <BisWeighted>0</BisWeighted>
      <QtyInPackage>1</QtyInPackage>
      <ItemPrice>13.90</ItemPrice>
      <UnitOfMeasurePrice>3.48</UnitOfMeasurePrice>
      <AllowDiscount>1</AllowDiscount>
      <itemStatus>1</itemStatus>
      <LastUpdateDate />
      <LastUpdateTime />
    </Product>
    <Product>
      <PriceUpdateDate>2018/02/25 11:05</PriceUpdateDate>
      <ItemCode>2195092</ItemCode>
      <ItemType>0</ItemType>
      <ItemName>קבב רומני 400גרם  ארוז</ItemName>
      <ManufactureName>בלדי בעמ</ManufactureName>
      <ManufactureCountry />
      <ManufactureItemDescription />
      <UnitQty>י"ח</UnitQty>
      <Quantity>400</Quantity>
      <UnitMeasure>ל  גרם</UnitMeasure>
      <BisWeighted>0</BisWeighted>
      <QtyInPackage>1</QtyInPackage>
      <ItemPrice>13.90</ItemPrice>
      <UnitOfMeasurePrice>3.48</UnitOfMeasurePrice>
      <AllowDiscount>1</AllowDiscount>
      <itemStatus>1</itemStatus>
      <LastUpdateDate />
      <LastUpdateTime />
    </Product>
    <Product>
      <PriceUpdateDate>2017/11/15 13:32</PriceUpdateDate>
      <ItemCode>2247859</ItemCode>
      <ItemType>0</ItemType>
      <ItemName>כבד עוף קפוא.</ItemName>
      <ManufactureName>טל-הל יסכה בעמ</ManufactureName>
      <ManufactureCountry />
      <ManufactureItemDescription />
      <UnitQty>ק"ג</UnitQty>
      <Quantity>1</Quantity>
      <UnitMeasure>ק"ג</UnitMeasure>
      <BisWeighted>1</BisWeighted>
      <QtyInPackage>1</QtyInPackage>
      <ItemPrice>15.90</ItemPrice>
      <UnitOfMeasurePrice>15.90</UnitOfMeasurePrice>
      <AllowDiscount>1</AllowDiscount>
      <itemStatus>1</itemStatus>
      <LastUpdateDate />
      <LastUpdateTime />
    </Product>
    <Product>
      <PriceUpdateDate>2015/08/09 10:31</PriceUpdateDate>
      <ItemCode>2260806</ItemCode>
      <ItemType>0</ItemType>
      <ItemName>ביסלי ברביקיו חמוץ חריף אקסטרים}קטן{</ItemName>
      <ManufactureName>קבוצת אוסם סחר-שות.מוגבלת</ManufactureName>
      <ManufactureCountry />
      <ManufactureItemDescription />
      <UnitQty>י"ח</UnitQty>
      <Quantity>70</Quantity>
      <UnitMeasure>ל  גרם</UnitMeasure>
      <BisWeighted>0</BisWeighted>
      <QtyInPackage>1</QtyInPackage>
      <ItemPrice>3.90</ItemPrice>
      <UnitOfMeasurePrice>5.57</UnitOfMeasurePrice>
      <AllowDiscount>1</AllowDiscount>
      <itemStatus>1</itemStatus>
      <LastUpdateDate />
      <LastUpdateTime />
    </Product>
    <Product>
      <PriceUpdateDate>2020/02/26 08:38</PriceUpdateDate>
      <ItemCode>2263555</ItemCode>
      <ItemType>0</ItemType>
      <ItemName>מיץ לימון משומר 125מ"ל</ItemName>
      <ManufactureName>א.ל.יצור ושיווקתבלינים בעמ</ManufactureName>
      <ManufactureCountry />
      <ManufactureItemDescription />
      <UnitQty>י"ח</UnitQty>
      <Quantity>125</Quantity>
      <UnitMeasure>ל  מ"ל</UnitMeasure>
      <BisWeighted>0</BisWeighted>
      <QtyInPackage>1</QtyInPackage>
      <ItemPrice>4.90</ItemPrice>
      <UnitOfMeasurePrice>3.92</UnitOfMeasurePrice>
      <AllowDiscount>1</AllowDiscount>
      <itemStatus>1</itemStatus>
      <LastUpdateDate />
      <LastUpdateTime />
    </Product>
    <Product>
      <PriceUpdateDate>2020/02/26 08:38</PriceUpdateDate>
      <ItemCode>2263562</ItemCode>
      <ItemType>0</ItemType>
      <ItemName>מיץ לימון משומר 200מ"ל</ItemName>
      <ManufactureName>א.ל.יצור ושיווקתבלינים בעמ</ManufactureName>
      <ManufactureCountry />
      <ManufactureItemDescription />
      <UnitQty>י"ח</UnitQty>
      <Quantity>200</Quantity>
      <UnitMeasure>ל  מ"ל</UnitMeasure>
      <BisWeighted>0</BisWeighted>
      <QtyInPackage>1</QtyInPackage>
      <ItemPrice>6.90</ItemPrice>
      <UnitOfMeasurePrice>3.45</UnitOfMeasurePrice>
      <AllowDiscount>1</AllowDiscount>
      <itemStatus>1</itemStatus>
      <LastUpdateDate />
      <LastUpdateTime />
    </Product>
    <Product>
      <PriceUpdateDate>2020/02/26 08:38</PriceUpdateDate>
      <ItemCode>2263586</ItemCode>
      <ItemType>0</ItemType>
      <ItemName>מיץ לימון משומר 500מ"ל</ItemName>
      <ManufactureName>א.ל.יצור ושיווקתבלינים בעמ</ManufactureName>
      <ManufactureCountry />
      <ManufactureItemDescription />
      <UnitQty>י"ח</UnitQty>
      <Quantity>500</Quantity>
      <UnitMeasure>ל  מ"ל</UnitMeasure>
      <BisWeighted>0</BisWeighted>
      <QtyInPackage>1</QtyInPackage>
      <ItemPrice>11.90</ItemPrice>
      <UnitOfMeasurePrice>2.38</UnitOfMeasurePrice>
      <AllowDiscount>1</AllowDiscount>
      <itemStatus>1</itemStatus>
      <LastUpdateDate />
      <LastUpdateTime />
    </Product>
    <Product>
      <PriceUpdateDate>2020/02/26 08:38</PriceUpdateDate>
      <ItemCode>2263661</ItemCode>
      <ItemType>0</ItemType>
      <ItemName>מיץ לימון 100% טבעי 250מ"ל</ItemName>
      <ManufactureName>א.ל.יצור ושיווקתבלינים בעמ</ManufactureName>
      <ManufactureCountry />
      <ManufactureItemDescription />
      <UnitQty>י"ח</UnitQty>
      <Quantity>250</Quantity>
      <UnitMeasure>ל  מ"ל</UnitMeasure>
      <BisWeighted>0</BisWeighted>
      <QtyInPackage>1</QtyInPackage>
      <ItemPrice>7.90</ItemPrice>
      <UnitOfMeasurePrice>3.16</UnitOfMeasurePrice>
      <AllowDiscount>1</AllowDiscount>
      <itemStatus>1</itemStatus>
      <LastUpdateDate />
      <LastUpdateTime />
    </Product>
    <Product>
      <PriceUpdateDate>2018/10/07 13:25</PriceUpdateDate>
      <ItemCode>2277248</ItemCode>
      <ItemType>0</ItemType>
      <ItemName>גבינה מון בלאן זעתר</ItemName>
      <ManufactureName>נטו מלינדה סחר בעמ</ManufactureName>
      <ManufactureCountry />
      <ManufactureItemDescription />
      <UnitQty>י"ח</UnitQty>
      <Quantity>120</Quantity>
      <UnitMeasure>ל  גרם</UnitMeasure>
      <BisWeighted>0</BisWeighted>
      <QtyInPackage>1</QtyInPackage>
      <ItemPrice>10.90</ItemPrice>
      <UnitOfMeasurePrice>9.08</UnitOfMeasurePrice>
      <AllowDiscount>1</AllowDiscount>
      <itemStatus>1</itemStatus>
      <LastUpdateDate />
      <LastUpdateTime />
    </Product>
    <Product>
      <PriceUpdateDate>2016/05/11 11:18</PriceUpdateDate>
      <ItemCode>2277422</ItemCode>
      <ItemType>0</ItemType>
      <ItemName>ריבועי בצק עלים מרודד 700ג</ItemName>
      <ManufactureName>נטו מלינדה סחר בעמ</ManufactureName>
      <ManufactureCountry />
      <ManufactureItemDescription />
      <UnitQty>י"ח</UnitQty>
      <Quantity>700</Quantity>
      <UnitMeasure>ל  גרם</UnitMeasure>
      <BisWeighted>0</BisWeighted>
      <QtyInPackage>1</QtyInPackage>
      <ItemPrice>19.90</ItemPrice>
      <UnitOfMeasurePrice>2.84</UnitOfMeasurePrice>
      <AllowDiscount>1</AllowDiscount>
      <itemStatus>1</itemStatus>
      <LastUpdateDate />
      <LastUpdateTime />
    </Product>
    <Product>
      <PriceUpdateDate>2018/02/04 09:40</PriceUpdateDate>
      <ItemCode>2277927</ItemCode>
      <ItemType>0</ItemType>
      <ItemName>פילה אמנון גדלים שונים נטו</ItemName>
      <ManufactureName>נטו מלינדה סחר בעמ</ManufactureName>
      <ManufactureCountry />
      <ManufactureItemDescription />
      <UnitQty>ק"ג</UnitQty>
      <Quantity>1</Quantity>
      <UnitMeasure>ק"ג</UnitMeasure>
      <BisWeighted>1</BisWeighted>
      <QtyInPackage>1</QtyInPackage>
      <ItemPrice>32.90</ItemPrice>
      <UnitOfMeasurePrice>32.90</UnitOfMeasurePrice>
      <AllowDiscount>1</AllowDiscount>
      <itemStatus>1</itemStatus>
      <LastUpdateDate />
      <LastUpdateTime />
    </Product>
    <Product>
      <PriceUpdateDate>2014/01/03 13:46</PriceUpdateDate>
      <ItemCode>2300877</ItemCode>
      <ItemType>0</ItemType>
      <ItemName>צ`דר אנגלי לבן נטו</ItemName>
      <ManufactureName>נטו מלינדה סחר בעמ</ManufactureName>
      <ManufactureCountry />
      <ManufactureItemDescription />
      <UnitQty>ק"ג</UnitQty>
      <Quantity>1</Quantity>
      <UnitMeasure />
      <BisWeighted>1</BisWeighted>
      <QtyInPackage>1</QtyInPackage>
      <ItemPrice>90</ItemPrice>
      <UnitOfMeasurePrice>90</UnitOfMeasurePrice>
      <AllowDiscount>1</AllowDiscount>
      <itemStatus>1</itemStatus>
      <LastUpdateDate />
      <LastUpdateTime />
    </Product>
    <Product>
      <PriceUpdateDate>2014/01/03 13:46</PriceUpdateDate>
      <ItemCode>2300884</ItemCode>
      <ItemType>0</ItemType>
      <ItemName>צ`דר אנגלי כתום נטו</ItemName>
      <ManufactureName>נטו מלינדה סחר בעמ</ManufactureName>
      <ManufactureCountry />
      <ManufactureItemDescription />
      <UnitQty>ק"ג</UnitQty>
      <Quantity>1</Quantity>
      <UnitMeasure />
      <BisWeighted>1</BisWeighted>
      <QtyInPackage>1</QtyInPackage>
      <ItemPrice>90</ItemPrice>
      <UnitOfMeasurePrice>90</UnitOfMeasurePrice>
      <AllowDiscount>1</AllowDiscount>
      <itemStatus>1</itemStatus>
      <LastUpdateDate />
      <LastUpdateTime />
    </Product>
    <Product>
      <PriceUpdateDate>2014/01/09 14:25</PriceUpdateDate>
      <ItemCode>2321750</ItemCode>
      <ItemType>0</ItemType>
      <ItemName>פילה אמנון מאסטאר פוד</ItemName>
      <ManufactureName>נטו מלינדה סחר בעמ</ManufactureName>
      <ManufactureCountry />
      <ManufactureItemDescription />
      <UnitQty>ק"ג</UnitQty>
      <Quantity>1</Quantity>
      <UnitMeasure>ק"ג</UnitMeasure>
      <BisWeighted>1</BisWeighted>
      <QtyInPackage>1</QtyInPackage>
      <ItemPrice>48</ItemPrice>
      <UnitOfMeasurePrice>48</UnitOfMeasurePrice>
      <AllowDiscount>1</AllowDiscount>
      <itemStatus>1</itemStatus>
      <LastUpdateDate />
      <LastUpdateTime />
    </Product>
    <Product>
      <PriceUpdateDate>2018/12/30 09:44</PriceUpdateDate>
      <ItemCode>7290002327028</ItemCode>
      <ItemType>1</ItemType>
      <ItemName>ג חנון 650 ג</ItemName>
      <ManufactureName>נטו מלינדה סחר בעמ</ManufactureName>
      <ManufactureCountry />
      <ManufactureItemDescription />
      <UnitQty>י"ח</UnitQty>
      <Quantity>650</Quantity>
      <UnitMeasure>ל  גרם</UnitMeasure>
      <BisWeighted>0</BisWeighted>
      <QtyInPackage>1</QtyInPackage>
      <ItemPrice>17.20</ItemPrice>
      <UnitOfMeasurePrice>2.65</UnitOfMeasurePrice>
      <AllowDiscount>1</AllowDiscount>
      <itemStatus>1</itemStatus>
      <LastUpdateDate />
      <LastUpdateTime />
    </Product>
    <Product>
      <PriceUpdateDate>2019/10/24 06:29</PriceUpdateDate>
      <ItemCode>7290002327042</ItemCode>
      <ItemType>1</ItemType>
      <ItemName>בורקס תפו"א אופרה</ItemName>
      <ManufactureName>נטו מלינדה סחר בעמ</ManufactureName>
      <ManufactureCountry />
      <ManufactureItemDescription />
      <UnitQty>י"ח</UnitQty>
      <Quantity>800</Quantity>
      <UnitMeasure>ל  גרם</UnitMeasure>
      <BisWeighted>0</BisWeighted>
      <QtyInPackage>1</QtyInPackage>
      <ItemPrice>21.90</ItemPrice>
      <UnitOfMeasurePrice>2.74</UnitOfMeasurePrice>
      <AllowDiscount>1</AllowDiscount>
      <itemStatus>1</itemStatus>
      <LastUpdateDate />
      <LastUpdateTime />
    </Product>
    <Product>
      <PriceUpdateDate>2016/05/01 12:33</PriceUpdateDate>
      <ItemCode>7290002327059</ItemCode>
      <ItemType>1</ItemType>
      <ItemName>בצק עלים אופרה</ItemName>
      <ManufactureName>נטו מלינדה סחר בעמ</ManufactureName>
      <ManufactureCountry />
      <ManufactureItemDescription />
      <UnitQty>י"ח</UnitQty>
      <Quantity>1</Quantity>
      <UnitMeasure>ק"ג</UnitMeasure>
      <BisWeighted>0</BisWeighted>
      <QtyInPackage>1</QtyInPackage>
      <ItemPrice>21.90</ItemPrice>
      <UnitOfMeasurePrice>21.90</UnitOfMeasurePrice>
      <AllowDiscount>1</AllowDiscount>
      <itemStatus>1</itemStatus>
      <LastUpdateDate />
      <LastUpdateTime />
    </Product>
    <Product>
      <PriceUpdateDate>2016/06/03 09:21</PriceUpdateDate>
      <ItemCode>7290002327073</ItemCode>
      <ItemType>1</ItemType>
      <ItemName>בורקס גבינה 800 גרם</ItemName>
      <ManufactureName>נטו מלינדה סחר בעמ</ManufactureName>
      <ManufactureCountry />
      <ManufactureItemDescription />
      <UnitQty>י"ח</UnitQty>
      <Quantity>800</Quantity>
      <UnitMeasure>ל  גרם</UnitMeasure>
      <BisWeighted>0</BisWeighted>
      <QtyInPackage>1</QtyInPackage>
      <ItemPrice>19.90</ItemPrice>
      <UnitOfMeasurePrice>2.49</UnitOfMeasurePrice>
      <AllowDiscount>1</AllowDiscount>
      <itemStatus>1</itemStatus>
      <LastUpdateDate />
      <LastUpdateTime />
    </Product>
    <Product>
      <PriceUpdateDate>2016/06/03 09:21</PriceUpdateDate>
      <ItemCode>7290002327103</ItemCode>
      <ItemType>1</ItemType>
      <ItemName>ג חנון בטעם מיוחד</ItemName>
      <ManufactureName>נטו מלינדה סחר בעמ</ManufactureName>
      <ManufactureCountry />
      <ManufactureItemDescription />
      <UnitQty>י"ח</UnitQty>
      <Quantity>1</Quantity>
      <UnitMeasure>ק"ג</UnitMeasure>
      <BisWeighted>0</BisWeighted>
      <QtyInPackage>1</QtyInPackage>
      <ItemPrice>19.90</ItemPrice>
      <UnitOfMeasurePrice>19.90</UnitOfMeasurePrice>
      <AllowDiscount>1</AllowDiscount>
      <itemStatus>1</itemStatus>
      <LastUpdateDate />
      <LastUpdateTime />
    </Product>
    <Product>
      <PriceUpdateDate>2016/06/03 09:21</PriceUpdateDate>
      <ItemCode>7290002327912</ItemCode>
      <ItemType>1</ItemType>
      <ItemName>מיני בורקס 700 ג</ItemName>
      <ManufactureName>נטו מלינדה סחר בעמ</ManufactureName>
      <ManufactureCountry />
      <ManufactureItemDescription />
      <UnitQty>י"ח</UnitQty>
      <Quantity>700</Quantity>
      <UnitMeasure>ל  גרם</UnitMeasure>
      <BisWeighted>0</BisWeighted>
      <QtyInPackage>1</QtyInPackage>
      <ItemPrice>19.90</ItemPrice>
      <UnitOfMeasurePrice>2.84</UnitOfMeasurePrice>
      <AllowDiscount>1</AllowDiscount>
      <itemStatus>1</itemStatus>
      <LastUpdateDate />
      <LastUpdateTime />
    </Product>
    <Product>
      <PriceUpdateDate>2015/06/09 09:32</PriceUpdateDate>
      <ItemCode>7290002327929</ItemCode>
      <ItemType>1</ItemType>
      <ItemName>מיני בורקס תפו"א 700 ג</ItemName>
      <ManufactureName>נטו מלינדה סחר בעמ</ManufactureName>
      <ManufactureCountry />
      <ManufactureItemDescription />
      <UnitQty>י"ח</UnitQty>
      <Quantity>800</Quantity>
      <UnitMeasure>ל  גרם</UnitMeasure>
      <BisWeighted>0</BisWeighted>
      <QtyInPackage>1</QtyInPackage>
      <ItemPrice>22.90</ItemPrice>
      <UnitOfMeasurePrice>2.86</UnitOfMeasurePrice>
      <AllowDiscount>1</AllowDiscount>
      <itemStatus>1</itemStatus>
      <LastUpdateDate />
      <LastUpdateTime />
    </Product>
    <Product>
      <PriceUpdateDate>2015/12/14 10:48</PriceUpdateDate>
      <ItemCode>7290002331117</ItemCode>
      <ItemType>1</ItemType>
      <ItemName>נביעות בטעם ענבים 1.5 ליטר</ItemName>
      <ManufactureName>חברה המרכזית להפצת משקאות בעמ</ManufactureName>
      <ManufactureCountry />
      <ManufactureItemDescription />
      <UnitQty>י"ח</UnitQty>
      <Quantity>1.50</Quantity>
      <UnitMeasure>ליטר</UnitMeasure>
      <BisWeighted>0</BisWeighted>
      <QtyInPackage>1</QtyInPackage>
      <ItemPrice>7.40</ItemPrice>
      <UnitOfMeasurePrice>4.93</UnitOfMeasurePrice>
      <AllowDiscount>1</AllowDiscount>
      <itemStatus>1</itemStatus>
      <LastUpdateDate />
      <LastUpdateTime />
    </Product>
    <Product>
      <PriceUpdateDate>2015/12/14 10:48</PriceUpdateDate>
      <ItemCode>7290002331131</ItemCode>
      <ItemType>1</ItemType>
      <ItemName>נביעות  +1.5 ל  למון ליים</ItemName>
      <ManufactureName>חברה המרכזית להפצת משקאות בעמ</ManufactureName>
      <ManufactureCountry />
      <ManufactureItemDescription />
      <UnitQty>י"ח</UnitQty>
      <Quantity>1.50</Quantity>
      <UnitMeasure>ליטר</UnitMeasure>
      <BisWeighted>0</BisWeighted>
      <QtyInPackage>1</QtyInPackage>
      <ItemPrice>7.40</ItemPrice>
      <UnitOfMeasurePrice>4.93</UnitOfMeasurePrice>
      <AllowDiscount>1</AllowDiscount>
      <itemStatus>1</itemStatus>
      <LastUpdateDate />
      <LastUpdateTime />
    </Product>
    <Product>
      <PriceUpdateDate>2015/11/10 11:38</PriceUpdateDate>
      <ItemCode>7290002331148</ItemCode>
      <ItemType>1</ItemType>
      <ItemName>נביעות בטעם תפוח עדין</ItemName>
      <ManufactureName>חברה המרכזית להפצת משקאות בעמ</ManufactureName>
      <ManufactureCountry />
      <ManufactureItemDescription />
      <UnitQty>י"ח</UnitQty>
      <Quantity>1.50</Quantity>
      <UnitMeasure>ליטר</UnitMeasure>
      <BisWeighted>0</BisWeighted>
      <QtyInPackage>1</QtyInPackage>
      <ItemPrice>7.30</ItemPrice>
      <UnitOfMeasurePrice>4.87</UnitOfMeasurePrice>
      <AllowDiscount>1</AllowDiscount>
      <itemStatus>1</itemStatus>
      <LastUpdateDate />
      <LastUpdateTime />
    </Product>
    <Product>
      <PriceUpdateDate>2015/12/14 10:48</PriceUpdateDate>
      <ItemCode>7290002331179</ItemCode>
      <ItemType>1</ItemType>
      <ItemName>נביעות בטעם אפרסק</ItemName>
      <ManufactureName>חברה המרכזית להפצת משקאות בעמ</ManufactureName>
      <ManufactureCountry />
      <ManufactureItemDescription />
      <UnitQty>י"ח</UnitQty>
      <Quantity>1.50</Quantity>
      <UnitMeasure>ליטר</UnitMeasure>
      <BisWeighted>0</BisWeighted>
      <QtyInPackage>1</QtyInPackage>
      <ItemPrice>7.40</ItemPrice>
      <UnitOfMeasurePrice>4.93</UnitOfMeasurePrice>
      <AllowDiscount>1</AllowDiscount>
      <itemStatus>1</itemStatus>
      <LastUpdateDate />
      <LastUpdateTime />
    </Product>
    <Product>
      <PriceUpdateDate>2015/05/01 07:58</PriceUpdateDate>
      <ItemCode>2331360</ItemCode>
      <ItemType>0</ItemType>
      <ItemName>נביעות שישיות 500 מייל פקק ספורט</ItemName>
      <ManufactureName>חברה המרכזית להפצת משקאות בעמ</ManufactureName>
      <ManufactureCountry />
      <ManufactureItemDescription />
      <UnitQty>י"ח</UnitQty>
      <Quantity>3</Quantity>
      <UnitMeasure>ליטר</UnitMeasure>
      <BisWeighted>0</BisWeighted>
      <QtyInPackage>1</QtyInPackage>
      <ItemPrice>15.80</ItemPrice>
      <UnitOfMeasurePrice>4.67</UnitOfMeasurePrice>
      <AllowDiscount>1</AllowDiscount>
      <itemStatus>1</itemStatus>
      <LastUpdateDate />
      <LastUpdateTime />
    </Product>
    <Product>
      <PriceUpdateDate>2018/11/26 10:37</PriceUpdateDate>
      <ItemCode>2331490</ItemCode>
      <ItemType>0</ItemType>
      <ItemName>נביעות 1ליטר</ItemName>
      <ManufactureName>חברה המרכזית להפצת משקאות בעמ</ManufactureName>
      <ManufactureCountry />
      <ManufactureItemDescription />
      <UnitQty>י"ח</UnitQty>
      <Quantity>1</Quantity>
      <UnitMeasure>ליטר</UnitMeasure>
      <BisWeighted>0</BisWeighted>
      <QtyInPackage>1</QtyInPackage>
      <ItemPrice>3.50</ItemPrice>
      <UnitOfMeasurePrice>3.50</UnitOfMeasurePrice>
      <AllowDiscount>1</AllowDiscount>
      <itemStatus>1</itemStatus>
      <LastUpdateDate />
      <LastUpdateTime />
    </Product>
    <Product>
      <PriceUpdateDate>2015/12/14 10:48</PriceUpdateDate>
      <ItemCode>2331544</ItemCode>
      <ItemType>0</ItemType>
      <ItemName>נביעות+מנדרינה  1.5ל</ItemName>
      <ManufactureName>חברה המרכזית להפצת משקאות בעמ</ManufactureName>
      <ManufactureCountry />
      <ManufactureItemDescription />
      <UnitQty>י"ח</UnitQty>
      <Quantity>1.50</Quantity>
      <UnitMeasure>ליטר</UnitMeasure>
      <BisWeighted>0</BisWeighted>
      <QtyInPackage>1</QtyInPackage>
      <ItemPrice>7.40</ItemPrice>
      <UnitOfMeasurePrice>4.93</UnitOfMeasurePrice>
      <AllowDiscount>1</AllowDiscount>
      <itemStatus>1</itemStatus>
      <LastUpdateDate />
      <LastUpdateTime />
    </Product>
    <Product>
      <PriceUpdateDate>2015/11/10 11:38</PriceUpdateDate>
      <ItemCode>2331681</ItemCode>
      <ItemType>0</ItemType>
      <ItemName>נביעות טעם דובדבן שקד 1.5 ליטר</ItemName>
      <ManufactureName>חברה המרכזית להפצת משקאות בעמ</ManufactureName>
      <ManufactureCountry />
      <ManufactureItemDescription />
      <UnitQty>י"ח</UnitQty>
      <Quantity>1.50</Quantity>
      <UnitMeasure>ליטר</UnitMeasure>
      <BisWeighted>0</BisWeighted>
      <QtyInPackage>1</QtyInPackage>
      <ItemPrice>7.30</ItemPrice>
      <UnitOfMeasurePrice>4.87</UnitOfMeasurePrice>
      <AllowDiscount>1</AllowDiscount>
      <itemStatus>1</itemStatus>
      <LastUpdateDate />
      <LastUpdateTime />
    </Product>
    <Product>
      <PriceUpdateDate>2015/12/14 10:48</PriceUpdateDate>
      <ItemCode>2332022</ItemCode>
      <ItemType>0</ItemType>
      <ItemName>נביעות בטעם משמש אננס 1.5 ליטר</ItemName>
      <ManufactureName>חברה המרכזית להפצת משקאות בעמ</ManufactureName>
      <ManufactureCountry />
      <ManufactureItemDescription />
      <UnitQty>י"ח</UnitQty>
      <Quantity>1.50</Quantity>
      <UnitMeasure>ליטר</UnitMeasure>
      <BisWeighted>0</BisWeighted>
      <QtyInPackage>1</QtyInPackage>
      <ItemPrice>7.40</ItemPrice>
      <UnitOfMeasurePrice>4.93</UnitOfMeasurePrice>
      <AllowDiscount>1</AllowDiscount>
      <itemStatus>1</itemStatus>
      <LastUpdateDate />
      <LastUpdateTime />
    </Product>
    <Product>
      <PriceUpdateDate>2015/12/14 10:48</PriceUpdateDate>
      <ItemCode>2332046</ItemCode>
      <ItemType>0</ItemType>
      <ItemName>נביעות  +1.5 ל  תות בננה</ItemName>
      <ManufactureName>חברה המרכזית להפצת משקאות בעמ</ManufactureName>
      <ManufactureCountry />
      <ManufactureItemDescription />
      <UnitQty>י"ח</UnitQty>
      <Quantity>1.50</Quantity>
      <UnitMeasure>ליטר</UnitMeasure>
      <BisWeighted>0</BisWeighted>
      <QtyInPackage>1</QtyInPackage>
      <ItemPrice>7.40</ItemPrice>
      <UnitOfMeasurePrice>4.93</UnitOfMeasurePrice>
      <AllowDiscount>1</AllowDiscount>
      <itemStatus>1</itemStatus>
      <LastUpdateDate />
      <LastUpdateTime />
    </Product>
    <Product>
      <PriceUpdateDate>2017/12/20 08:52</PriceUpdateDate>
      <ItemCode>2345022</ItemCode>
      <ItemType>0</ItemType>
      <ItemName>אנטריקוט דקדק 250גר</ItemName>
      <ManufactureName>נטו מלינדה סחר בעמ</ManufactureName>
      <ManufactureCountry />
      <ManufactureItemDescription />
      <UnitQty>י"ח</UnitQty>
      <Quantity>250</Quantity>
      <UnitMeasure>ל  גרם</UnitMeasure>
      <BisWeighted>0</BisWeighted>
      <QtyInPackage>1</QtyInPackage>
      <ItemPrice>24.90</ItemPrice>
      <UnitOfMeasurePrice>9.96</UnitOfMeasurePrice>
      <AllowDiscount>1</AllowDiscount>
      <itemStatus>1</itemStatus>
      <LastUpdateDate />
      <LastUpdateTime />
    </Product>
    <Product>
      <PriceUpdateDate>2018/05/15 09:17</PriceUpdateDate>
      <ItemCode>2345077</ItemCode>
      <ItemType>0</ItemType>
      <ItemName>שניצל בקר דק דק 250ג אל גאוצו</ItemName>
      <ManufactureName>נטו מלינדה סחר בעמ</ManufactureName>
      <ManufactureCountry />
      <ManufactureItemDescription />
      <UnitQty>י"ח</UnitQty>
      <Quantity>250</Quantity>
      <UnitMeasure>ל  גרם</UnitMeasure>
      <BisWeighted>0</BisWeighted>
      <QtyInPackage>1</QtyInPackage>
      <ItemPrice>19.90</ItemPrice>
      <UnitOfMeasurePrice>7.96</UnitOfMeasurePrice>
      <AllowDiscount>1</AllowDiscount>
      <itemStatus>1</itemStatus>
      <LastUpdateDate />
      <LastUpdateTime />
    </Product>
    <Product>
      <PriceUpdateDate>2018/03/27 09:14</PriceUpdateDate>
      <ItemCode>2345565</ItemCode>
      <ItemType>0</ItemType>
      <ItemName>המבורגר מסעדות  טיוון וויל 560גר</ItemName>
      <ManufactureName>נטו מלינדה סחר בעמ</ManufactureName>
      <ManufactureCountry />
      <ManufactureItemDescription />
      <UnitQty>י"ח</UnitQty>
      <Quantity>560</Quantity>
      <UnitMeasure>ל  גרם</UnitMeasure>
      <BisWeighted>0</BisWeighted>
      <QtyInPackage>1</QtyInPackage>
      <ItemPrice>31.90</ItemPrice>
      <UnitOfMeasurePrice>5.70</UnitOfMeasurePrice>
      <AllowDiscount>1</AllowDiscount>
      <itemStatus>1</itemStatus>
      <LastUpdateDate />
      <LastUpdateTime />
    </Product>
    <Product>
      <PriceUpdateDate>2018/03/27 09:14</PriceUpdateDate>
      <ItemCode>2345596</ItemCode>
      <ItemType>0</ItemType>
      <ItemName>קבב מסעדות  טיוון וויל 560גר</ItemName>
      <ManufactureName>נטו מלינדה סחר בעמ</ManufactureName>
      <ManufactureCountry />
      <ManufactureItemDescription />
      <UnitQty>י"ח</UnitQty>
      <Quantity>560</Quantity>
      <UnitMeasure>ל  גרם</UnitMeasure>
      <BisWeighted>0</BisWeighted>
      <QtyInPackage>1</QtyInPackage>
      <ItemPrice>31.90</ItemPrice>
      <UnitOfMeasurePrice>5.70</UnitOfMeasurePrice>
      <AllowDiscount>1</AllowDiscount>
      <itemStatus>1</itemStatus>
      <LastUpdateDate />
      <LastUpdateTime />
    </Product>
    <Product>
      <PriceUpdateDate>2016/06/20 11:19</PriceUpdateDate>
      <ItemCode>2370017</ItemCode>
      <ItemType>0</ItemType>
      <ItemName>גבינה גאודה פסטו 32% שומן</ItemName>
      <ManufactureName>ג.וילי פוד אינטרנשיונל בעמ</ManufactureName>
      <ManufactureCountry />
      <ManufactureItemDescription />
      <UnitQty>ק"ג</UnitQty>
      <Quantity>1</Quantity>
      <UnitMeasure>ק"ג</UnitMeasure>
      <BisWeighted>1</BisWeighted>
      <QtyInPackage>1</QtyInPackage>
      <ItemPrice>99.90</ItemPrice>
      <UnitOfMeasurePrice>99.90</UnitOfMeasurePrice>
      <AllowDiscount>1</AllowDiscount>
      <itemStatus>1</itemStatus>
      <LastUpdateDate />
      <LastUpdateTime />
    </Product>
    <Product>
      <PriceUpdateDate>2019/04/07 10:23</PriceUpdateDate>
      <ItemCode>2370109</ItemCode>
      <ItemType>0</ItemType>
      <ItemName>גבינת פטה 5% שומן</ItemName>
      <ManufactureName>ג.וילי פוד אינטרנשיונל בעמ</ManufactureName>
      <ManufactureCountry />
      <ManufactureItemDescription />
      <UnitQty>ק"ג</UnitQty>
      <Quantity>1</Quantity>
      <UnitMeasure />
      <BisWeighted>1</BisWeighted>
      <QtyInPackage>1</QtyInPackage>
      <ItemPrice>53.90</ItemPrice>
      <UnitOfMeasurePrice>53.90</UnitOfMeasurePrice>
      <AllowDiscount>0</AllowDiscount>
      <itemStatus>1</itemStatus>
      <LastUpdateDate />
      <LastUpdateTime />
    </Product>
    <Product>
      <PriceUpdateDate>2017/11/28 14:32</PriceUpdateDate>
      <ItemCode>2370123</ItemCode>
      <ItemType>0</ItemType>
      <ItemName>גבינת עיזים רכה  29% שקיל</ItemName>
      <ManufactureName>ג.וילי פוד אינטרנשיונל בעמ</ManufactureName>
      <ManufactureCountry />
      <ManufactureItemDescription />
      <UnitQty>ק"ג</UnitQty>
      <Quantity>1</Quantity>
      <UnitMeasure>י"ח</UnitMeasure>
      <BisWeighted>1</BisWeighted>
      <QtyInPackage>1</QtyInPackage>
      <ItemPrice>117</ItemPrice>
      <UnitOfMeasurePrice>117</UnitOfMeasurePrice>
      <AllowDiscount>1</AllowDiscount>
      <itemStatus>1</itemStatus>
      <LastUpdateDate />
      <LastUpdateTime />
    </Product>
    <Product>
      <PriceUpdateDate>2018/01/09 09:36</PriceUpdateDate>
      <ItemCode>2370130</ItemCode>
      <ItemType>0</ItemType>
      <ItemName>גבינת ברי צרפתית שקיל</ItemName>
      <ManufactureName>ג.וילי פוד אינטרנשיונל בעמ</ManufactureName>
      <ManufactureCountry />
      <ManufactureItemDescription />
      <UnitQty>ק"ג</UnitQty>
      <Quantity>1</Quantity>
      <UnitMeasure>ק"ג</UnitMeasure>
      <BisWeighted>1</BisWeighted>
      <QtyInPackage>1</QtyInPackage>
      <ItemPrice>109.90</ItemPrice>
      <UnitOfMeasurePrice>109.90</UnitOfMeasurePrice>
      <AllowDiscount>1</AllowDiscount>
      <itemStatus>1</itemStatus>
      <LastUpdateDate />
      <LastUpdateTime />
    </Product>
    <Product>
      <PriceUpdateDate>2019/12/01 13:22</PriceUpdateDate>
      <ItemCode>2370246</ItemCode>
      <ItemType>0</ItemType>
      <ItemName>גבינת גרנה פדנו שקיל</ItemName>
      <ManufactureName>ב מחסני השוק</ManufactureName>
      <ManufactureCountry />
      <ManufactureItemDescription />
      <UnitQty>ק"ג</UnitQty>
      <Quantity>1</Quantity>
      <UnitMeasure />
      <BisWeighted>1</BisWeighted>
      <QtyInPackage>1</QtyInPackage>
      <ItemPrice>99.90</ItemPrice>
      <UnitOfMeasurePrice>99.90</UnitOfMeasurePrice>
      <AllowDiscount>1</AllowDiscount>
      <itemStatus>1</itemStatus>
      <LastUpdateDate />
      <LastUpdateTime />
    </Product>
    <Product>
      <PriceUpdateDate>2019/03/01 08:21</PriceUpdateDate>
      <ItemCode>2370307</ItemCode>
      <ItemType>0</ItemType>
      <ItemName>גבינה שווצרית חצי קשה 22%</ItemName>
      <ManufactureName>ג.וילי פוד אינטרנשיונל בעמ</ManufactureName>
      <ManufactureCountry />
      <ManufactureItemDescription />
      <UnitQty>ק"ג</UnitQty>
      <Quantity>1</Quantity>
      <UnitMeasure>ק"ג</UnitMeasure>
      <BisWeighted>1</BisWeighted>
      <QtyInPackage>1</QtyInPackage>
      <ItemPrice>79</ItemPrice>
      <UnitOfMeasurePrice>79</UnitOfMeasurePrice>
      <AllowDiscount>0</AllowDiscount>
      <itemStatus>1</itemStatus>
      <LastUpdateDate />
      <LastUpdateTime />
    </Product>
    <Product>
      <PriceUpdateDate>2019/04/07 10:23</PriceUpdateDate>
      <ItemCode>2370345</ItemCode>
      <ItemType>0</ItemType>
      <ItemName>גבינה גאודה 16% שומן שקיל</ItemName>
      <ManufactureName>ג.וילי פוד אינטרנשיונל בעמ</ManufactureName>
      <ManufactureCountry />
      <ManufactureItemDescription />
      <UnitQty>ק"ג</UnitQty>
      <Quantity>1</Quantity>
      <UnitMeasure>ק"ג</UnitMeasure>
      <BisWeighted>1</BisWeighted>
      <QtyInPackage>1</QtyInPackage>
      <ItemPrice>57.90</ItemPrice>
      <UnitOfMeasurePrice>57.90</UnitOfMeasurePrice>
      <AllowDiscount>0</AllowDiscount>
      <itemStatus>1</itemStatus>
      <LastUpdateDate />
      <LastUpdateTime />
    </Product>
    <Product>
      <PriceUpdateDate>2019/05/07 08:46</PriceUpdateDate>
      <ItemCode>2370352</ItemCode>
      <ItemType>0</ItemType>
      <ItemName>גבינת גאודה מיושנת שקיל</ItemName>
      <ManufactureName>ג.וילי פוד אינטרנשיונל בעמ</ManufactureName>
      <ManufactureCountry />
      <ManufactureItemDescription />
      <UnitQty>ק"ג</UnitQty>
      <Quantity>1</Quantity>
      <UnitMeasure />
      <BisWeighted>1</BisWeighted>
      <QtyInPackage>1</QtyInPackage>
      <ItemPrice>84.90</ItemPrice>
      <UnitOfMeasurePrice>84.90</UnitOfMeasurePrice>
      <AllowDiscount>0</AllowDiscount>
      <itemStatus>1</itemStatus>
      <LastUpdateDate />
      <LastUpdateTime />
    </Product>
    <Product>
      <PriceUpdateDate>2019/05/28 08:30</PriceUpdateDate>
      <ItemCode>2370383</ItemCode>
      <ItemType>0</ItemType>
      <ItemName>גבינת צ`דר  עם צ`ילי שקיל</ItemName>
      <ManufactureName>ג.וילי פוד אינטרנשיונל בעמ</ManufactureName>
      <ManufactureCountry />
      <ManufactureItemDescription />
      <UnitQty>ק"ג</UnitQty>
      <Quantity>1</Quantity>
      <UnitMeasure>ק"ג</UnitMeasure>
      <BisWeighted>1</BisWeighted>
      <QtyInPackage>1</QtyInPackage>
      <ItemPrice>109.90</ItemPrice>
      <UnitOfMeasurePrice>109.90</UnitOfMeasurePrice>
      <AllowDiscount>0</AllowDiscount>
      <itemStatus>1</itemStatus>
      <LastUpdateDate />
      <LastUpdateTime />
    </Product>
    <Product>
      <PriceUpdateDate>2019/05/28 08:30</PriceUpdateDate>
      <ItemCode>2370390</ItemCode>
      <ItemType>0</ItemType>
      <ItemName>גבינת צ`דר מעושנת  שקיל</ItemName>
      <ManufactureName>ג.וילי פוד אינטרנשיונל בעמ</ManufactureName>
      <ManufactureCountry />
      <ManufactureItemDescription />
      <UnitQty>ק"ג</UnitQty>
      <Quantity>1</Quantity>
      <UnitMeasure>ק"ג</UnitMeasure>
      <BisWeighted>1</BisWeighted>
      <QtyInPackage>1</QtyInPackage>
      <ItemPrice>109.90</ItemPrice>
      <UnitOfMeasurePrice>109.90</UnitOfMeasurePrice>
      <AllowDiscount>0</AllowDiscount>
      <itemStatus>1</itemStatus>
      <LastUpdateDate />
      <LastUpdateTime />
    </Product>
    <Product>
      <PriceUpdateDate>2019/05/28 08:30</PriceUpdateDate>
      <ItemCode>2370406</ItemCode>
      <ItemType>0</ItemType>
      <ItemName>גבינת צ`דר עם בצל מקורמל  שקיל</ItemName>
      <ManufactureName>ג.וילי פוד אינטרנשיונל בעמ</ManufactureName>
      <ManufactureCountry />
      <ManufactureItemDescription />
      <UnitQty>ק"ג</UnitQty>
      <Quantity>1</Quantity>
      <UnitMeasure>ק"ג</UnitMeasure>
      <BisWeighted>1</BisWeighted>
      <QtyInPackage>1</QtyInPackage>
      <ItemPrice>109.90</ItemPrice>
      <UnitOfMeasurePrice>109.90</UnitOfMeasurePrice>
      <AllowDiscount>0</AllowDiscount>
      <itemStatus>1</itemStatus>
      <LastUpdateDate />
      <LastUpdateTime />
    </Product>
    <Product>
      <PriceUpdateDate>2019/06/02 10:01</PriceUpdateDate>
      <ItemCode>2370413</ItemCode>
      <ItemType>0</ItemType>
      <ItemName>פרמזן מיושנת %27שומן RESERVED שקיל</ItemName>
      <ManufactureName>ג.וילי פוד אינטרנשיונל בעמ</ManufactureName>
      <ManufactureCountry />
      <ManufactureItemDescription />
      <UnitQty>ק"ג</UnitQty>
      <Quantity>1</Quantity>
      <UnitMeasure />
      <BisWeighted>1</BisWeighted>
      <QtyInPackage>1</QtyInPackage>
      <ItemPrice>103.90</ItemPrice>
      <UnitOfMeasurePrice>103.90</UnitOfMeasurePrice>
      <AllowDiscount>0</AllowDiscount>
      <itemStatus>1</itemStatus>
      <LastUpdateDate />
      <LastUpdateTime />
    </Product>
    <Product>
      <PriceUpdateDate>2018/01/31 10:17</PriceUpdateDate>
      <ItemCode>7290002404583</ItemCode>
      <ItemType>1</ItemType>
      <ItemName>יין בראשית קברנה</ItemName>
      <ManufactureName>יקבי ארזה ת.ר.זבעמ</ManufactureName>
      <ManufactureCountry />
      <ManufactureItemDescription />
      <UnitQty>י"ח</UnitQty>
      <Quantity>750</Quantity>
      <UnitMeasure>ל  מ"ל</UnitMeasure>
      <BisWeighted>0</BisWeighted>
      <QtyInPackage>1</QtyInPackage>
      <ItemPrice>39.90</ItemPrice>
      <UnitOfMeasurePrice>5.28</UnitOfMeasurePrice>
      <AllowDiscount>1</AllowDiscount>
      <itemStatus>1</itemStatus>
      <LastUpdateDate />
      <LastUpdateTime />
    </Product>
    <Product>
      <PriceUpdateDate>2018/01/31 10:17</PriceUpdateDate>
      <ItemCode>7290002404590</ItemCode>
      <ItemType>1</ItemType>
      <ItemName>יין בראשית מרלו</ItemName>
      <ManufactureName>יקבי ארזה ת.ר.זבעמ</ManufactureName>
      <ManufactureCountry />
      <ManufactureItemDescription />
      <UnitQty>י"ח</UnitQty>
      <Quantity>750</Quantity>
      <UnitMeasure>ל  מ"ל</UnitMeasure>
      <BisWeighted>0</BisWeighted>
      <QtyInPackage>1</QtyInPackage>
      <ItemPrice>39.90</ItemPrice>
      <UnitOfMeasurePrice>5.28</UnitOfMeasurePrice>
      <AllowDiscount>1</AllowDiscount>
      <itemStatus>1</itemStatus>
      <LastUpdateDate />
      <LastUpdateTime />
    </Product>
    <Product>
      <PriceUpdateDate>2018/01/31 10:17</PriceUpdateDate>
      <ItemCode>7290002404606</ItemCode>
      <ItemType>1</ItemType>
      <ItemName>יין בראשית שיראז</ItemName>
      <ManufactureName>יקבי ארזה ת.ר.זבעמ</ManufactureName>
      <ManufactureCountry />
      <ManufactureItemDescription />
      <UnitQty>י"ח</UnitQty>
      <Quantity>750</Quantity>
      <UnitMeasure>ל  מ"ל</UnitMeasure>
      <BisWeighted>0</BisWeighted>
      <QtyInPackage>1</QtyInPackage>
      <ItemPrice>39.90</ItemPrice>
      <UnitOfMeasurePrice>5.28</UnitOfMeasurePrice>
      <AllowDiscount>1</AllowDiscount>
      <itemStatus>1</itemStatus>
      <LastUpdateDate />
      <LastUpdateTime />
    </Product>
    <Product>
      <PriceUpdateDate>2018/01/31 10:17</PriceUpdateDate>
      <ItemCode>2404613</ItemCode>
      <ItemType>0</ItemType>
      <ItemName>יין וירטואזו קברנה</ItemName>
      <ManufactureName>יקבי ארזה ת.ר.זבעמ</ManufactureName>
      <ManufactureCountry />
      <ManufactureItemDescription />
      <UnitQty>י"ח</UnitQty>
      <Quantity>750</Quantity>
      <UnitMeasure>ל  מ"ל</UnitMeasure>
      <BisWeighted>0</BisWeighted>
      <QtyInPackage>1</QtyInPackage>
      <ItemPrice>49.90</ItemPrice>
      <UnitOfMeasurePrice>6.61</UnitOfMeasurePrice>
      <AllowDiscount>1</AllowDiscount>
      <itemStatus>1</itemStatus>
      <LastUpdateDate />
      <LastUpdateTime />
    </Product>
    <Product>
      <PriceUpdateDate>2018/01/31 10:17</PriceUpdateDate>
      <ItemCode>2404620</ItemCode>
      <ItemType>0</ItemType>
      <ItemName>יין וירטואזו מרלו</ItemName>
      <ManufactureName>יקבי ארזה ת.ר.זבעמ</ManufactureName>
      <ManufactureCountry />
      <ManufactureItemDescription />
      <UnitQty>י"ח</UnitQty>
      <Quantity>750</Quantity>
      <UnitMeasure>ל  מ"ל</UnitMeasure>
      <BisWeighted>0</BisWeighted>
      <QtyInPackage>1</QtyInPackage>
      <ItemPrice>49.90</ItemPrice>
      <UnitOfMeasurePrice>6.61</UnitOfMeasurePrice>
      <AllowDiscount>1</AllowDiscount>
      <itemStatus>1</itemStatus>
      <LastUpdateDate />
      <LastUpdateTime />
    </Product>
    <Product>
      <PriceUpdateDate>2018/01/31 10:17</PriceUpdateDate>
      <ItemCode>2404637</ItemCode>
      <ItemType>0</ItemType>
      <ItemName>יין וירטואזו שיראז</ItemName>
      <ManufactureName>יקבי ארזה ת.ר.זבעמ</ManufactureName>
      <ManufactureCountry />
      <ManufactureItemDescription />
      <UnitQty>י"ח</UnitQty>
      <Quantity>750</Quantity>
      <UnitMeasure>ל  מ"ל</UnitMeasure>
      <BisWeighted>0</BisWeighted>
      <QtyInPackage>1</QtyInPackage>
      <ItemPrice>49.90</ItemPrice>
      <UnitOfMeasurePrice>6.61</UnitOfMeasurePrice>
      <AllowDiscount>1</AllowDiscount>
      <itemStatus>1</itemStatus>
      <LastUpdateDate />
      <LastUpdateTime />
    </Product>
    <Product>
      <PriceUpdateDate>2018/01/31 13:59</PriceUpdateDate>
      <ItemCode>2404712</ItemCode>
      <ItemType>0</ItemType>
      <ItemName>יין בראשית סביניון בלאן 750מ"ל</ItemName>
      <ManufactureName>יקבי ארזה ת.ר.זבעמ</ManufactureName>
      <ManufactureCountry />
      <ManufactureItemDescription />
      <UnitQty>י"ח</UnitQty>
      <Quantity>750</Quantity>
      <UnitMeasure>ל  מ"ל</UnitMeasure>
      <BisWeighted>0</BisWeighted>
      <QtyInPackage>1</QtyInPackage>
      <ItemPrice>39.90</ItemPrice>
      <UnitOfMeasurePrice>5.28</UnitOfMeasurePrice>
      <AllowDiscount>1</AllowDiscount>
      <itemStatus>1</itemStatus>
      <LastUpdateDate />
      <LastUpdateTime />
    </Product>
    <Product>
      <PriceUpdateDate>2018/01/31 10:17</PriceUpdateDate>
      <ItemCode>2404837</ItemCode>
      <ItemType>0</ItemType>
      <ItemName>יין בראשית סוביניון בלאן</ItemName>
      <ManufactureName>יקבי ארזה ת.ר.זבעמ</ManufactureName>
      <ManufactureCountry />
      <ManufactureItemDescription />
      <UnitQty>י"ח</UnitQty>
      <Quantity>750</Quantity>
      <UnitMeasure>ל  מ"ל</UnitMeasure>
      <BisWeighted>0</BisWeighted>
      <QtyInPackage>1</QtyInPackage>
      <ItemPrice>39.90</ItemPrice>
      <UnitOfMeasurePrice>5.28</UnitOfMeasurePrice>
      <AllowDiscount>1</AllowDiscount>
      <itemStatus>1</itemStatus>
      <LastUpdateDate />
      <LastUpdateTime />
    </Product>
    <Product>
      <PriceUpdateDate>2018/11/06 10:28</PriceUpdateDate>
      <ItemCode>2404866</ItemCode>
      <ItemType>0</ItemType>
      <ItemName>יין וירטואוזו שרדונה</ItemName>
      <ManufactureName>יקבי ארזה ת.ר.זבעמ</ManufactureName>
      <ManufactureCountry />
      <ManufactureItemDescription />
      <UnitQty>י"ח</UnitQty>
      <Quantity>750</Quantity>
      <UnitMeasure>ל  מ"ל</UnitMeasure>
      <BisWeighted>0</BisWeighted>
      <QtyInPackage>1</QtyInPackage>
      <ItemPrice>49.90</ItemPrice>
      <UnitOfMeasurePrice>6.61</UnitOfMeasurePrice>
      <AllowDiscount>1</AllowDiscount>
      <itemStatus>1</itemStatus>
      <LastUpdateDate />
      <LastUpdateTime />
    </Product>
    <Product>
      <PriceUpdateDate>2016/11/01 09:53</PriceUpdateDate>
      <ItemCode>2439257</ItemCode>
      <ItemType>0</ItemType>
      <ItemName>אקלר ריץ חדש</ItemName>
      <ManufactureName>נטו מלינדה סחר בעמ</ManufactureName>
      <ManufactureCountry />
      <ManufactureItemDescription />
      <UnitQty>י"ח</UnitQty>
      <Quantity>400</Quantity>
      <UnitMeasure>ל  גרם</UnitMeasure>
      <BisWeighted>0</BisWeighted>
      <QtyInPackage>1</QtyInPackage>
      <ItemPrice>24.90</ItemPrice>
      <UnitOfMeasurePrice>6.23</UnitOfMeasurePrice>
      <AllowDiscount>1</AllowDiscount>
      <itemStatus>1</itemStatus>
      <LastUpdateDate />
      <LastUpdateTime />
    </Product>
    <Product>
      <PriceUpdateDate>2016/03/07 14:34</PriceUpdateDate>
      <ItemCode>2487364</ItemCode>
      <ItemType>0</ItemType>
      <ItemName>בורקס פילו גבינה  זיתים 700 גרם</ItemName>
      <ManufactureName>נטו מלינדה סחר בעמ</ManufactureName>
      <ManufactureCountry />
      <ManufactureItemDescription />
      <UnitQty>י"ח</UnitQty>
      <Quantity>700</Quantity>
      <UnitMeasure>ל  גרם</UnitMeasure>
      <BisWeighted>0</BisWeighted>
      <QtyInPackage>1</QtyInPackage>
      <ItemPrice>19.90</ItemPrice>
      <UnitOfMeasurePrice>2.84</UnitOfMeasurePrice>
      <AllowDiscount>1</AllowDiscount>
      <itemStatus>1</itemStatus>
      <LastUpdateDate />
      <LastUpdateTime />
    </Product>
    <Product>
      <PriceUpdateDate>2020/03/10 08:25</PriceUpdateDate>
      <ItemCode>2502166</ItemCode>
      <ItemType>0</ItemType>
      <ItemName>בונג`ור חצי באגט קפוא 190גר</ItemName>
      <ManufactureName>קבוצת אוסם סחר-שות.מוגבלת</ManufactureName>
      <ManufactureCountry />
      <ManufactureItemDescription />
      <UnitQty>י"ח</UnitQty>
      <Quantity>190</Quantity>
      <UnitMeasure>ל  גרם</UnitMeasure>
      <BisWeighted>0</BisWeighted>
      <QtyInPackage>1</QtyInPackage>
      <ItemPrice>2.90</ItemPrice>
      <UnitOfMeasurePrice>1.53</UnitOfMeasurePrice>
      <AllowDiscount>1</AllowDiscount>
      <itemStatus>1</itemStatus>
      <LastUpdateDate />
      <LastUpdateTime />
    </Product>
    <Product>
      <PriceUpdateDate>2017/05/04 09:25</PriceUpdateDate>
      <ItemCode>2507246</ItemCode>
      <ItemType>0</ItemType>
      <ItemName>מקלות פילו אגוז לוז ושוקולד600ג</ItemName>
      <ManufactureName>נטו מלינדה סחר בעמ</ManufactureName>
      <ManufactureCountry />
      <ManufactureItemDescription />
      <UnitQty>י"ח</UnitQty>
      <Quantity>700</Quantity>
      <UnitMeasure>ל  גרם</UnitMeasure>
      <BisWeighted>0</BisWeighted>
      <QtyInPackage>1</QtyInPackage>
      <ItemPrice>19.90</ItemPrice>
      <UnitOfMeasurePrice>2.84</UnitOfMeasurePrice>
      <AllowDiscount>1</AllowDiscount>
      <itemStatus>1</itemStatus>
      <LastUpdateDate />
      <LastUpdateTime />
    </Product>
    <Product>
      <PriceUpdateDate>2017/05/04 09:25</PriceUpdateDate>
      <ItemCode>2507253</ItemCode>
      <ItemType>0</ItemType>
      <ItemName>מקלות פילו קרם פטיסייר 600ג</ItemName>
      <ManufactureName>נטו מלינדה סחר בעמ</ManufactureName>
      <ManufactureCountry />
      <ManufactureItemDescription />
      <UnitQty>י"ח</UnitQty>
      <Quantity>700</Quantity>
      <UnitMeasure>ל  גרם</UnitMeasure>
      <BisWeighted>0</BisWeighted>
      <QtyInPackage>1</QtyInPackage>
      <ItemPrice>19.90</ItemPrice>
      <UnitOfMeasurePrice>2.84</UnitOfMeasurePrice>
      <AllowDiscount>1</AllowDiscount>
      <itemStatus>1</itemStatus>
      <LastUpdateDate />
      <LastUpdateTime />
    </Product>
    <Product>
      <PriceUpdateDate>2017/06/22 08:58</PriceUpdateDate>
      <ItemCode>2507604</ItemCode>
      <ItemType>0</ItemType>
      <ItemName>פיצה השף איטלקית 320ג</ItemName>
      <ManufactureName>נטו מלינדה סחר בעמ</ManufactureName>
      <ManufactureCountry />
      <ManufactureItemDescription />
      <UnitQty>י"ח</UnitQty>
      <Quantity>320</Quantity>
      <UnitMeasure>ל  גרם</UnitMeasure>
      <BisWeighted>0</BisWeighted>
      <QtyInPackage>1</QtyInPackage>
      <ItemPrice>16.90</ItemPrice>
      <UnitOfMeasurePrice>5.28</UnitOfMeasurePrice>
      <AllowDiscount>1</AllowDiscount>
      <itemStatus>1</itemStatus>
      <LastUpdateDate />
      <LastUpdateTime />
    </Product>
    <Product>
      <PriceUpdateDate>2019/06/27 08:25</PriceUpdateDate>
      <ItemCode>2511229</ItemCode>
      <ItemType>0</ItemType>
      <ItemName>בולגרית מעודנת 16%  המושבה</ItemName>
      <ManufactureName>מחלבות המושבה בעמ</ManufactureName>
      <ManufactureCountry />
      <ManufactureItemDescription />
      <UnitQty>ק"ג</UnitQty>
      <Quantity>1000</Quantity>
      <UnitMeasure>ל  גרם</UnitMeasure>
      <BisWeighted>1</BisWeighted>
      <QtyInPackage>1</QtyInPackage>
      <ItemPrice>39.90</ItemPrice>
      <UnitOfMeasurePrice>3.99</UnitOfMeasurePrice>
      <AllowDiscount>1</AllowDiscount>
      <itemStatus>1</itemStatus>
      <LastUpdateDate />
      <LastUpdateTime />
    </Product>
    <Product>
      <PriceUpdateDate>2019/06/25 08:09</PriceUpdateDate>
      <ItemCode>2511236</ItemCode>
      <ItemType>0</ItemType>
      <ItemName>בולגרית מעודנת  5%  המושבה</ItemName>
      <ManufactureName>מחלבות המושבה בעמ</ManufactureName>
      <ManufactureCountry />
      <ManufactureItemDescription />
      <UnitQty>ק"ג</UnitQty>
      <Quantity>1</Quantity>
      <UnitMeasure />
      <BisWeighted>1</BisWeighted>
      <QtyInPackage>1</QtyInPackage>
      <ItemPrice>39.90</ItemPrice>
      <UnitOfMeasurePrice>39.90</UnitOfMeasurePrice>
      <AllowDiscount>1</AllowDiscount>
      <itemStatus>1</itemStatus>
      <LastUpdateDate />
      <LastUpdateTime />
    </Product>
    <Product>
      <PriceUpdateDate>2019/03/28 08:06</PriceUpdateDate>
      <ItemCode>2552260</ItemCode>
      <ItemType>0</ItemType>
      <ItemName>שמיניות קרחונים ללא סוכר</ItemName>
      <ManufactureName>ריאו נתניה ביחר לגלידה</ManufactureName>
      <ManufactureCountry />
      <ManufactureItemDescription />
      <UnitQty>י"ח</UnitQty>
      <Quantity>1</Quantity>
      <UnitMeasure />
      <BisWeighted>0</BisWeighted>
      <QtyInPackage>1</QtyInPackage>
      <ItemPrice>18.90</ItemPrice>
      <UnitOfMeasurePrice>18.90</UnitOfMeasurePrice>
      <AllowDiscount>1</AllowDiscount>
      <itemStatus>1</itemStatus>
      <LastUpdateDate />
      <LastUpdateTime />
    </Product>
    <Product>
      <PriceUpdateDate>2014/01/03 13:46</PriceUpdateDate>
      <ItemCode>7290002552345</ItemCode>
      <ItemType>1</ItemType>
      <ItemName>גליגל 6+2 ריאו</ItemName>
      <ManufactureName>ריאו נתניה ביחר לגלידה</ManufactureName>
      <ManufactureCountry />
      <ManufactureItemDescription />
      <UnitQty>י"ח</UnitQty>
      <Quantity>1</Quantity>
      <UnitMeasure />
      <BisWeighted>0</BisWeighted>
      <QtyInPackage>1</QtyInPackage>
      <ItemPrice>16</ItemPrice>
      <UnitOfMeasurePrice>16</UnitOfMeasurePrice>
      <AllowDiscount>1</AllowDiscount>
      <itemStatus>1</itemStatus>
      <LastUpdateDate />
      <LastUpdateTime />
    </Product>
    <Product>
      <PriceUpdateDate>2015/01/18 11:02</PriceUpdateDate>
      <ItemCode>7290002552369</ItemCode>
      <ItemType>1</ItemType>
      <ItemName>גלידונית</ItemName>
      <ManufactureName>ריאו נתניה ביחר לגלידה</ManufactureName>
      <ManufactureCountry />
      <ManufactureItemDescription />
      <UnitQty>י"ח</UnitQty>
      <Quantity>1</Quantity>
      <UnitMeasure />
      <BisWeighted>0</BisWeighted>
      <QtyInPackage>1</QtyInPackage>
      <ItemPrice>43.90</ItemPrice>
      <UnitOfMeasurePrice>43.90</UnitOfMeasurePrice>
      <AllowDiscount>1</AllowDiscount>
      <itemStatus>1</itemStatus>
      <LastUpdateDate />
      <LastUpdateTime />
    </Product>
    <Product>
      <PriceUpdateDate>2019/03/28 08:06</PriceUpdateDate>
      <ItemCode>2552499</ItemCode>
      <ItemType>0</ItemType>
      <ItemName>שלגון שמיניה שרבט פרווה</ItemName>
      <ManufactureName>ריאו נתניה ביחר לגלידה</ManufactureName>
      <ManufactureCountry />
      <ManufactureItemDescription />
      <UnitQty>י"ח</UnitQty>
      <Quantity>1</Quantity>
      <UnitMeasure />
      <BisWeighted>0</BisWeighted>
      <QtyInPackage>1</QtyInPackage>
      <ItemPrice>19.90</ItemPrice>
      <UnitOfMeasurePrice>19.90</UnitOfMeasurePrice>
      <AllowDiscount>1</AllowDiscount>
      <itemStatus>1</itemStatus>
      <LastUpdateDate />
      <LastUpdateTime />
    </Product>
    <Product>
      <PriceUpdateDate>2019/08/01 10:43</PriceUpdateDate>
      <ItemCode>2596677</ItemCode>
      <ItemType>0</ItemType>
      <ItemName>פילה אמנון קפוא</ItemName>
      <ManufactureName>בלדי בעמ</ManufactureName>
      <ManufactureCountry />
      <ManufactureItemDescription />
      <UnitQty>ק"ג</UnitQty>
      <Quantity>1</Quantity>
      <UnitMeasure />
      <BisWeighted>1</BisWeighted>
      <QtyInPackage>1</QtyInPackage>
      <ItemPrice>32.90</ItemPrice>
      <UnitOfMeasurePrice>32.90</UnitOfMeasurePrice>
      <AllowDiscount>1</AllowDiscount>
      <itemStatus>1</itemStatus>
      <LastUpdateDate />
      <LastUpdateTime />
    </Product>
    <Product>
      <PriceUpdateDate>2017/10/04 08:02</PriceUpdateDate>
      <ItemCode>2603027</ItemCode>
      <ItemType>0</ItemType>
      <ItemName>פילה נקי נקי ענק</ItemName>
      <ManufactureName>נטו מלינדה סחר בעמ</ManufactureName>
      <ManufactureCountry />
      <ManufactureItemDescription />
      <UnitQty>ק"ג</UnitQty>
      <Quantity>1</Quantity>
      <UnitMeasure>ק"ג</UnitMeasure>
      <BisWeighted>1</BisWeighted>
      <QtyInPackage>1</QtyInPackage>
      <ItemPrice>34.90</ItemPrice>
      <UnitOfMeasurePrice>34.90</UnitOfMeasurePrice>
      <AllowDiscount>1</AllowDiscount>
      <itemStatus>1</itemStatus>
      <LastUpdateDate />
      <LastUpdateTime />
    </Product>
    <Product>
      <PriceUpdateDate>2018/01/29 09:42</PriceUpdateDate>
      <ItemCode>2603689</ItemCode>
      <ItemType>0</ItemType>
      <ItemName>מקלות פילו XL תפו"א 450גר</ItemName>
      <ManufactureName>נטו מלינדה סחר בעמ</ManufactureName>
      <ManufactureCountry />
      <ManufactureItemDescription />
      <UnitQty>י"ח</UnitQty>
      <Quantity>450</Quantity>
      <UnitMeasure>ל  גרם</UnitMeasure>
      <BisWeighted>0</BisWeighted>
      <QtyInPackage>1</QtyInPackage>
      <ItemPrice>19.90</ItemPrice>
      <UnitOfMeasurePrice>4.42</UnitOfMeasurePrice>
      <AllowDiscount>1</AllowDiscount>
      <itemStatus>1</itemStatus>
      <LastUpdateDate />
      <LastUpdateTime />
    </Product>
    <Product>
      <PriceUpdateDate>2018/01/29 09:42</PriceUpdateDate>
      <ItemCode>2603696</ItemCode>
      <ItemType>0</ItemType>
      <ItemName>מקלות פילו XL גבינה 450גר</ItemName>
      <ManufactureName>נטו מלינדה סחר בעמ</ManufactureName>
      <ManufactureCountry />
      <ManufactureItemDescription />
      <UnitQty>י"ח</UnitQty>
      <Quantity>450</Quantity>
      <UnitMeasure>ל  גרם</UnitMeasure>
      <BisWeighted>0</BisWeighted>
      <QtyInPackage>1</QtyInPackage>
      <ItemPrice>19.90</ItemPrice>
      <UnitOfMeasurePrice>4.42</UnitOfMeasurePrice>
      <AllowDiscount>1</AllowDiscount>
      <itemStatus>1</itemStatus>
      <LastUpdateDate />
      <LastUpdateTime />
    </Product>
    <Product>
      <PriceUpdateDate>2018/02/14 10:43</PriceUpdateDate>
      <ItemCode>2657806</ItemCode>
      <ItemType>0</ItemType>
      <ItemName>פילה אמנון גדלים שונים נטו</ItemName>
      <ManufactureName>נטו מלינדה סחר בעמ</ManufactureName>
      <ManufactureCountry />
      <ManufactureItemDescription />
      <UnitQty>ק"ג</UnitQty>
      <Quantity>1</Quantity>
      <UnitMeasure>ק"ג</UnitMeasure>
      <BisWeighted>1</BisWeighted>
      <QtyInPackage>1</QtyInPackage>
      <ItemPrice>32.90</ItemPrice>
      <UnitOfMeasurePrice>32.90</UnitOfMeasurePrice>
      <AllowDiscount>1</AllowDiscount>
      <itemStatus>1</itemStatus>
      <LastUpdateDate />
      <LastUpdateTime />
    </Product>
    <Product>
      <PriceUpdateDate>2018/02/04 09:40</PriceUpdateDate>
      <ItemCode>2657866</ItemCode>
      <ItemType>0</ItemType>
      <ItemName>פילה אמנון גדלים שונים נטו</ItemName>
      <ManufactureName>נטו מלינדה סחר בעמ</ManufactureName>
      <ManufactureCountry />
      <ManufactureItemDescription />
      <UnitQty>ק"ג</UnitQty>
      <Quantity>1</Quantity>
      <UnitMeasure>ק"ג</UnitMeasure>
      <BisWeighted>1</BisWeighted>
      <QtyInPackage>1</QtyInPackage>
      <ItemPrice>32.90</ItemPrice>
      <UnitOfMeasurePrice>32.90</UnitOfMeasurePrice>
      <AllowDiscount>1</AllowDiscount>
      <itemStatus>1</itemStatus>
      <LastUpdateDate />
      <LastUpdateTime />
    </Product>
    <Product>
      <PriceUpdateDate>2018/11/06 10:28</PriceUpdateDate>
      <ItemCode>7290002663522</ItemCode>
      <ItemType>1</ItemType>
      <ItemName>תפוזינה תפוזים 1.5 ליטר</ItemName>
      <ManufactureName>יפאורה שותפות מוגבלת לשיווק</ManufactureName>
      <ManufactureCountry />
      <ManufactureItemDescription />
      <UnitQty>י"ח</UnitQty>
      <Quantity>1.50</Quantity>
      <UnitMeasure>ליטר</UnitMeasure>
      <BisWeighted>0</BisWeighted>
      <QtyInPackage>1</QtyInPackage>
      <ItemPrice>6.20</ItemPrice>
      <UnitOfMeasurePrice>4.13</UnitOfMeasurePrice>
      <AllowDiscount>1</AllowDiscount>
      <itemStatus>1</itemStatus>
      <LastUpdateDate />
      <LastUpdateTime />
    </Product>
    <Product>
      <PriceUpdateDate>2018/11/06 10:28</PriceUpdateDate>
      <ItemCode>7290002663539</ItemCode>
      <ItemType>1</ItemType>
      <ItemName>תפוזינה-אשכוליות   1.5 ל</ItemName>
      <ManufactureName>יפאורה שותפות מוגבלת לשיווק</ManufactureName>
      <ManufactureCountry />
      <ManufactureItemDescription />
      <UnitQty>י"ח</UnitQty>
      <Quantity>1.50</Quantity>
      <UnitMeasure>ליטר</UnitMeasure>
      <BisWeighted>0</BisWeighted>
      <QtyInPackage>1</QtyInPackage>
      <ItemPrice>6.20</ItemPrice>
      <UnitOfMeasurePrice>4.13</UnitOfMeasurePrice>
      <AllowDiscount>1</AllowDiscount>
      <itemStatus>1</itemStatus>
      <LastUpdateDate />
      <LastUpdateTime />
    </Product>
    <Product>
      <PriceUpdateDate>2018/07/15 15:22</PriceUpdateDate>
      <ItemCode>7290002663805</ItemCode>
      <ItemType>1</ItemType>
      <ItemName>מי טוניק</ItemName>
      <ManufactureName>יפאורה שותפות מוגבלת לשיווק</ManufactureName>
      <ManufactureCountry />
      <ManufactureItemDescription />
      <UnitQty>י"ח</UnitQty>
      <Quantity>1.50</Quantity>
      <UnitMeasure>ליטר</UnitMeasure>
      <BisWeighted>0</BisWeighted>
      <QtyInPackage>1</QtyInPackage>
      <ItemPrice>10.90</ItemPrice>
      <UnitOfMeasurePrice>7.27</UnitOfMeasurePrice>
      <AllowDiscount>1</AllowDiscount>
      <itemStatus>1</itemStatus>
      <LastUpdateDate />
      <LastUpdateTime />
    </Product>
    <Product>
      <PriceUpdateDate>2016/02/25 09:23</PriceUpdateDate>
      <ItemCode>7290002663812</ItemCode>
      <ItemType>1</ItemType>
      <ItemName>גי נג ר אייל</ItemName>
      <ManufactureName>יפאורה שותפות מוגבלת לשיווק</ManufactureName>
      <ManufactureCountry />
      <ManufactureItemDescription />
      <UnitQty>י"ח</UnitQty>
      <Quantity>1.50</Quantity>
      <UnitMeasure>ליטר</UnitMeasure>
      <BisWeighted>0</BisWeighted>
      <QtyInPackage>1</QtyInPackage>
      <ItemPrice>9.90</ItemPrice>
      <UnitOfMeasurePrice>6.60</UnitOfMeasurePrice>
      <AllowDiscount>1</AllowDiscount>
      <itemStatus>1</itemStatus>
      <LastUpdateDate />
      <LastUpdateTime />
    </Product>
    <Product>
      <PriceUpdateDate>2018/07/15 15:22</PriceUpdateDate>
      <ItemCode>7290002663829</ItemCode>
      <ItemType>1</ItemType>
      <ItemName>ביטר לימון 1.5</ItemName>
      <ManufactureName>יפאורה שותפות מוגבלת לשיווק</ManufactureName>
      <ManufactureCountry />
      <ManufactureItemDescription />
      <UnitQty>י"ח</UnitQty>
      <Quantity>1.50</Quantity>
      <UnitMeasure>ליטר</UnitMeasure>
      <BisWeighted>0</BisWeighted>
      <QtyInPackage>1</QtyInPackage>
      <ItemPrice>10.90</ItemPrice>
      <UnitOfMeasurePrice>7.27</UnitOfMeasurePrice>
      <AllowDiscount>1</AllowDiscount>
      <itemStatus>1</itemStatus>
      <LastUpdateDate />
      <LastUpdateTime />
    </Product>
    <Product>
      <PriceUpdateDate>2018/11/06 10:28</PriceUpdateDate>
      <ItemCode>7290002663881</ItemCode>
      <ItemType>1</ItemType>
      <ItemName>תפוזינה אשכוליות דיאט 1.5</ItemName>
      <ManufactureName>יפאורה שותפות מוגבלת לשיווק</ManufactureName>
      <ManufactureCountry />
      <ManufactureItemDescription />
      <UnitQty>י"ח</UnitQty>
      <Quantity>1.50</Quantity>
      <UnitMeasure>ליטר</UnitMeasure>
      <BisWeighted>0</BisWeighted>
      <QtyInPackage>1</QtyInPackage>
      <ItemPrice>6.20</ItemPrice>
      <UnitOfMeasurePrice>4.13</UnitOfMeasurePrice>
      <AllowDiscount>1</AllowDiscount>
      <itemStatus>1</itemStatus>
      <LastUpdateDate />
      <LastUpdateTime />
    </Product>
    <Product>
      <PriceUpdateDate>2019/09/17 08:23</PriceUpdateDate>
      <ItemCode>7290002673255</ItemCode>
      <ItemType>1</ItemType>
      <ItemName>סיליט קומקום</ItemName>
      <ManufactureName>רקיט בנקיזר (ניר איסט) בעמ</ManufactureName>
      <ManufactureCountry />
      <ManufactureItemDescription />
      <UnitQty>י"ח</UnitQty>
      <Quantity>500</Quantity>
      <UnitMeasure>ל  מ"ל</UnitMeasure>
      <BisWeighted>0</BisWeighted>
      <QtyInPackage>1</QtyInPackage>
      <ItemPrice>12.90</ItemPrice>
      <UnitOfMeasurePrice>2.58</UnitOfMeasurePrice>
      <AllowDiscount>1</AllowDiscount>
      <itemStatus>1</itemStatus>
      <LastUpdateDate />
      <LastUpdateTime />
    </Product>
    <Product>
      <PriceUpdateDate>2014/05/07 10:14</PriceUpdateDate>
      <ItemCode>7290002674221</ItemCode>
      <ItemType>1</ItemType>
      <ItemName>אקווה פרש מנטה משאבה 100</ItemName>
      <ManufactureName>גורי ע.ע.ע. בעמ</ManufactureName>
      <ManufactureCountry />
      <ManufactureItemDescription />
      <UnitQty>י"ח</UnitQty>
      <Quantity>100</Quantity>
      <UnitMeasure>ל  גרם</UnitMeasure>
      <BisWeighted>0</BisWeighted>
      <QtyInPackage>1</QtyInPackage>
      <ItemPrice>12.90</ItemPrice>
      <UnitOfMeasurePrice>12.90</UnitOfMeasurePrice>
      <AllowDiscount>1</AllowDiscount>
      <itemStatus>1</itemStatus>
      <LastUpdateDate />
      <LastUpdateTime />
    </Product>
    <Product>
      <PriceUpdateDate>2014/08/03 17:02</PriceUpdateDate>
      <ItemCode>2674238</ItemCode>
      <ItemType>0</ItemType>
      <ItemName>אקווה פרש מנטה 125מ"ל</ItemName>
      <ManufactureName>גורי ע.ע.ע. בעמ</ManufactureName>
      <ManufactureCountry />
      <ManufactureItemDescription />
      <UnitQty>י"ח</UnitQty>
      <Quantity>125</Quantity>
      <UnitMeasure>ל  מ"ל</UnitMeasure>
      <BisWeighted>0</BisWeighted>
      <QtyInPackage>1</QtyInPackage>
      <ItemPrice>8</ItemPrice>
      <UnitOfMeasurePrice>6.40</UnitOfMeasurePrice>
      <AllowDiscount>1</AllowDiscount>
      <itemStatus>1</itemStatus>
      <LastUpdateDate />
      <LastUpdateTime />
    </Product>
    <Product>
      <PriceUpdateDate>2014/01/03 13:46</PriceUpdateDate>
      <ItemCode>7290002674269</ItemCode>
      <ItemType>1</ItemType>
      <ItemName>משחה 125 מ"ל אקווה פרש</ItemName>
      <ManufactureName>גורי ע.ע.ע. בעמ</ManufactureName>
      <ManufactureCountry />
      <ManufactureItemDescription />
      <UnitQty>י"ח</UnitQty>
      <Quantity>125</Quantity>
      <UnitMeasure>ל  גרם</UnitMeasure>
      <BisWeighted>0</BisWeighted>
      <QtyInPackage>1</QtyInPackage>
      <ItemPrice>8</ItemPrice>
      <UnitOfMeasurePrice>6.40</UnitOfMeasurePrice>
      <AllowDiscount>1</AllowDiscount>
      <itemStatus>1</itemStatus>
      <LastUpdateDate />
      <LastUpdateTime />
    </Product>
    <Product>
      <PriceUpdateDate>2015/11/16 13:02</PriceUpdateDate>
      <ItemCode>7290002692393</ItemCode>
      <ItemType>1</ItemType>
      <ItemName>שמן קנולה 1 ליטר מועשר עץ הזית</ItemName>
      <ManufactureName>שמן תעשיות בעמ</ManufactureName>
      <ManufactureCountry />
      <ManufactureItemDescription />
      <UnitQty>י"ח</UnitQty>
      <Quantity>1</Quantity>
      <UnitMeasure>ליטר</UnitMeasure>
      <BisWeighted>0</BisWeighted>
      <QtyInPackage>1</QtyInPackage>
      <ItemPrice>14.90</ItemPrice>
      <UnitOfMeasurePrice>14.90</UnitOfMeasurePrice>
      <AllowDiscount>1</AllowDiscount>
      <itemStatus>1</itemStatus>
      <LastUpdateDate />
      <LastUpdateTime />
    </Product>
    <Product>
      <PriceUpdateDate>2015/09/21 11:57</PriceUpdateDate>
      <ItemCode>7290002692409</ItemCode>
      <ItemType>1</ItemType>
      <ItemName>שמן חמניות 1  ליטר מועשר.</ItemName>
      <ManufactureName>שמן תעשיות בעמ</ManufactureName>
      <ManufactureCountry />
      <ManufactureItemDescription />
      <UnitQty>י"ח</UnitQty>
      <Quantity>1</Quantity>
      <UnitMeasure>ליטר</UnitMeasure>
      <BisWeighted>0</BisWeighted>
      <QtyInPackage>1</QtyInPackage>
      <ItemPrice>13.90</ItemPrice>
      <UnitOfMeasurePrice>13.90</UnitOfMeasurePrice>
      <AllowDiscount>1</AllowDiscount>
      <itemStatus>1</itemStatus>
      <LastUpdateDate />
      <LastUpdateTime />
    </Product>
    <Product>
      <PriceUpdateDate>2014/03/18 14:37</PriceUpdateDate>
      <ItemCode>7290002715504</ItemCode>
      <ItemType>1</ItemType>
      <ItemName>מרק עוף בכוס</ItemName>
      <ManufactureName>נטו מלינדה סחר בעמ</ManufactureName>
      <ManufactureCountry />
      <ManufactureItemDescription />
      <UnitQty>י"ח</UnitQty>
      <Quantity>70</Quantity>
      <UnitMeasure>ל  גרם</UnitMeasure>
      <BisWeighted>0</BisWeighted>
      <QtyInPackage>1</QtyInPackage>
      <ItemPrice>3.90</ItemPrice>
      <UnitOfMeasurePrice>5.57</UnitOfMeasurePrice>
      <AllowDiscount>1</AllowDiscount>
      <itemStatus>1</itemStatus>
      <LastUpdateDate />
      <LastUpdateTime />
    </Product>
    <Product>
      <PriceUpdateDate>2014/03/18 14:37</PriceUpdateDate>
      <ItemCode>7290002715511</ItemCode>
      <ItemType>1</ItemType>
      <ItemName>מרק בשר מאג יק</ItemName>
      <ManufactureName>נטו מלינדה סחר בעמ</ManufactureName>
      <ManufactureCountry />
      <ManufactureItemDescription />
      <UnitQty>י"ח</UnitQty>
      <Quantity>70</Quantity>
      <UnitMeasure>ל  גרם</UnitMeasure>
      <BisWeighted>0</BisWeighted>
      <QtyInPackage>1</QtyInPackage>
      <ItemPrice>3.90</ItemPrice>
      <UnitOfMeasurePrice>5.57</UnitOfMeasurePrice>
      <AllowDiscount>1</AllowDiscount>
      <itemStatus>1</itemStatus>
      <LastUpdateDate />
      <LastUpdateTime />
    </Product>
    <Product>
      <PriceUpdateDate>2014/03/18 14:37</PriceUpdateDate>
      <ItemCode>7290002715528</ItemCode>
      <ItemType>1</ItemType>
      <ItemName>מרק ירקות בכוס</ItemName>
      <ManufactureName>נטו מלינדה סחר בעמ</ManufactureName>
      <ManufactureCountry />
      <ManufactureItemDescription />
      <UnitQty>י"ח</UnitQty>
      <Quantity>70</Quantity>
      <UnitMeasure>ל  גרם</UnitMeasure>
      <BisWeighted>0</BisWeighted>
      <QtyInPackage>1</QtyInPackage>
      <ItemPrice>3.90</ItemPrice>
      <UnitOfMeasurePrice>5.57</UnitOfMeasurePrice>
      <AllowDiscount>1</AllowDiscount>
      <itemStatus>1</itemStatus>
      <LastUpdateDate />
      <LastUpdateTime />
    </Product>
    <Product>
      <PriceUpdateDate>2014/03/18 14:37</PriceUpdateDate>
      <ItemCode>7290002715535</ItemCode>
      <ItemType>1</ItemType>
      <ItemName>מרק פטריות בכוס</ItemName>
      <ManufactureName>נטו מלינדה סחר בעמ</ManufactureName>
      <ManufactureCountry />
      <ManufactureItemDescription />
      <UnitQty>י"ח</UnitQty>
      <Quantity>70</Quantity>
      <UnitMeasure>ל  גרם</UnitMeasure>
      <BisWeighted>0</BisWeighted>
      <QtyInPackage>1</QtyInPackage>
      <ItemPrice>3.90</ItemPrice>
      <UnitOfMeasurePrice>5.57</UnitOfMeasurePrice>
      <AllowDiscount>1</AllowDiscount>
      <itemStatus>1</itemStatus>
      <LastUpdateDate />
      <LastUpdateTime />
    </Product>
    <Product>
      <PriceUpdateDate>2014/03/18 14:37</PriceUpdateDate>
      <ItemCode>7290002715580</ItemCode>
      <ItemType>1</ItemType>
      <ItemName>מרק סיני בכוס</ItemName>
      <ManufactureName>נטו מלינדה סחר בעמ</ManufactureName>
      <ManufactureCountry />
      <ManufactureItemDescription />
      <UnitQty>י"ח</UnitQty>
      <Quantity>70</Quantity>
      <UnitMeasure>ל  גרם</UnitMeasure>
      <BisWeighted>0</BisWeighted>
      <QtyInPackage>1</QtyInPackage>
      <ItemPrice>3.90</ItemPrice>
      <UnitOfMeasurePrice>5.57</UnitOfMeasurePrice>
      <AllowDiscount>1</AllowDiscount>
      <itemStatus>1</itemStatus>
      <LastUpdateDate />
      <LastUpdateTime />
    </Product>
    <Product>
      <PriceUpdateDate>2016/11/01 09:53</PriceUpdateDate>
      <ItemCode>7290002730262</ItemCode>
      <ItemType>1</ItemType>
      <ItemName>פלמוליב נוזל כלים 750מ"ל</ItemName>
      <ManufactureName>ש.שסטוביץ בעמ</ManufactureName>
      <ManufactureCountry />
      <ManufactureItemDescription />
      <UnitQty>י"ח</UnitQty>
      <Quantity>750</Quantity>
      <UnitMeasure>ל  מ"ל</UnitMeasure>
      <BisWeighted>0</BisWeighted>
      <QtyInPackage>1</QtyInPackage>
      <ItemPrice>9.90</ItemPrice>
      <UnitOfMeasurePrice>1.32</UnitOfMeasurePrice>
      <AllowDiscount>1</AllowDiscount>
      <itemStatus>1</itemStatus>
      <LastUpdateDate />
      <LastUpdateTime />
    </Product>
    <Product>
      <PriceUpdateDate>2014/01/19 10:40</PriceUpdateDate>
      <ItemCode>7290002731498</ItemCode>
      <ItemType>1</ItemType>
      <ItemName>מג יק מרק נודלס בטעם עוף</ItemName>
      <ManufactureName>נטו מלינדה סחר בעמ</ManufactureName>
      <ManufactureCountry />
      <ManufactureItemDescription />
      <UnitQty>י"ח</UnitQty>
      <Quantity>37</Quantity>
      <UnitMeasure>ל  גרם</UnitMeasure>
      <BisWeighted>0</BisWeighted>
      <QtyInPackage>1</QtyInPackage>
      <ItemPrice>5</ItemPrice>
      <UnitOfMeasurePrice>13.51</UnitOfMeasurePrice>
      <AllowDiscount>1</AllowDiscount>
      <itemStatus>1</itemStatus>
      <LastUpdateDate />
      <LastUpdateTime />
    </Product>
    <Product>
      <PriceUpdateDate>2018/08/02 07:36</PriceUpdateDate>
      <ItemCode>2750925</ItemCode>
      <ItemType>0</ItemType>
      <ItemName>חצי בגט כפרי</ItemName>
      <ManufactureName>ג נרל מילס ישראל בעמ ~~~</ManufactureName>
      <ManufactureCountry />
      <ManufactureItemDescription />
      <UnitQty>י"ח</UnitQty>
      <Quantity>1</Quantity>
      <UnitMeasure />
      <BisWeighted>0</BisWeighted>
      <QtyInPackage>1</QtyInPackage>
      <ItemPrice>3</ItemPrice>
      <UnitOfMeasurePrice>3</UnitOfMeasurePrice>
      <AllowDiscount>1</AllowDiscount>
      <itemStatus>1</itemStatus>
      <LastUpdateDate />
      <LastUpdateTime />
    </Product>
    <Product>
      <PriceUpdateDate>2018/10/19 07:30</PriceUpdateDate>
      <ItemCode>2757139</ItemCode>
      <ItemType>0</ItemType>
      <ItemName>מלוואח 700 גר`שלושת האופים</ItemName>
      <ManufactureName>נטו מלינדה סחר בעמ</ManufactureName>
      <ManufactureCountry />
      <ManufactureItemDescription />
      <UnitQty>י"ח</UnitQty>
      <Quantity>700</Quantity>
      <UnitMeasure>ל  גרם</UnitMeasure>
      <BisWeighted>0</BisWeighted>
      <QtyInPackage>1</QtyInPackage>
      <ItemPrice>13.80</ItemPrice>
      <UnitOfMeasurePrice>1.97</UnitOfMeasurePrice>
      <AllowDiscount>1</AllowDiscount>
      <itemStatus>1</itemStatus>
      <LastUpdateDate />
      <LastUpdateTime />
    </Product>
    <Product>
      <PriceUpdateDate>2016/03/07 14:34</PriceUpdateDate>
      <ItemCode>2757528</ItemCode>
      <ItemType>0</ItemType>
      <ItemName>בורקס פילו תפו"א -500ג`</ItemName>
      <ManufactureName>נטו מלינדה סחר בעמ</ManufactureName>
      <ManufactureCountry />
      <ManufactureItemDescription />
      <UnitQty>י"ח</UnitQty>
      <Quantity>500</Quantity>
      <UnitMeasure>ל  גרם</UnitMeasure>
      <BisWeighted>0</BisWeighted>
      <QtyInPackage>1</QtyInPackage>
      <ItemPrice>19.90</ItemPrice>
      <UnitOfMeasurePrice>3.98</UnitOfMeasurePrice>
      <AllowDiscount>1</AllowDiscount>
      <itemStatus>1</itemStatus>
      <LastUpdateDate />
      <LastUpdateTime />
    </Product>
    <Product>
      <PriceUpdateDate>2014/08/12 14:15</PriceUpdateDate>
      <ItemCode>2757535</ItemCode>
      <ItemType>0</ItemType>
      <ItemName>בורקס פילו-אצבעות גבינה 500גר`</ItemName>
      <ManufactureName>נטו מלינדה סחר בעמ</ManufactureName>
      <ManufactureCountry />
      <ManufactureItemDescription />
      <UnitQty>י"ח</UnitQty>
      <Quantity>500</Quantity>
      <UnitMeasure>ל  גרם</UnitMeasure>
      <BisWeighted>0</BisWeighted>
      <QtyInPackage>1</QtyInPackage>
      <ItemPrice>19.90</ItemPrice>
      <UnitOfMeasurePrice>3.98</UnitOfMeasurePrice>
      <AllowDiscount>1</AllowDiscount>
      <itemStatus>1</itemStatus>
      <LastUpdateDate />
      <LastUpdateTime />
    </Product>
    <Product>
      <PriceUpdateDate>2016/06/03 09:21</PriceUpdateDate>
      <ItemCode>2757733</ItemCode>
      <ItemType>0</ItemType>
      <ItemName>ג`חנון 650 ג`</ItemName>
      <ManufactureName>נטו מלינדה סחר בעמ</ManufactureName>
      <ManufactureCountry />
      <ManufactureItemDescription />
      <UnitQty>י"ח</UnitQty>
      <Quantity>650</Quantity>
      <UnitMeasure>ל  גרם</UnitMeasure>
      <BisWeighted>0</BisWeighted>
      <QtyInPackage>1</QtyInPackage>
      <ItemPrice>11.90</ItemPrice>
      <UnitOfMeasurePrice>1.83</UnitOfMeasurePrice>
      <AllowDiscount>1</AllowDiscount>
      <itemStatus>1</itemStatus>
      <LastUpdateDate />
      <LastUpdateTime />
    </Product>
    <Product>
      <PriceUpdateDate>2019/07/11 08:28</PriceUpdateDate>
      <ItemCode>2757740</ItemCode>
      <ItemType>0</ItemType>
      <ItemName>בורקס תפו"א 700 ג`</ItemName>
      <ManufactureName>נטו מלינדה סחר בעמ</ManufactureName>
      <ManufactureCountry />
      <ManufactureItemDescription />
      <UnitQty>י"ח</UnitQty>
      <Quantity>700</Quantity>
      <UnitMeasure>ל  גרם</UnitMeasure>
      <BisWeighted>0</BisWeighted>
      <QtyInPackage>1</QtyInPackage>
      <ItemPrice>11.90</ItemPrice>
      <UnitOfMeasurePrice>1.70</UnitOfMeasurePrice>
      <AllowDiscount>1</AllowDiscount>
      <itemStatus>1</itemStatus>
      <LastUpdateDate />
      <LastUpdateTime />
    </Product>
    <Product>
      <PriceUpdateDate>2016/06/03 09:21</PriceUpdateDate>
      <ItemCode>2757757</ItemCode>
      <ItemType>0</ItemType>
      <ItemName>מלאווח 700גר`</ItemName>
      <ManufactureName>נטו מלינדה סחר בעמ</ManufactureName>
      <ManufactureCountry />
      <ManufactureItemDescription />
      <UnitQty>י"ח</UnitQty>
      <Quantity>700</Quantity>
      <UnitMeasure>ל  גרם</UnitMeasure>
      <BisWeighted>0</BisWeighted>
      <QtyInPackage>1</QtyInPackage>
      <ItemPrice>11.90</ItemPrice>
      <UnitOfMeasurePrice>1.70</UnitOfMeasurePrice>
      <AllowDiscount>1</AllowDiscount>
      <itemStatus>1</itemStatus>
      <LastUpdateDate />
      <LastUpdateTime />
    </Product>
    <Product>
      <PriceUpdateDate>2018/12/30 09:44</PriceUpdateDate>
      <ItemCode>2775010</ItemCode>
      <ItemType>0</ItemType>
      <ItemName>מיני בורקס פילו גבינה 650גר`</ItemName>
      <ManufactureName>נטו מלינדה סחר בעמ</ManufactureName>
      <ManufactureCountry />
      <ManufactureItemDescription />
      <UnitQty>י"ח</UnitQty>
      <Quantity>650</Quantity>
      <UnitMeasure>ל  גרם</UnitMeasure>
      <BisWeighted>0</BisWeighted>
      <QtyInPackage>1</QtyInPackage>
      <ItemPrice>19.90</ItemPrice>
      <UnitOfMeasurePrice>3.06</UnitOfMeasurePrice>
      <AllowDiscount>1</AllowDiscount>
      <itemStatus>1</itemStatus>
      <LastUpdateDate />
      <LastUpdateTime />
    </Product>
    <Product>
      <PriceUpdateDate>2016/03/07 14:34</PriceUpdateDate>
      <ItemCode>2775041</ItemCode>
      <ItemType>0</ItemType>
      <ItemName>בורקס פילו תרד 650גר`</ItemName>
      <ManufactureName>נטו מלינדה סחר בעמ</ManufactureName>
      <ManufactureCountry />
      <ManufactureItemDescription />
      <UnitQty>י"ח</UnitQty>
      <Quantity>650</Quantity>
      <UnitMeasure>ל  גרם</UnitMeasure>
      <BisWeighted>0</BisWeighted>
      <QtyInPackage>1</QtyInPackage>
      <ItemPrice>19.90</ItemPrice>
      <UnitOfMeasurePrice>3.06</UnitOfMeasurePrice>
      <AllowDiscount>1</AllowDiscount>
      <itemStatus>1</itemStatus>
      <LastUpdateDate />
      <LastUpdateTime />
    </Product>
    <Product>
      <PriceUpdateDate>2015/06/09 09:32</PriceUpdateDate>
      <ItemCode>2775058</ItemCode>
      <ItemType>0</ItemType>
      <ItemName>עלי טורטייה 300ג</ItemName>
      <ManufactureName>נטו מלינדה סחר בעמ</ManufactureName>
      <ManufactureCountry />
      <ManufactureItemDescription />
      <UnitQty>י"ח</UnitQty>
      <Quantity>1</Quantity>
      <UnitMeasure />
      <BisWeighted>0</BisWeighted>
      <QtyInPackage>1</QtyInPackage>
      <ItemPrice>16.90</ItemPrice>
      <UnitOfMeasurePrice>16.90</UnitOfMeasurePrice>
      <AllowDiscount>1</AllowDiscount>
      <itemStatus>1</itemStatus>
      <LastUpdateDate />
      <LastUpdateTime />
    </Product>
    <Product>
      <PriceUpdateDate>2018/03/28 09:54</PriceUpdateDate>
      <ItemCode>2775270</ItemCode>
      <ItemType>0</ItemType>
      <ItemName>פילה אמנון דלידג גדלים שונים</ItemName>
      <ManufactureName>נטו מלינדה סחר בעמ</ManufactureName>
      <ManufactureCountry />
      <ManufactureItemDescription />
      <UnitQty>ק"ג</UnitQty>
      <Quantity>1</Quantity>
      <UnitMeasure>ק"ג</UnitMeasure>
      <BisWeighted>1</BisWeighted>
      <QtyInPackage>1</QtyInPackage>
      <ItemPrice>32.90</ItemPrice>
      <UnitOfMeasurePrice>32.90</UnitOfMeasurePrice>
      <AllowDiscount>1</AllowDiscount>
      <itemStatus>1</itemStatus>
      <LastUpdateDate />
      <LastUpdateTime />
    </Product>
    <Product>
      <PriceUpdateDate>2013/11/03 15:59</PriceUpdateDate>
      <ItemCode>7290002782735</ItemCode>
      <ItemType>1</ItemType>
      <ItemName>דאודורנט לגבר פנינה</ItemName>
      <ManufactureName>פנינה רוזנבלום בעמ</ManufactureName>
      <ManufactureCountry />
      <ManufactureItemDescription />
      <UnitQty>י"ח</UnitQty>
      <Quantity>180</Quantity>
      <UnitMeasure>ל  מ"ל</UnitMeasure>
      <BisWeighted>0</BisWeighted>
      <QtyInPackage>1</QtyInPackage>
      <ItemPrice>16.90</ItemPrice>
      <UnitOfMeasurePrice>9.39</UnitOfMeasurePrice>
      <AllowDiscount>1</AllowDiscount>
      <itemStatus>1</itemStatus>
      <LastUpdateDate />
      <LastUpdateTime />
    </Product>
    <Product>
      <PriceUpdateDate>2013/11/03 15:59</PriceUpdateDate>
      <ItemCode>7290002782742</ItemCode>
      <ItemType>1</ItemType>
      <ItemName>דאודורנט פנינה חדש 2</ItemName>
      <ManufactureName>פנינה רוזנבלום בעמ</ManufactureName>
      <ManufactureCountry />
      <ManufactureItemDescription />
      <UnitQty>י"ח</UnitQty>
      <Quantity>150</Quantity>
      <UnitMeasure>ל  מ"ל</UnitMeasure>
      <BisWeighted>0</BisWeighted>
      <QtyInPackage>1</QtyInPackage>
      <ItemPrice>16.90</ItemPrice>
      <UnitOfMeasurePrice>11.27</UnitOfMeasurePrice>
      <AllowDiscount>1</AllowDiscount>
      <itemStatus>1</itemStatus>
      <LastUpdateDate />
      <LastUpdateTime />
    </Product>
    <Product>
      <PriceUpdateDate>2019/02/07 09:14</PriceUpdateDate>
      <ItemCode>2787822</ItemCode>
      <ItemType>0</ItemType>
      <ItemName>גאודה עלמה 400ג</ItemName>
      <ManufactureName>נטו מלינדה סחר בעמ</ManufactureName>
      <ManufactureCountry />
      <ManufactureItemDescription />
      <UnitQty>י"ח</UnitQty>
      <Quantity>400</Quantity>
      <UnitMeasure>ל  גרם</UnitMeasure>
      <BisWeighted>0</BisWeighted>
      <QtyInPackage>1</QtyInPackage>
      <ItemPrice>15.20</ItemPrice>
      <UnitOfMeasurePrice>3.80</UnitOfMeasurePrice>
      <AllowDiscount>1</AllowDiscount>
      <itemStatus>1</itemStatus>
      <LastUpdateDate />
      <LastUpdateTime />
    </Product>
    <Product>
      <PriceUpdateDate>2018/12/30 09:44</PriceUpdateDate>
      <ItemCode>2787884</ItemCode>
      <ItemType>0</ItemType>
      <ItemName>מקלות  בורקס פילו תפו"א 650גר`</ItemName>
      <ManufactureName>נטו מלינדה סחר בעמ</ManufactureName>
      <ManufactureCountry />
      <ManufactureItemDescription />
      <UnitQty>י"ח</UnitQty>
      <Quantity>650</Quantity>
      <UnitMeasure>ל  גרם</UnitMeasure>
      <BisWeighted>0</BisWeighted>
      <QtyInPackage>1</QtyInPackage>
      <ItemPrice>19.90</ItemPrice>
      <UnitOfMeasurePrice>3.06</UnitOfMeasurePrice>
      <AllowDiscount>1</AllowDiscount>
      <itemStatus>1</itemStatus>
      <LastUpdateDate />
      <LastUpdateTime />
    </Product>
    <Product>
      <PriceUpdateDate>2018/12/30 09:44</PriceUpdateDate>
      <ItemCode>2787891</ItemCode>
      <ItemType>0</ItemType>
      <ItemName>מקלות בורקס פילו תרד 650גר`</ItemName>
      <ManufactureName>נטו מלינדה סחר בעמ</ManufactureName>
      <ManufactureCountry />
      <ManufactureItemDescription />
      <UnitQty>י"ח</UnitQty>
      <Quantity>650</Quantity>
      <UnitMeasure>ל  גרם</UnitMeasure>
      <BisWeighted>0</BisWeighted>
      <QtyInPackage>1</QtyInPackage>
      <ItemPrice>19.90</ItemPrice>
      <UnitOfMeasurePrice>3.06</UnitOfMeasurePrice>
      <AllowDiscount>1</AllowDiscount>
      <itemStatus>1</itemStatus>
      <LastUpdateDate />
      <LastUpdateTime />
    </Product>
    <Product>
      <PriceUpdateDate>2016/10/23 08:10</PriceUpdateDate>
      <ItemCode>2830616</ItemCode>
      <ItemType>0</ItemType>
      <ItemName>פילה אמנון גדלים שונים</ItemName>
      <ManufactureName>נטו מלינדה סחר בעמ</ManufactureName>
      <ManufactureCountry />
      <ManufactureItemDescription />
      <UnitQty>ק"ג</UnitQty>
      <Quantity>1</Quantity>
      <UnitMeasure>ק"ג</UnitMeasure>
      <BisWeighted>1</BisWeighted>
      <QtyInPackage>1</QtyInPackage>
      <ItemPrice>32.90</ItemPrice>
      <UnitOfMeasurePrice>32.90</UnitOfMeasurePrice>
      <AllowDiscount>1</AllowDiscount>
      <itemStatus>1</itemStatus>
      <LastUpdateDate />
      <LastUpdateTime />
    </Product>
    <Product>
      <PriceUpdateDate>2018/10/07 13:25</PriceUpdateDate>
      <ItemCode>2830948</ItemCode>
      <ItemType>0</ItemType>
      <ItemName>גבינת מון בלאן עיזים 120גר`</ItemName>
      <ManufactureName>נטו מלינדה סחר בעמ</ManufactureName>
      <ManufactureCountry />
      <ManufactureItemDescription />
      <UnitQty>י"ח</UnitQty>
      <Quantity>120</Quantity>
      <UnitMeasure>ל  גרם</UnitMeasure>
      <BisWeighted>0</BisWeighted>
      <QtyInPackage>1</QtyInPackage>
      <ItemPrice>10.90</ItemPrice>
      <UnitOfMeasurePrice>9.08</UnitOfMeasurePrice>
      <AllowDiscount>1</AllowDiscount>
      <itemStatus>1</itemStatus>
      <LastUpdateDate />
      <LastUpdateTime />
    </Product>
    <Product>
      <PriceUpdateDate>2017/11/30 14:38</PriceUpdateDate>
      <ItemCode>2867661</ItemCode>
      <ItemType>0</ItemType>
      <ItemName>כבד עוף קפוא</ItemName>
      <ManufactureName>טרי וחלק 2 בעמ</ManufactureName>
      <ManufactureCountry />
      <ManufactureItemDescription />
      <UnitQty>ק"ג</UnitQty>
      <Quantity>1</Quantity>
      <UnitMeasure>ק"ג</UnitMeasure>
      <BisWeighted>1</BisWeighted>
      <QtyInPackage>1</QtyInPackage>
      <ItemPrice>12.90</ItemPrice>
      <UnitOfMeasurePrice>12.90</UnitOfMeasurePrice>
      <AllowDiscount>1</AllowDiscount>
      <itemStatus>1</itemStatus>
      <LastUpdateDate />
      <LastUpdateTime />
    </Product>
    <Product>
      <PriceUpdateDate>2014/01/29 10:36</PriceUpdateDate>
      <ItemCode>7290002871446</ItemCode>
      <ItemType>1</ItemType>
      <ItemName>פריגת ענבים 1.5 ליטר</ItemName>
      <ManufactureName>חברה המרכזית להפצת משקאות בעמ</ManufactureName>
      <ManufactureCountry />
      <ManufactureItemDescription />
      <UnitQty>י"ח</UnitQty>
      <Quantity>1.50</Quantity>
      <UnitMeasure>ליטר</UnitMeasure>
      <BisWeighted>0</BisWeighted>
      <QtyInPackage>1</QtyInPackage>
      <ItemPrice>6.90</ItemPrice>
      <UnitOfMeasurePrice>4.60</UnitOfMeasurePrice>
      <AllowDiscount>1</AllowDiscount>
      <itemStatus>1</itemStatus>
      <LastUpdateDate />
      <LastUpdateTime />
    </Product>
    <Product>
      <PriceUpdateDate>2014/01/29 10:36</PriceUpdateDate>
      <ItemCode>7290002871460</ItemCode>
      <ItemType>1</ItemType>
      <ItemName>פריגת תפוזים 1.5 ליטר</ItemName>
      <ManufactureName>חברה המרכזית להפצת משקאות בעמ</ManufactureName>
      <ManufactureCountry />
      <ManufactureItemDescription />
      <UnitQty>י"ח</UnitQty>
      <Quantity>1.50</Quantity>
      <UnitMeasure>ליטר</UnitMeasure>
      <BisWeighted>0</BisWeighted>
      <QtyInPackage>1</QtyInPackage>
      <ItemPrice>6.90</ItemPrice>
      <UnitOfMeasurePrice>4.60</UnitOfMeasurePrice>
      <AllowDiscount>1</AllowDiscount>
      <itemStatus>1</itemStatus>
      <LastUpdateDate />
      <LastUpdateTime />
    </Product>
    <Product>
      <PriceUpdateDate>2014/01/29 10:36</PriceUpdateDate>
      <ItemCode>7290002871477</ItemCode>
      <ItemType>1</ItemType>
      <ItemName>פריגת 1.5 ליטר אשכוליות פחות סוכר</ItemName>
      <ManufactureName>חברה המרכזית להפצת משקאות בעמ</ManufactureName>
      <ManufactureCountry />
      <ManufactureItemDescription />
      <UnitQty>י"ח</UnitQty>
      <Quantity>1.50</Quantity>
      <UnitMeasure>ליטר</UnitMeasure>
      <BisWeighted>0</BisWeighted>
      <QtyInPackage>1</QtyInPackage>
      <ItemPrice>6.90</ItemPrice>
      <UnitOfMeasurePrice>4.60</UnitOfMeasurePrice>
      <AllowDiscount>1</AllowDiscount>
      <itemStatus>1</itemStatus>
      <LastUpdateDate />
      <LastUpdateTime />
    </Product>
    <Product>
      <PriceUpdateDate>2014/01/29 10:36</PriceUpdateDate>
      <ItemCode>7290002871484</ItemCode>
      <ItemType>1</ItemType>
      <ItemName>פריגת דיאט 1.5 ל</ItemName>
      <ManufactureName>חברה המרכזית להפצת משקאות בעמ</ManufactureName>
      <ManufactureCountry />
      <ManufactureItemDescription />
      <UnitQty>י"ח</UnitQty>
      <Quantity>1.50</Quantity>
      <UnitMeasure>ליטר</UnitMeasure>
      <BisWeighted>0</BisWeighted>
      <QtyInPackage>1</QtyInPackage>
      <ItemPrice>6.90</ItemPrice>
      <UnitOfMeasurePrice>4.60</UnitOfMeasurePrice>
      <AllowDiscount>1</AllowDiscount>
      <itemStatus>1</itemStatus>
      <LastUpdateDate />
      <LastUpdateTime />
    </Product>
    <Product>
      <PriceUpdateDate>2014/01/29 10:36</PriceUpdateDate>
      <ItemCode>7290002871491</ItemCode>
      <ItemType>1</ItemType>
      <ItemName>פריגת דיאט אשכוליות 1.5</ItemName>
      <ManufactureName>חברה המרכזית להפצת משקאות בעמ</ManufactureName>
      <ManufactureCountry />
      <ManufactureItemDescription />
      <UnitQty>י"ח</UnitQty>
      <Quantity>1.50</Quantity>
      <UnitMeasure>ליטר</UnitMeasure>
      <BisWeighted>0</BisWeighted>
      <QtyInPackage>1</QtyInPackage>
      <ItemPrice>6.90</ItemPrice>
      <UnitOfMeasurePrice>4.60</UnitOfMeasurePrice>
      <AllowDiscount>1</AllowDiscount>
      <itemStatus>1</itemStatus>
      <LastUpdateDate />
      <LastUpdateTime />
    </Product>
    <Product>
      <PriceUpdateDate>2020/04/27 08:06</PriceUpdateDate>
      <ItemCode>2909743</ItemCode>
      <ItemType>0</ItemType>
      <ItemName>פילה אמנון גדלים שונים בלדי</ItemName>
      <ManufactureName>בלדי בעמ</ManufactureName>
      <ManufactureCountry />
      <ManufactureItemDescription />
      <UnitQty>ק"ג</UnitQty>
      <Quantity>1</Quantity>
      <UnitMeasure>ק"ג</UnitMeasure>
      <BisWeighted>1</BisWeighted>
      <QtyInPackage>1</QtyInPackage>
      <ItemPrice>32.90</ItemPrice>
      <UnitOfMeasurePrice>32.90</UnitOfMeasurePrice>
      <AllowDiscount>1</AllowDiscount>
      <itemStatus>1</itemStatus>
      <LastUpdateDate />
      <LastUpdateTime />
    </Product>
    <Product>
      <PriceUpdateDate>2020/04/27 08:06</PriceUpdateDate>
      <ItemCode>2909781</ItemCode>
      <ItemType>0</ItemType>
      <ItemName>פילה אמנון בלדי גדלים שונים</ItemName>
      <ManufactureName>בלדי בעמ</ManufactureName>
      <ManufactureCountry />
      <ManufactureItemDescription />
      <UnitQty>ק"ג</UnitQty>
      <Quantity>1</Quantity>
      <UnitMeasure>ק"ג</UnitMeasure>
      <BisWeighted>1</BisWeighted>
      <QtyInPackage>1</QtyInPackage>
      <ItemPrice>32.90</ItemPrice>
      <UnitOfMeasurePrice>32.90</UnitOfMeasurePrice>
      <AllowDiscount>1</AllowDiscount>
      <itemStatus>1</itemStatus>
      <LastUpdateDate />
      <LastUpdateTime />
    </Product>
    <Product>
      <PriceUpdateDate>2018/02/04 09:40</PriceUpdateDate>
      <ItemCode>2929505</ItemCode>
      <ItemType>0</ItemType>
      <ItemName>פילה אמנון גדלים שונים נטו דלידג</ItemName>
      <ManufactureName>נטו מלינדה סחר בעמ</ManufactureName>
      <ManufactureCountry />
      <ManufactureItemDescription />
      <UnitQty>ק"ג</UnitQty>
      <Quantity>1</Quantity>
      <UnitMeasure>ק"ג</UnitMeasure>
      <BisWeighted>1</BisWeighted>
      <QtyInPackage>1</QtyInPackage>
      <ItemPrice>32.90</ItemPrice>
      <UnitOfMeasurePrice>32.90</UnitOfMeasurePrice>
      <AllowDiscount>1</AllowDiscount>
      <itemStatus>1</itemStatus>
      <LastUpdateDate />
      <LastUpdateTime />
    </Product>
    <Product>
      <PriceUpdateDate>2015/05/08 08:37</PriceUpdateDate>
      <ItemCode>7290002939788</ItemCode>
      <ItemType>1</ItemType>
      <ItemName>שווארמה אמיתית  500גרם</ItemName>
      <ManufactureName>נטו מלינדה סחר בעמ</ManufactureName>
      <ManufactureCountry />
      <ManufactureItemDescription />
      <UnitQty>י"ח</UnitQty>
      <Quantity>500</Quantity>
      <UnitMeasure>ל  גרם</UnitMeasure>
      <BisWeighted>0</BisWeighted>
      <QtyInPackage>1</QtyInPackage>
      <ItemPrice>29.90</ItemPrice>
      <UnitOfMeasurePrice>5.98</UnitOfMeasurePrice>
      <AllowDiscount>1</AllowDiscount>
      <itemStatus>1</itemStatus>
      <LastUpdateDate />
      <LastUpdateTime />
    </Product>
    <Product>
      <PriceUpdateDate>2016/10/23 08:10</PriceUpdateDate>
      <ItemCode>7290012982873</ItemCode>
      <ItemType>1</ItemType>
      <ItemName>פילה אמנון בוואקום</ItemName>
      <ManufactureName>בלדי בעמ</ManufactureName>
      <ManufactureCountry />
      <ManufactureItemDescription />
      <UnitQty>ק"ג</UnitQty>
      <Quantity>1</Quantity>
      <UnitMeasure />
      <BisWeighted>1</BisWeighted>
      <QtyInPackage>1</QtyInPackage>
      <ItemPrice>32.90</ItemPrice>
      <UnitOfMeasurePrice>32.90</UnitOfMeasurePrice>
      <AllowDiscount>1</AllowDiscount>
      <itemStatus>1</itemStatus>
      <LastUpdateDate />
      <LastUpdateTime />
    </Product>
    <Product>
      <PriceUpdateDate>2013/12/24 14:35</PriceUpdateDate>
      <ItemCode>5010182997680</ItemCode>
      <ItemType>1</ItemType>
      <ItemName>ארוסול-קוטל   זוחלים</ItemName>
      <ManufactureName>דנשר (1963) בעמ</ManufactureName>
      <ManufactureCountry />
      <ManufactureItemDescription />
      <UnitQty>י"ח</UnitQty>
      <Quantity>400</Quantity>
      <UnitMeasure>ל  מ"ל</UnitMeasure>
      <BisWeighted>0</BisWeighted>
      <QtyInPackage>1</QtyInPackage>
      <ItemPrice>20.40</ItemPrice>
      <UnitOfMeasurePrice>5.10</UnitOfMeasurePrice>
      <AllowDiscount>1</AllowDiscount>
      <itemStatus>1</itemStatus>
      <LastUpdateDate />
      <LastUpdateTime />
    </Product>
    <Product>
      <PriceUpdateDate>2019/03/07 08:31</PriceUpdateDate>
      <ItemCode>3006828</ItemCode>
      <ItemType>0</ItemType>
      <ItemName>גבינה לונג ציס  מעדניה</ItemName>
      <ManufactureName>ג.וילי פוד אינטרנשיונל בעמ</ManufactureName>
      <ManufactureCountry />
      <ManufactureItemDescription />
      <UnitQty>ק"ג</UnitQty>
      <Quantity>1</Quantity>
      <UnitMeasure>ק"ג</UnitMeasure>
      <BisWeighted>1</BisWeighted>
      <QtyInPackage>1</QtyInPackage>
      <ItemPrice>85.90</ItemPrice>
      <UnitOfMeasurePrice>85.90</UnitOfMeasurePrice>
      <AllowDiscount>0</AllowDiscount>
      <itemStatus>1</itemStatus>
      <LastUpdateDate />
      <LastUpdateTime />
    </Product>
    <Product>
      <PriceUpdateDate>2013/12/25 13:47</PriceUpdateDate>
      <ItemCode>7290003009572</ItemCode>
      <ItemType>1</ItemType>
      <ItemName>סירופ תפוזים 1.5 ליטר</ItemName>
      <ManufactureName>חברה המרכזית להפצת משקאות בעמ</ManufactureName>
      <ManufactureCountry />
      <ManufactureItemDescription />
      <UnitQty>י"ח</UnitQty>
      <Quantity>1.50</Quantity>
      <UnitMeasure>ליטר</UnitMeasure>
      <BisWeighted>0</BisWeighted>
      <QtyInPackage>1</QtyInPackage>
      <ItemPrice>22</ItemPrice>
      <UnitOfMeasurePrice>14.67</UnitOfMeasurePrice>
      <AllowDiscount>1</AllowDiscount>
      <itemStatus>1</itemStatus>
      <LastUpdateDate />
      <LastUpdateTime />
    </Product>
    <Product>
      <PriceUpdateDate>2013/12/25 13:47</PriceUpdateDate>
      <ItemCode>7290003009619</ItemCode>
      <ItemType>1</ItemType>
      <ItemName>סירופ ענבים 1.5 ליטר</ItemName>
      <ManufactureName>חברה המרכזית להפצת משקאות בעמ</ManufactureName>
      <ManufactureCountry />
      <ManufactureItemDescription />
      <UnitQty>י"ח</UnitQty>
      <Quantity>1.50</Quantity>
      <UnitMeasure>ליטר</UnitMeasure>
      <BisWeighted>0</BisWeighted>
      <QtyInPackage>1</QtyInPackage>
      <ItemPrice>22</ItemPrice>
      <UnitOfMeasurePrice>14.67</UnitOfMeasurePrice>
      <AllowDiscount>1</AllowDiscount>
      <itemStatus>1</itemStatus>
      <LastUpdateDate />
      <LastUpdateTime />
    </Product>
    <Product>
      <PriceUpdateDate>2013/12/25 13:47</PriceUpdateDate>
      <ItemCode>7290003009626</ItemCode>
      <ItemType>1</ItemType>
      <ItemName>סירופ פטל 1.5 ליטר</ItemName>
      <ManufactureName>חברה המרכזית להפצת משקאות בעמ</ManufactureName>
      <ManufactureCountry />
      <ManufactureItemDescription />
      <UnitQty>י"ח</UnitQty>
      <Quantity>1.50</Quantity>
      <UnitMeasure>ליטר</UnitMeasure>
      <BisWeighted>0</BisWeighted>
      <QtyInPackage>1</QtyInPackage>
      <ItemPrice>22</ItemPrice>
      <UnitOfMeasurePrice>14.67</UnitOfMeasurePrice>
      <AllowDiscount>1</AllowDiscount>
      <itemStatus>1</itemStatus>
      <LastUpdateDate />
      <LastUpdateTime />
    </Product>
    <Product>
      <PriceUpdateDate>2013/12/25 13:47</PriceUpdateDate>
      <ItemCode>7290003009633</ItemCode>
      <ItemType>1</ItemType>
      <ItemName>סירופ לימונים 1.5 ליטר</ItemName>
      <ManufactureName>חברה המרכזית להפצת משקאות בעמ</ManufactureName>
      <ManufactureCountry />
      <ManufactureItemDescription />
      <UnitQty>י"ח</UnitQty>
      <Quantity>1.50</Quantity>
      <UnitMeasure>ליטר</UnitMeasure>
      <BisWeighted>0</BisWeighted>
      <QtyInPackage>1</QtyInPackage>
      <ItemPrice>22</ItemPrice>
      <UnitOfMeasurePrice>14.67</UnitOfMeasurePrice>
      <AllowDiscount>1</AllowDiscount>
      <itemStatus>1</itemStatus>
      <LastUpdateDate />
      <LastUpdateTime />
    </Product>
    <Product>
      <PriceUpdateDate>2017/10/31 08:39</PriceUpdateDate>
      <ItemCode>7290003026036</ItemCode>
      <ItemType>1</ItemType>
      <ItemName>קמיל בלו אל סבון  סנסטיב ליטר</ItemName>
      <ManufactureName>פישר תעשיות פרמבצטיות בעמ</ManufactureName>
      <ManufactureCountry />
      <ManufactureItemDescription />
      <UnitQty>י"ח</UnitQty>
      <Quantity>1</Quantity>
      <UnitMeasure>ליטר</UnitMeasure>
      <BisWeighted>0</BisWeighted>
      <QtyInPackage>1</QtyInPackage>
      <ItemPrice>29.90</ItemPrice>
      <UnitOfMeasurePrice>29.90</UnitOfMeasurePrice>
      <AllowDiscount>1</AllowDiscount>
      <itemStatus>1</itemStatus>
      <LastUpdateDate />
      <LastUpdateTime />
    </Product>
    <Product>
      <PriceUpdateDate>2017/10/31 08:39</PriceUpdateDate>
      <ItemCode>7290003026227</ItemCode>
      <ItemType>1</ItemType>
      <ItemName>שמפו ללא דמעות פישר</ItemName>
      <ManufactureName>פישר תעשיות פרמבצטיות בעמ</ManufactureName>
      <ManufactureCountry />
      <ManufactureItemDescription />
      <UnitQty>י"ח</UnitQty>
      <Quantity>1</Quantity>
      <UnitMeasure>ליטר</UnitMeasure>
      <BisWeighted>0</BisWeighted>
      <QtyInPackage>1</QtyInPackage>
      <ItemPrice>29.90</ItemPrice>
      <UnitOfMeasurePrice>29.90</UnitOfMeasurePrice>
      <AllowDiscount>1</AllowDiscount>
      <itemStatus>1</itemStatus>
      <LastUpdateDate />
      <LastUpdateTime />
    </Product>
    <Product>
      <PriceUpdateDate>2016/06/09 14:11</PriceUpdateDate>
      <ItemCode>7290003026319</ItemCode>
      <ItemType>1</ItemType>
      <ItemName>קמיל פלוס משחה ל</ItemName>
      <ManufactureName>פישר תעשיות פרמבצטיות בעמ</ManufactureName>
      <ManufactureCountry />
      <ManufactureItemDescription />
      <UnitQty>י"ח</UnitQty>
      <Quantity>100</Quantity>
      <UnitMeasure>ל  גרם</UnitMeasure>
      <BisWeighted>0</BisWeighted>
      <QtyInPackage>1</QtyInPackage>
      <ItemPrice>18.90</ItemPrice>
      <UnitOfMeasurePrice>18.90</UnitOfMeasurePrice>
      <AllowDiscount>1</AllowDiscount>
      <itemStatus>1</itemStatus>
      <LastUpdateDate />
      <LastUpdateTime />
    </Product>
    <Product>
      <PriceUpdateDate>2018/12/31 14:23</PriceUpdateDate>
      <ItemCode>3060283</ItemCode>
      <ItemType>0</ItemType>
      <ItemName>קמח תופח מעושר בחנקן 1ק"ג</ItemName>
      <ManufactureName>טחנות ישראליות בעמ</ManufactureName>
      <ManufactureCountry />
      <ManufactureItemDescription />
      <UnitQty>י"ח</UnitQty>
      <Quantity>1</Quantity>
      <UnitMeasure>ק"ג</UnitMeasure>
      <BisWeighted>0</BisWeighted>
      <QtyInPackage>1</QtyInPackage>
      <ItemPrice>6.90</ItemPrice>
      <UnitOfMeasurePrice>6.90</UnitOfMeasurePrice>
      <AllowDiscount>1</AllowDiscount>
      <itemStatus>1</itemStatus>
      <LastUpdateDate />
      <LastUpdateTime />
    </Product>
    <Product>
      <PriceUpdateDate>2017/08/24 08:29</PriceUpdateDate>
      <ItemCode>3060290</ItemCode>
      <ItemType>0</ItemType>
      <ItemName>קמח מלא מעושר בחנקן 1ק"ג</ItemName>
      <ManufactureName>טחנות ישראליות בעמ</ManufactureName>
      <ManufactureCountry />
      <ManufactureItemDescription />
      <UnitQty>י"ח</UnitQty>
      <Quantity>1</Quantity>
      <UnitMeasure>ק"ג</UnitMeasure>
      <BisWeighted>0</BisWeighted>
      <QtyInPackage>1</QtyInPackage>
      <ItemPrice>6.50</ItemPrice>
      <UnitOfMeasurePrice>6.50</UnitOfMeasurePrice>
      <AllowDiscount>1</AllowDiscount>
      <itemStatus>1</itemStatus>
      <LastUpdateDate />
      <LastUpdateTime />
    </Product>
    <Product>
      <PriceUpdateDate>2017/08/24 08:29</PriceUpdateDate>
      <ItemCode>3060306</ItemCode>
      <ItemType>0</ItemType>
      <ItemName>קמח שיפון מעושר בחנקן 1ק"ג</ItemName>
      <ManufactureName>טחנות ישראליות בעמ</ManufactureName>
      <ManufactureCountry />
      <ManufactureItemDescription />
      <UnitQty>י"ח</UnitQty>
      <Quantity>1</Quantity>
      <UnitMeasure>ק"ג</UnitMeasure>
      <BisWeighted>0</BisWeighted>
      <QtyInPackage>1</QtyInPackage>
      <ItemPrice>6.50</ItemPrice>
      <UnitOfMeasurePrice>6.50</UnitOfMeasurePrice>
      <AllowDiscount>1</AllowDiscount>
      <itemStatus>1</itemStatus>
      <LastUpdateDate />
      <LastUpdateTime />
    </Product>
    <Product>
      <PriceUpdateDate>2018/12/31 14:23</PriceUpdateDate>
      <ItemCode>3060320</ItemCode>
      <ItemType>0</ItemType>
      <ItemName>קמח ללחם וחלות מעושר בחנקן 1ק"ג</ItemName>
      <ManufactureName>טחנות ישראליות בעמ</ManufactureName>
      <ManufactureCountry />
      <ManufactureItemDescription />
      <UnitQty>י"ח</UnitQty>
      <Quantity>1</Quantity>
      <UnitMeasure>ק"ג</UnitMeasure>
      <BisWeighted>0</BisWeighted>
      <QtyInPackage>1</QtyInPackage>
      <ItemPrice>6.90</ItemPrice>
      <UnitOfMeasurePrice>6.90</UnitOfMeasurePrice>
      <AllowDiscount>1</AllowDiscount>
      <itemStatus>1</itemStatus>
      <LastUpdateDate />
      <LastUpdateTime />
    </Product>
    <Product>
      <PriceUpdateDate>2018/12/31 14:23</PriceUpdateDate>
      <ItemCode>3060344</ItemCode>
      <ItemType>0</ItemType>
      <ItemName>קמח לפיצה בשקיות מנופה 1ק"ג</ItemName>
      <ManufactureName>טחנות ישראליות בעמ</ManufactureName>
      <ManufactureCountry />
      <ManufactureItemDescription />
      <UnitQty>י"ח</UnitQty>
      <Quantity>1</Quantity>
      <UnitMeasure>ק"ג</UnitMeasure>
      <BisWeighted>0</BisWeighted>
      <QtyInPackage>1</QtyInPackage>
      <ItemPrice>6.90</ItemPrice>
      <UnitOfMeasurePrice>6.90</UnitOfMeasurePrice>
      <AllowDiscount>1</AllowDiscount>
      <itemStatus>1</itemStatus>
      <LastUpdateDate />
      <LastUpdateTime />
    </Product>
    <Product>
      <PriceUpdateDate>2018/01/19 07:31</PriceUpdateDate>
      <ItemCode>3060351</ItemCode>
      <ItemType>0</ItemType>
      <ItemName>קמח מלא 80% מנופה1ק"ג</ItemName>
      <ManufactureName>טחנות ישראליות בעמ</ManufactureName>
      <ManufactureCountry />
      <ManufactureItemDescription />
      <UnitQty>י"ח</UnitQty>
      <Quantity>1</Quantity>
      <UnitMeasure>ק"ג</UnitMeasure>
      <BisWeighted>0</BisWeighted>
      <QtyInPackage>1</QtyInPackage>
      <ItemPrice>6.50</ItemPrice>
      <UnitOfMeasurePrice>6.50</UnitOfMeasurePrice>
      <AllowDiscount>1</AllowDiscount>
      <itemStatus>1</itemStatus>
      <LastUpdateDate />
      <LastUpdateTime />
    </Product>
    <Product>
      <PriceUpdateDate>2016/05/01 12:33</PriceUpdateDate>
      <ItemCode>3069682</ItemCode>
      <ItemType>0</ItemType>
      <ItemName>בצק פילאס 500ג</ItemName>
      <ManufactureName>נטו מלינדה סחר בעמ</ManufactureName>
      <ManufactureCountry />
      <ManufactureItemDescription />
      <UnitQty>י"ח</UnitQty>
      <Quantity>500</Quantity>
      <UnitMeasure>ל  גרם</UnitMeasure>
      <BisWeighted>0</BisWeighted>
      <QtyInPackage>1</QtyInPackage>
      <ItemPrice>21.90</ItemPrice>
      <UnitOfMeasurePrice>4.38</UnitOfMeasurePrice>
      <AllowDiscount>1</AllowDiscount>
      <itemStatus>1</itemStatus>
      <LastUpdateDate />
      <LastUpdateTime />
    </Product>
    <Product>
      <PriceUpdateDate>2016/10/23 08:10</PriceUpdateDate>
      <ItemCode>7290013089809</ItemCode>
      <ItemType>1</ItemType>
      <ItemName>דג פילה אמנון</ItemName>
      <ManufactureName>נטו מלינדה סחר בעמ</ManufactureName>
      <ManufactureCountry />
      <ManufactureItemDescription />
      <UnitQty>ק"ג</UnitQty>
      <Quantity>1</Quantity>
      <UnitMeasure>ק"ג</UnitMeasure>
      <BisWeighted>1</BisWeighted>
      <QtyInPackage>1</QtyInPackage>
      <ItemPrice>32.90</ItemPrice>
      <UnitOfMeasurePrice>32.90</UnitOfMeasurePrice>
      <AllowDiscount>1</AllowDiscount>
      <itemStatus>1</itemStatus>
      <LastUpdateDate />
      <LastUpdateTime />
    </Product>
    <Product>
      <PriceUpdateDate>2014/01/19 10:40</PriceUpdateDate>
      <ItemCode>7290003102891</ItemCode>
      <ItemType>1</ItemType>
      <ItemName>שקיות צליה COOK 10 יח</ItemName>
      <ManufactureName>אינטרסן (1996) בעמ</ManufactureName>
      <ManufactureCountry />
      <ManufactureItemDescription />
      <UnitQty>י"ח</UnitQty>
      <Quantity>1</Quantity>
      <UnitMeasure />
      <BisWeighted>0</BisWeighted>
      <QtyInPackage>1</QtyInPackage>
      <ItemPrice>4</ItemPrice>
      <UnitOfMeasurePrice>4</UnitOfMeasurePrice>
      <AllowDiscount>1</AllowDiscount>
      <itemStatus>1</itemStatus>
      <LastUpdateDate />
      <LastUpdateTime />
    </Product>
    <Product>
      <PriceUpdateDate>2014/08/10 11:23</PriceUpdateDate>
      <ItemCode>7290003102976</ItemCode>
      <ItemType>1</ItemType>
      <ItemName>צימרוני אוזניים 200 יח</ItemName>
      <ManufactureName>אינטרסן (1996) בעמ</ManufactureName>
      <ManufactureCountry />
      <ManufactureItemDescription />
      <UnitQty>י"ח</UnitQty>
      <Quantity>20000</Quantity>
      <UnitMeasure>ל  גרם</UnitMeasure>
      <BisWeighted>0</BisWeighted>
      <QtyInPackage>1</QtyInPackage>
      <ItemPrice>3.80</ItemPrice>
      <UnitOfMeasurePrice>0.02</UnitOfMeasurePrice>
      <AllowDiscount>1</AllowDiscount>
      <itemStatus>1</itemStatus>
      <LastUpdateDate />
      <LastUpdateTime />
    </Product>
    <Product>
      <PriceUpdateDate>2019/04/12 09:30</PriceUpdateDate>
      <ItemCode>7290003121083</ItemCode>
      <ItemType>1</ItemType>
      <ItemName>מג יק בשר בשקית</ItemName>
      <ManufactureName>נטו מלינדה סחר בעמ</ManufactureName>
      <ManufactureCountry />
      <ManufactureItemDescription />
      <UnitQty>י"ח</UnitQty>
      <Quantity>85</Quantity>
      <UnitMeasure>ל  גרם</UnitMeasure>
      <BisWeighted>0</BisWeighted>
      <QtyInPackage>1</QtyInPackage>
      <ItemPrice>3.50</ItemPrice>
      <UnitOfMeasurePrice>4.12</UnitOfMeasurePrice>
      <AllowDiscount>1</AllowDiscount>
      <itemStatus>1</itemStatus>
      <LastUpdateDate />
      <LastUpdateTime />
    </Product>
    <Product>
      <PriceUpdateDate>2019/04/12 09:30</PriceUpdateDate>
      <ItemCode>7290003121090</ItemCode>
      <ItemType>1</ItemType>
      <ItemName>מג יק ירקות בשקית</ItemName>
      <ManufactureName>נטו מלינדה סחר בעמ</ManufactureName>
      <ManufactureCountry />
      <ManufactureItemDescription />
      <UnitQty>י"ח</UnitQty>
      <Quantity>85</Quantity>
      <UnitMeasure>ל  גרם</UnitMeasure>
      <BisWeighted>0</BisWeighted>
      <QtyInPackage>1</QtyInPackage>
      <ItemPrice>3.50</ItemPrice>
      <UnitOfMeasurePrice>4.12</UnitOfMeasurePrice>
      <AllowDiscount>1</AllowDiscount>
      <itemStatus>1</itemStatus>
      <LastUpdateDate />
      <LastUpdateTime />
    </Product>
    <Product>
      <PriceUpdateDate>2019/04/12 09:30</PriceUpdateDate>
      <ItemCode>7290003121106</ItemCode>
      <ItemType>1</ItemType>
      <ItemName>מג יק עוף בשקית</ItemName>
      <ManufactureName>נטו מלינדה סחר בעמ</ManufactureName>
      <ManufactureCountry />
      <ManufactureItemDescription />
      <UnitQty>י"ח</UnitQty>
      <Quantity>85</Quantity>
      <UnitMeasure>ל  גרם</UnitMeasure>
      <BisWeighted>0</BisWeighted>
      <QtyInPackage>1</QtyInPackage>
      <ItemPrice>3.50</ItemPrice>
      <UnitOfMeasurePrice>4.12</UnitOfMeasurePrice>
      <AllowDiscount>1</AllowDiscount>
      <itemStatus>1</itemStatus>
      <LastUpdateDate />
      <LastUpdateTime />
    </Product>
    <Product>
      <PriceUpdateDate>2019/11/17 07:36</PriceUpdateDate>
      <ItemCode>3142361</ItemCode>
      <ItemType>0</ItemType>
      <ItemName>הוטפופ מתוק מלוח 5שקיות</ItemName>
      <ManufactureName>ליימן שליסל</ManufactureName>
      <ManufactureCountry />
      <ManufactureItemDescription />
      <UnitQty>י"ח</UnitQty>
      <Quantity>600</Quantity>
      <UnitMeasure>ל  גרם</UnitMeasure>
      <BisWeighted>0</BisWeighted>
      <QtyInPackage>1</QtyInPackage>
      <ItemPrice>16.90</ItemPrice>
      <UnitOfMeasurePrice>2.82</UnitOfMeasurePrice>
      <AllowDiscount>1</AllowDiscount>
      <itemStatus>1</itemStatus>
      <LastUpdateDate />
      <LastUpdateTime />
    </Product>
    <Product>
      <PriceUpdateDate>2014/12/09 11:11</PriceUpdateDate>
      <ItemCode>3142422</ItemCode>
      <ItemType>0</ItemType>
      <ItemName>גרעיני חמניות ללא מלח 180 גרם</ItemName>
      <ManufactureName>ליימן שליסל</ManufactureName>
      <ManufactureCountry />
      <ManufactureItemDescription />
      <UnitQty>י"ח</UnitQty>
      <Quantity>180</Quantity>
      <UnitMeasure>ל  גרם</UnitMeasure>
      <BisWeighted>0</BisWeighted>
      <QtyInPackage>1</QtyInPackage>
      <ItemPrice>6.40</ItemPrice>
      <UnitOfMeasurePrice>3.56</UnitOfMeasurePrice>
      <AllowDiscount>1</AllowDiscount>
      <itemStatus>1</itemStatus>
      <LastUpdateDate />
      <LastUpdateTime />
    </Product>
    <Product>
      <PriceUpdateDate>2020/02/26 08:38</PriceUpdateDate>
      <ItemCode>3144419</ItemCode>
      <ItemType>0</ItemType>
      <ItemName>סילאן קליית גת 710גר טבעי</ItemName>
      <ManufactureName>ליימן שליסל</ManufactureName>
      <ManufactureCountry />
      <ManufactureItemDescription />
      <UnitQty>י"ח</UnitQty>
      <Quantity>710</Quantity>
      <UnitMeasure>ל  גרם</UnitMeasure>
      <BisWeighted>0</BisWeighted>
      <QtyInPackage>1</QtyInPackage>
      <ItemPrice>21.90</ItemPrice>
      <UnitOfMeasurePrice>3.08</UnitOfMeasurePrice>
      <AllowDiscount>1</AllowDiscount>
      <itemStatus>1</itemStatus>
      <LastUpdateDate />
      <LastUpdateTime />
    </Product>
    <Product>
      <PriceUpdateDate>2013/12/04 14:47</PriceUpdateDate>
      <ItemCode>7290003145751</ItemCode>
      <ItemType>1</ItemType>
      <ItemName>קשיו קלוי 200גר`</ItemName>
      <ManufactureName>ליימן שליסל</ManufactureName>
      <ManufactureCountry />
      <ManufactureItemDescription />
      <UnitQty>י"ח</UnitQty>
      <Quantity>200</Quantity>
      <UnitMeasure>ל  גרם</UnitMeasure>
      <BisWeighted>0</BisWeighted>
      <QtyInPackage>1</QtyInPackage>
      <ItemPrice>22.90</ItemPrice>
      <UnitOfMeasurePrice>11.45</UnitOfMeasurePrice>
      <AllowDiscount>1</AllowDiscount>
      <itemStatus>1</itemStatus>
      <LastUpdateDate />
      <LastUpdateTime />
    </Product>
    <Product>
      <PriceUpdateDate>2013/12/04 14:47</PriceUpdateDate>
      <ItemCode>7290003145959</ItemCode>
      <ItemType>1</ItemType>
      <ItemName>פקאן טבעי 150גר</ItemName>
      <ManufactureName>ליימן שליסל</ManufactureName>
      <ManufactureCountry />
      <ManufactureItemDescription />
      <UnitQty>י"ח</UnitQty>
      <Quantity>150</Quantity>
      <UnitMeasure>ל  גרם</UnitMeasure>
      <BisWeighted>0</BisWeighted>
      <QtyInPackage>1</QtyInPackage>
      <ItemPrice>20.40</ItemPrice>
      <UnitOfMeasurePrice>13.60</UnitOfMeasurePrice>
      <AllowDiscount>1</AllowDiscount>
      <itemStatus>1</itemStatus>
      <LastUpdateDate />
      <LastUpdateTime />
    </Product>
    <Product>
      <PriceUpdateDate>2016/03/13 13:25</PriceUpdateDate>
      <ItemCode>7290003153831</ItemCode>
      <ItemType>1</ItemType>
      <ItemName>שוש 80 גרם</ItemName>
      <ManufactureName>שטראוס פריטו ליי בעמ</ManufactureName>
      <ManufactureCountry />
      <ManufactureItemDescription />
      <UnitQty>י"ח</UnitQty>
      <Quantity>80</Quantity>
      <UnitMeasure>ל  גרם</UnitMeasure>
      <BisWeighted>0</BisWeighted>
      <QtyInPackage>1</QtyInPackage>
      <ItemPrice>3.90</ItemPrice>
      <UnitOfMeasurePrice>4.88</UnitOfMeasurePrice>
      <AllowDiscount>1</AllowDiscount>
      <itemStatus>1</itemStatus>
      <LastUpdateDate />
      <LastUpdateTime />
    </Product>
    <Product>
      <PriceUpdateDate>2016/10/23 08:10</PriceUpdateDate>
      <ItemCode>3211624</ItemCode>
      <ItemType>0</ItemType>
      <ItemName>פילה אמנון גדלים שונים נטו</ItemName>
      <ManufactureName>נטו מלינדה סחר בעמ</ManufactureName>
      <ManufactureCountry />
      <ManufactureItemDescription />
      <UnitQty>ק"ג</UnitQty>
      <Quantity>1</Quantity>
      <UnitMeasure>ק"ג</UnitMeasure>
      <BisWeighted>1</BisWeighted>
      <QtyInPackage>1</QtyInPackage>
      <ItemPrice>32.90</ItemPrice>
      <UnitOfMeasurePrice>32.90</UnitOfMeasurePrice>
      <AllowDiscount>1</AllowDiscount>
      <itemStatus>1</itemStatus>
      <LastUpdateDate />
      <LastUpdateTime />
    </Product>
    <Product>
      <PriceUpdateDate>2013/11/03 15:59</PriceUpdateDate>
      <ItemCode>7290003258291</ItemCode>
      <ItemType>1</ItemType>
      <ItemName>דאודורנט ספריי פנינה מס 3</ItemName>
      <ManufactureName>פנינה רוזנבלום בעמ</ManufactureName>
      <ManufactureCountry />
      <ManufactureItemDescription />
      <UnitQty>י"ח</UnitQty>
      <Quantity>100</Quantity>
      <UnitMeasure>ל  מ"ל</UnitMeasure>
      <BisWeighted>0</BisWeighted>
      <QtyInPackage>1</QtyInPackage>
      <ItemPrice>16.90</ItemPrice>
      <UnitOfMeasurePrice>16.90</UnitOfMeasurePrice>
      <AllowDiscount>1</AllowDiscount>
      <itemStatus>1</itemStatus>
      <LastUpdateDate />
      <LastUpdateTime />
    </Product>
    <Product>
      <PriceUpdateDate>2020/03/09 07:58</PriceUpdateDate>
      <ItemCode>3268252</ItemCode>
      <ItemType>0</ItemType>
      <ItemName>לחם חיטה מלא 750 לילדים</ItemName>
      <ManufactureName>דגנית עין בר ~~~</ManufactureName>
      <ManufactureCountry />
      <ManufactureItemDescription />
      <UnitQty>י"ח</UnitQty>
      <Quantity>750</Quantity>
      <UnitMeasure>ל  גרם</UnitMeasure>
      <BisWeighted>0</BisWeighted>
      <QtyInPackage>1</QtyInPackage>
      <ItemPrice>13.90</ItemPrice>
      <UnitOfMeasurePrice>1.85</UnitOfMeasurePrice>
      <AllowDiscount>1</AllowDiscount>
      <itemStatus>1</itemStatus>
      <LastUpdateDate />
      <LastUpdateTime />
    </Product>
    <Product>
      <PriceUpdateDate>2018/07/22 08:25</PriceUpdateDate>
      <ItemCode>3287253</ItemCode>
      <ItemType>0</ItemType>
      <ItemName>מרגז ארוז 500גרם</ItemName>
      <ManufactureName>בלדי בעמ</ManufactureName>
      <ManufactureCountry />
      <ManufactureItemDescription />
      <UnitQty>י"ח</UnitQty>
      <Quantity>500</Quantity>
      <UnitMeasure>ל  גרם</UnitMeasure>
      <BisWeighted>0</BisWeighted>
      <QtyInPackage>1</QtyInPackage>
      <ItemPrice>31.90</ItemPrice>
      <UnitOfMeasurePrice>6.38</UnitOfMeasurePrice>
      <AllowDiscount>1</AllowDiscount>
      <itemStatus>1</itemStatus>
      <LastUpdateDate />
      <LastUpdateTime />
    </Product>
    <Product>
      <PriceUpdateDate>2018/07/22 08:25</PriceUpdateDate>
      <ItemCode>3287260</ItemCode>
      <ItemType>0</ItemType>
      <ItemName>צ`וריסוס ארוז 600גרם</ItemName>
      <ManufactureName>בלדי בעמ</ManufactureName>
      <ManufactureCountry />
      <ManufactureItemDescription />
      <UnitQty>י"ח</UnitQty>
      <Quantity>600</Quantity>
      <UnitMeasure>ל  גרם</UnitMeasure>
      <BisWeighted>0</BisWeighted>
      <QtyInPackage>1</QtyInPackage>
      <ItemPrice>31.90</ItemPrice>
      <UnitOfMeasurePrice>5.32</UnitOfMeasurePrice>
      <AllowDiscount>1</AllowDiscount>
      <itemStatus>1</itemStatus>
      <LastUpdateDate />
      <LastUpdateTime />
    </Product>
    <Product>
      <PriceUpdateDate>2018/07/22 08:25</PriceUpdateDate>
      <ItemCode>3287284</ItemCode>
      <ItemType>0</ItemType>
      <ItemName>קבב ביתי ארוז 600גרם</ItemName>
      <ManufactureName>בלדי בעמ</ManufactureName>
      <ManufactureCountry />
      <ManufactureItemDescription />
      <UnitQty>י"ח</UnitQty>
      <Quantity>600</Quantity>
      <UnitMeasure>ל  גרם</UnitMeasure>
      <BisWeighted>0</BisWeighted>
      <QtyInPackage>1</QtyInPackage>
      <ItemPrice>31.90</ItemPrice>
      <UnitOfMeasurePrice>5.32</UnitOfMeasurePrice>
      <AllowDiscount>1</AllowDiscount>
      <itemStatus>1</itemStatus>
      <LastUpdateDate />
      <LastUpdateTime />
    </Product>
    <Product>
      <PriceUpdateDate>2018/07/22 08:25</PriceUpdateDate>
      <ItemCode>3287291</ItemCode>
      <ItemType>0</ItemType>
      <ItemName>קבב טלה וצנובר ארוז 600גרם</ItemName>
      <ManufactureName>בלדי בעמ</ManufactureName>
      <ManufactureCountry />
      <ManufactureItemDescription />
      <UnitQty>י"ח</UnitQty>
      <Quantity>600</Quantity>
      <UnitMeasure>ל  מ"ל</UnitMeasure>
      <BisWeighted>0</BisWeighted>
      <QtyInPackage>1</QtyInPackage>
      <ItemPrice>31.90</ItemPrice>
      <UnitOfMeasurePrice>5.32</UnitOfMeasurePrice>
      <AllowDiscount>1</AllowDiscount>
      <itemStatus>1</itemStatus>
      <LastUpdateDate />
      <LastUpdateTime />
    </Product>
    <Product>
      <PriceUpdateDate>2018/07/22 08:25</PriceUpdateDate>
      <ItemCode>3287307</ItemCode>
      <ItemType>0</ItemType>
      <ItemName>קבב רומני ארוז 600גרם</ItemName>
      <ManufactureName>בלדי בעמ</ManufactureName>
      <ManufactureCountry />
      <ManufactureItemDescription />
      <UnitQty>י"ח</UnitQty>
      <Quantity>600</Quantity>
      <UnitMeasure>ל  גרם</UnitMeasure>
      <BisWeighted>0</BisWeighted>
      <QtyInPackage>1</QtyInPackage>
      <ItemPrice>31.90</ItemPrice>
      <UnitOfMeasurePrice>5.32</UnitOfMeasurePrice>
      <AllowDiscount>1</AllowDiscount>
      <itemStatus>1</itemStatus>
      <LastUpdateDate />
      <LastUpdateTime />
    </Product>
    <Product>
      <PriceUpdateDate>2015/01/04 09:53</PriceUpdateDate>
      <ItemCode>3287314</ItemCode>
      <ItemType>0</ItemType>
      <ItemName>קבב על מקל קינמון ארוז 520גרם</ItemName>
      <ManufactureName>בלדי בעמ</ManufactureName>
      <ManufactureCountry />
      <ManufactureItemDescription />
      <UnitQty>י"ח</UnitQty>
      <Quantity>520</Quantity>
      <UnitMeasure>ל  גרם</UnitMeasure>
      <BisWeighted>0</BisWeighted>
      <QtyInPackage>1</QtyInPackage>
      <ItemPrice>34.90</ItemPrice>
      <UnitOfMeasurePrice>6.71</UnitOfMeasurePrice>
      <AllowDiscount>1</AllowDiscount>
      <itemStatus>1</itemStatus>
      <LastUpdateDate />
      <LastUpdateTime />
    </Product>
    <Product>
      <PriceUpdateDate>2019/06/18 10:51</PriceUpdateDate>
      <ItemCode>3287475</ItemCode>
      <ItemType>0</ItemType>
      <ItemName>אצבעות אנטריקוט מוצפי</ItemName>
      <ManufactureName>בלדי בעמ</ManufactureName>
      <ManufactureCountry />
      <ManufactureItemDescription />
      <UnitQty>ק"ג</UnitQty>
      <Quantity>1</Quantity>
      <UnitMeasure>י"ח</UnitMeasure>
      <BisWeighted>1</BisWeighted>
      <QtyInPackage>1</QtyInPackage>
      <ItemPrice>79.90</ItemPrice>
      <UnitOfMeasurePrice>79.90</UnitOfMeasurePrice>
      <AllowDiscount>1</AllowDiscount>
      <itemStatus>1</itemStatus>
      <LastUpdateDate />
      <LastUpdateTime />
    </Product>
    <Product>
      <PriceUpdateDate>2017/08/24 08:29</PriceUpdateDate>
      <ItemCode>3310555</ItemCode>
      <ItemType>0</ItemType>
      <ItemName>מאגדת טילון קרם עוגיות 400גר</ItemName>
      <ManufactureName>מוצרי איכות אמריקאיים בעמ</ManufactureName>
      <ManufactureCountry />
      <ManufactureItemDescription />
      <UnitQty>י"ח</UnitQty>
      <Quantity>400</Quantity>
      <UnitMeasure>ל  גרם</UnitMeasure>
      <BisWeighted>0</BisWeighted>
      <QtyInPackage>1</QtyInPackage>
      <ItemPrice>29.90</ItemPrice>
      <UnitOfMeasurePrice>7.48</UnitOfMeasurePrice>
      <AllowDiscount>1</AllowDiscount>
      <itemStatus>1</itemStatus>
      <LastUpdateDate />
      <LastUpdateTime />
    </Product>
    <Product>
      <PriceUpdateDate>2014/01/03 13:46</PriceUpdateDate>
      <ItemCode>7290003387205</ItemCode>
      <ItemType>1</ItemType>
      <ItemName>ספיד סטיק גבר ירוק כהה</ItemName>
      <ManufactureName>ש.שסטוביץ בעמ</ManufactureName>
      <ManufactureCountry />
      <ManufactureItemDescription />
      <UnitQty>י"ח</UnitQty>
      <Quantity>63.70</Quantity>
      <UnitMeasure>ל  גרם</UnitMeasure>
      <BisWeighted>0</BisWeighted>
      <QtyInPackage>1</QtyInPackage>
      <ItemPrice>23.90</ItemPrice>
      <UnitOfMeasurePrice>37.52</UnitOfMeasurePrice>
      <AllowDiscount>1</AllowDiscount>
      <itemStatus>1</itemStatus>
      <LastUpdateDate />
      <LastUpdateTime />
    </Product>
    <Product>
      <PriceUpdateDate>2014/01/03 13:46</PriceUpdateDate>
      <ItemCode>7290003387373</ItemCode>
      <ItemType>1</ItemType>
      <ItemName>ספיד סטיק גבר סגול</ItemName>
      <ManufactureName>ש.שסטוביץ בעמ</ManufactureName>
      <ManufactureCountry />
      <ManufactureItemDescription />
      <UnitQty>י"ח</UnitQty>
      <Quantity>70</Quantity>
      <UnitMeasure>ל  גרם</UnitMeasure>
      <BisWeighted>0</BisWeighted>
      <QtyInPackage>1</QtyInPackage>
      <ItemPrice>23.90</ItemPrice>
      <UnitOfMeasurePrice>34.14</UnitOfMeasurePrice>
      <AllowDiscount>1</AllowDiscount>
      <itemStatus>1</itemStatus>
      <LastUpdateDate />
      <LastUpdateTime />
    </Product>
    <Product>
      <PriceUpdateDate>2016/10/23 08:10</PriceUpdateDate>
      <ItemCode>3406289</ItemCode>
      <ItemType>0</ItemType>
      <ItemName>פילה אמנון קפוא</ItemName>
      <ManufactureName>נטו מלינדה סחר בעמ</ManufactureName>
      <ManufactureCountry />
      <ManufactureItemDescription />
      <UnitQty>ק"ג</UnitQty>
      <Quantity>1</Quantity>
      <UnitMeasure>ק"ג</UnitMeasure>
      <BisWeighted>1</BisWeighted>
      <QtyInPackage>1</QtyInPackage>
      <ItemPrice>32.90</ItemPrice>
      <UnitOfMeasurePrice>32.90</UnitOfMeasurePrice>
      <AllowDiscount>1</AllowDiscount>
      <itemStatus>1</itemStatus>
      <LastUpdateDate />
      <LastUpdateTime />
    </Product>
    <Product>
      <PriceUpdateDate>2017/09/25 11:03</PriceUpdateDate>
      <ItemCode>3427208</ItemCode>
      <ItemType>0</ItemType>
      <ItemName>שמן זית"כנען"כתית   מעולה.</ItemName>
      <ManufactureName>תה ויסוצקי (ישראל)בעמ</ManufactureName>
      <ManufactureCountry />
      <ManufactureItemDescription />
      <UnitQty>י"ח</UnitQty>
      <Quantity>1</Quantity>
      <UnitMeasure />
      <BisWeighted>0</BisWeighted>
      <QtyInPackage>1</QtyInPackage>
      <ItemPrice>45.90</ItemPrice>
      <UnitOfMeasurePrice>45.90</UnitOfMeasurePrice>
      <AllowDiscount>1</AllowDiscount>
      <itemStatus>1</itemStatus>
      <LastUpdateDate />
      <LastUpdateTime />
    </Product>
    <Product>
      <PriceUpdateDate>2013/12/25 11:42</PriceUpdateDate>
      <ItemCode>7290003427369</ItemCode>
      <ItemType>1</ItemType>
      <ItemName>שמן זית עם בזיליקום ושום 250</ItemName>
      <ManufactureName>תה ויסוצקי (ישראל)בעמ</ManufactureName>
      <ManufactureCountry />
      <ManufactureItemDescription />
      <UnitQty>י"ח</UnitQty>
      <Quantity>250</Quantity>
      <UnitMeasure>ל  מ"ל</UnitMeasure>
      <BisWeighted>0</BisWeighted>
      <QtyInPackage>1</QtyInPackage>
      <ItemPrice>17.90</ItemPrice>
      <UnitOfMeasurePrice>7.16</UnitOfMeasurePrice>
      <AllowDiscount>1</AllowDiscount>
      <itemStatus>1</itemStatus>
      <LastUpdateDate />
      <LastUpdateTime />
    </Product>
    <Product>
      <PriceUpdateDate>2013/12/25 11:42</PriceUpdateDate>
      <ItemCode>7290003427376</ItemCode>
      <ItemType>1</ItemType>
      <ItemName>שמן זית עם לימון 250 מ"ל</ItemName>
      <ManufactureName>תה ויסוצקי (ישראל)בעמ</ManufactureName>
      <ManufactureCountry />
      <ManufactureItemDescription />
      <UnitQty>י"ח</UnitQty>
      <Quantity>250</Quantity>
      <UnitMeasure>ל  מ"ל</UnitMeasure>
      <BisWeighted>0</BisWeighted>
      <QtyInPackage>1</QtyInPackage>
      <ItemPrice>17.90</ItemPrice>
      <UnitOfMeasurePrice>7.16</UnitOfMeasurePrice>
      <AllowDiscount>1</AllowDiscount>
      <itemStatus>1</itemStatus>
      <LastUpdateDate />
      <LastUpdateTime />
    </Product>
    <Product>
      <PriceUpdateDate>2015/06/01 08:31</PriceUpdateDate>
      <ItemCode>7290003457922</ItemCode>
      <ItemType>1</ItemType>
      <ItemName>שלגון מגנום שוקו</ItemName>
      <ManufactureName>גלידות שטראוס בעמ</ManufactureName>
      <ManufactureCountry />
      <ManufactureItemDescription />
      <UnitQty>י"ח</UnitQty>
      <Quantity>1</Quantity>
      <UnitMeasure />
      <BisWeighted>0</BisWeighted>
      <QtyInPackage>1</QtyInPackage>
      <ItemPrice>10</ItemPrice>
      <UnitOfMeasurePrice>10</UnitOfMeasurePrice>
      <AllowDiscount>1</AllowDiscount>
      <itemStatus>1</itemStatus>
      <LastUpdateDate />
      <LastUpdateTime />
    </Product>
    <Product>
      <PriceUpdateDate>2015/06/01 08:31</PriceUpdateDate>
      <ItemCode>7290003457946</ItemCode>
      <ItemType>1</ItemType>
      <ItemName>שלגון מגנום</ItemName>
      <ManufactureName>גלידות שטראוס בעמ</ManufactureName>
      <ManufactureCountry />
      <ManufactureItemDescription />
      <UnitQty>י"ח</UnitQty>
      <Quantity>1</Quantity>
      <UnitMeasure />
      <BisWeighted>0</BisWeighted>
      <QtyInPackage>1</QtyInPackage>
      <ItemPrice>10</ItemPrice>
      <UnitOfMeasurePrice>10</UnitOfMeasurePrice>
      <AllowDiscount>1</AllowDiscount>
      <itemStatus>1</itemStatus>
      <LastUpdateDate />
      <LastUpdateTime />
    </Product>
    <Product>
      <PriceUpdateDate>2015/06/01 08:31</PriceUpdateDate>
      <ItemCode>7290003457953</ItemCode>
      <ItemType>1</ItemType>
      <ItemName>מגנום לבן</ItemName>
      <ManufactureName>גלידות שטראוס בעמ</ManufactureName>
      <ManufactureCountry />
      <ManufactureItemDescription />
      <UnitQty>י"ח</UnitQty>
      <Quantity>1</Quantity>
      <UnitMeasure />
      <BisWeighted>0</BisWeighted>
      <QtyInPackage>1</QtyInPackage>
      <ItemPrice>10</ItemPrice>
      <UnitOfMeasurePrice>10</UnitOfMeasurePrice>
      <AllowDiscount>1</AllowDiscount>
      <itemStatus>1</itemStatus>
      <LastUpdateDate />
      <LastUpdateTime />
    </Product>
    <Product>
      <PriceUpdateDate>2014/01/03 13:46</PriceUpdateDate>
      <ItemCode>3514724</ItemCode>
      <ItemType>0</ItemType>
      <ItemName>רב דגנים זעתר  40גרם</ItemName>
      <ManufactureName>ש.שסטוביץ בעמ</ManufactureName>
      <ManufactureCountry />
      <ManufactureItemDescription />
      <UnitQty>י"ח</UnitQty>
      <Quantity>40</Quantity>
      <UnitMeasure>ל  גרם</UnitMeasure>
      <BisWeighted>0</BisWeighted>
      <QtyInPackage>1</QtyInPackage>
      <ItemPrice>4</ItemPrice>
      <UnitOfMeasurePrice>10</UnitOfMeasurePrice>
      <AllowDiscount>1</AllowDiscount>
      <itemStatus>1</itemStatus>
      <LastUpdateDate />
      <LastUpdateTime />
    </Product>
    <Product>
      <PriceUpdateDate>2017/12/21 10:37</PriceUpdateDate>
      <ItemCode>7290003521166</ItemCode>
      <ItemType>1</ItemType>
      <ItemName>סרקל קרם שיער]רוזמרין[</ItemName>
      <ManufactureName>פישר תעשיות פרמבצטיות בעמ</ManufactureName>
      <ManufactureCountry />
      <ManufactureItemDescription />
      <UnitQty>י"ח</UnitQty>
      <Quantity>325</Quantity>
      <UnitMeasure>ל  גרם</UnitMeasure>
      <BisWeighted>0</BisWeighted>
      <QtyInPackage>1</QtyInPackage>
      <ItemPrice>25.90</ItemPrice>
      <UnitOfMeasurePrice>7.97</UnitOfMeasurePrice>
      <AllowDiscount>1</AllowDiscount>
      <itemStatus>1</itemStatus>
      <LastUpdateDate />
      <LastUpdateTime />
    </Product>
    <Product>
      <PriceUpdateDate>2018/05/02 08:27</PriceUpdateDate>
      <ItemCode>7290003521197</ItemCode>
      <ItemType>1</ItemType>
      <ItemName>סרקל מתיר קשרים</ItemName>
      <ManufactureName>פישר תעשיות פרמבצטיות בעמ</ManufactureName>
      <ManufactureCountry />
      <ManufactureItemDescription />
      <UnitQty>י"ח</UnitQty>
      <Quantity>340</Quantity>
      <UnitMeasure>ל  מ"ל</UnitMeasure>
      <BisWeighted>0</BisWeighted>
      <QtyInPackage>1</QtyInPackage>
      <ItemPrice>25.90</ItemPrice>
      <UnitOfMeasurePrice>7.62</UnitOfMeasurePrice>
      <AllowDiscount>1</AllowDiscount>
      <itemStatus>1</itemStatus>
      <LastUpdateDate />
      <LastUpdateTime />
    </Product>
    <Product>
      <PriceUpdateDate>2019/04/12 09:30</PriceUpdateDate>
      <ItemCode>7290003550753</ItemCode>
      <ItemType>1</ItemType>
      <ItemName>טונה פוסידון רביעיות</ItemName>
      <ManufactureName>נטו מלינדה סחר בעמ</ManufactureName>
      <ManufactureCountry />
      <ManufactureItemDescription />
      <UnitQty>י"ח</UnitQty>
      <Quantity>340</Quantity>
      <UnitMeasure>ל  גרם</UnitMeasure>
      <BisWeighted>0</BisWeighted>
      <QtyInPackage>1</QtyInPackage>
      <ItemPrice>21.90</ItemPrice>
      <UnitOfMeasurePrice>6.44</UnitOfMeasurePrice>
      <AllowDiscount>1</AllowDiscount>
      <itemStatus>1</itemStatus>
      <LastUpdateDate />
      <LastUpdateTime />
    </Product>
    <Product>
      <PriceUpdateDate>2018/07/22 08:25</PriceUpdateDate>
      <ItemCode>3570928</ItemCode>
      <ItemType>0</ItemType>
      <ItemName>קבב בלדי ארוז 500גר קצביה</ItemName>
      <ManufactureName>בלדי בעמ</ManufactureName>
      <ManufactureCountry />
      <ManufactureItemDescription />
      <UnitQty>י"ח</UnitQty>
      <Quantity>500</Quantity>
      <UnitMeasure>ל  גרם</UnitMeasure>
      <BisWeighted>0</BisWeighted>
      <QtyInPackage>1</QtyInPackage>
      <ItemPrice>31.90</ItemPrice>
      <UnitOfMeasurePrice>6.38</UnitOfMeasurePrice>
      <AllowDiscount>1</AllowDiscount>
      <itemStatus>1</itemStatus>
      <LastUpdateDate />
      <LastUpdateTime />
    </Product>
    <Product>
      <PriceUpdateDate>2014/01/03 13:46</PriceUpdateDate>
      <ItemCode>3578085</ItemCode>
      <ItemType>0</ItemType>
      <ItemName>גבינת מוצרלה %21שומן למעדניות</ItemName>
      <ManufactureName>ג.וילי פוד אינטרנשיונל בעמ</ManufactureName>
      <ManufactureCountry />
      <ManufactureItemDescription />
      <UnitQty>ק"ג</UnitQty>
      <Quantity>1</Quantity>
      <UnitMeasure />
      <BisWeighted>1</BisWeighted>
      <QtyInPackage>1</QtyInPackage>
      <ItemPrice>60</ItemPrice>
      <UnitOfMeasurePrice>60</UnitOfMeasurePrice>
      <AllowDiscount>0</AllowDiscount>
      <itemStatus>1</itemStatus>
      <LastUpdateDate />
      <LastUpdateTime />
    </Product>
    <Product>
      <PriceUpdateDate>2018/12/20 13:33</PriceUpdateDate>
      <ItemCode>3578498</ItemCode>
      <ItemType>0</ItemType>
      <ItemName>חמאה וואליו ללא תוספת מלח 500ג</ItemName>
      <ManufactureName>ג.וילי פוד אינטרנשיונל בעמ</ManufactureName>
      <ManufactureCountry />
      <ManufactureItemDescription />
      <UnitQty>י"ח</UnitQty>
      <Quantity>500</Quantity>
      <UnitMeasure>ל  גרם</UnitMeasure>
      <BisWeighted>0</BisWeighted>
      <QtyInPackage>1</QtyInPackage>
      <ItemPrice>26.90</ItemPrice>
      <UnitOfMeasurePrice>5.38</UnitOfMeasurePrice>
      <AllowDiscount>0</AllowDiscount>
      <itemStatus>1</itemStatus>
      <LastUpdateDate />
      <LastUpdateTime />
    </Product>
    <Product>
      <PriceUpdateDate>2018/04/25 12:28</PriceUpdateDate>
      <ItemCode>3578917</ItemCode>
      <ItemType>0</ItemType>
      <ItemName>גבינה מעושנת ומותכת שקיל</ItemName>
      <ManufactureName>ג.וילי פוד אינטרנשיונל בעמ</ManufactureName>
      <ManufactureCountry />
      <ManufactureItemDescription />
      <UnitQty>ק"ג</UnitQty>
      <Quantity>200</Quantity>
      <UnitMeasure>ל  גרם</UnitMeasure>
      <BisWeighted>1</BisWeighted>
      <QtyInPackage>1</QtyInPackage>
      <ItemPrice>99.90</ItemPrice>
      <UnitOfMeasurePrice>49.95</UnitOfMeasurePrice>
      <AllowDiscount>0</AllowDiscount>
      <itemStatus>1</itemStatus>
      <LastUpdateDate />
      <LastUpdateTime />
    </Product>
    <Product>
      <PriceUpdateDate>2018/10/04 08:59</PriceUpdateDate>
      <ItemCode>3598007</ItemCode>
      <ItemType>0</ItemType>
      <ItemName>כבד אווז קפוא.</ItemName>
      <ManufactureName>בלדי בעמ</ManufactureName>
      <ManufactureCountry />
      <ManufactureItemDescription />
      <UnitQty>ק"ג</UnitQty>
      <Quantity>1</Quantity>
      <UnitMeasure />
      <BisWeighted>1</BisWeighted>
      <QtyInPackage>1</QtyInPackage>
      <ItemPrice>289.90</ItemPrice>
      <UnitOfMeasurePrice>289.90</UnitOfMeasurePrice>
      <AllowDiscount>1</AllowDiscount>
      <itemStatus>1</itemStatus>
      <LastUpdateDate />
      <LastUpdateTime />
    </Product>
    <Product>
      <PriceUpdateDate>2018/06/18 13:53</PriceUpdateDate>
      <ItemCode>3598014</ItemCode>
      <ItemType>0</ItemType>
      <ItemName>כבד אווז קפוא</ItemName>
      <ManufactureName>בלדי בעמ</ManufactureName>
      <ManufactureCountry />
      <ManufactureItemDescription />
      <UnitQty>ק"ג</UnitQty>
      <Quantity>1</Quantity>
      <UnitMeasure>ק"ג</UnitMeasure>
      <BisWeighted>1</BisWeighted>
      <QtyInPackage>1</QtyInPackage>
      <ItemPrice>289.90</ItemPrice>
      <UnitOfMeasurePrice>289.90</UnitOfMeasurePrice>
      <AllowDiscount>1</AllowDiscount>
      <itemStatus>1</itemStatus>
      <LastUpdateDate />
      <LastUpdateTime />
    </Product>
    <Product>
      <PriceUpdateDate>2018/06/18 13:53</PriceUpdateDate>
      <ItemCode>3598021</ItemCode>
      <ItemType>0</ItemType>
      <ItemName>כבד אווז קפוא</ItemName>
      <ManufactureName>בלדי בעמ</ManufactureName>
      <ManufactureCountry />
      <ManufactureItemDescription />
      <UnitQty>ק"ג</UnitQty>
      <Quantity>1</Quantity>
      <UnitMeasure />
      <BisWeighted>1</BisWeighted>
      <QtyInPackage>1</QtyInPackage>
      <ItemPrice>289.90</ItemPrice>
      <UnitOfMeasurePrice>289.90</UnitOfMeasurePrice>
      <AllowDiscount>1</AllowDiscount>
      <itemStatus>1</itemStatus>
      <LastUpdateDate />
      <LastUpdateTime />
    </Product>
    <Product>
      <PriceUpdateDate>2018/06/18 13:53</PriceUpdateDate>
      <ItemCode>3598038</ItemCode>
      <ItemType>0</ItemType>
      <ItemName>כבד אווז קפוא</ItemName>
      <ManufactureName>בלדי בעמ</ManufactureName>
      <ManufactureCountry />
      <ManufactureItemDescription />
      <UnitQty>ק"ג</UnitQty>
      <Quantity>1</Quantity>
      <UnitMeasure />
      <BisWeighted>1</BisWeighted>
      <QtyInPackage>1</QtyInPackage>
      <ItemPrice>289.90</ItemPrice>
      <UnitOfMeasurePrice>289.90</UnitOfMeasurePrice>
      <AllowDiscount>1</AllowDiscount>
      <itemStatus>1</itemStatus>
      <LastUpdateDate />
      <LastUpdateTime />
    </Product>
    <Product>
      <PriceUpdateDate>2020/04/27 08:06</PriceUpdateDate>
      <ItemCode>3598304</ItemCode>
      <ItemType>0</ItemType>
      <ItemName>פילה אמנון גדלים שונים בלדי</ItemName>
      <ManufactureName>בלדי בעמ</ManufactureName>
      <ManufactureCountry />
      <ManufactureItemDescription />
      <UnitQty>ק"ג</UnitQty>
      <Quantity>1</Quantity>
      <UnitMeasure>ק"ג</UnitMeasure>
      <BisWeighted>1</BisWeighted>
      <QtyInPackage>1</QtyInPackage>
      <ItemPrice>32.90</ItemPrice>
      <UnitOfMeasurePrice>32.90</UnitOfMeasurePrice>
      <AllowDiscount>1</AllowDiscount>
      <itemStatus>1</itemStatus>
      <LastUpdateDate />
      <LastUpdateTime />
    </Product>
    <Product>
      <PriceUpdateDate>2017/10/26 14:05</PriceUpdateDate>
      <ItemCode>3598311</ItemCode>
      <ItemType>0</ItemType>
      <ItemName>מינוט סטייק דקדק 100% בשר 300גרם</ItemName>
      <ManufactureName>בלדי בעמ</ManufactureName>
      <ManufactureCountry />
      <ManufactureItemDescription />
      <UnitQty>י"ח</UnitQty>
      <Quantity>300</Quantity>
      <UnitMeasure>ל  גרם</UnitMeasure>
      <BisWeighted>0</BisWeighted>
      <QtyInPackage>1</QtyInPackage>
      <ItemPrice>34.90</ItemPrice>
      <UnitOfMeasurePrice>11.63</UnitOfMeasurePrice>
      <AllowDiscount>1</AllowDiscount>
      <itemStatus>1</itemStatus>
      <LastUpdateDate />
      <LastUpdateTime />
    </Product>
    <Product>
      <PriceUpdateDate>2020/04/27 08:06</PriceUpdateDate>
      <ItemCode>3598731</ItemCode>
      <ItemType>0</ItemType>
      <ItemName>פילה אמנון פרמיום 5-7</ItemName>
      <ManufactureName>בלדי בעמ</ManufactureName>
      <ManufactureCountry />
      <ManufactureItemDescription />
      <UnitQty>ק"ג</UnitQty>
      <Quantity>1</Quantity>
      <UnitMeasure>ק"ג</UnitMeasure>
      <BisWeighted>1</BisWeighted>
      <QtyInPackage>1</QtyInPackage>
      <ItemPrice>32.90</ItemPrice>
      <UnitOfMeasurePrice>32.90</UnitOfMeasurePrice>
      <AllowDiscount>1</AllowDiscount>
      <itemStatus>1</itemStatus>
      <LastUpdateDate />
      <LastUpdateTime />
    </Product>
    <Product>
      <PriceUpdateDate>2018/11/06 10:28</PriceUpdateDate>
      <ItemCode>7290003608546</ItemCode>
      <ItemType>1</ItemType>
      <ItemName>תפוזינה-תות   בננה 1.5 ל</ItemName>
      <ManufactureName>יפאורה שותפות מוגבלת לשיווק</ManufactureName>
      <ManufactureCountry />
      <ManufactureItemDescription />
      <UnitQty>י"ח</UnitQty>
      <Quantity>1.50</Quantity>
      <UnitMeasure>ליטר</UnitMeasure>
      <BisWeighted>0</BisWeighted>
      <QtyInPackage>1</QtyInPackage>
      <ItemPrice>6.20</ItemPrice>
      <UnitOfMeasurePrice>4.13</UnitOfMeasurePrice>
      <AllowDiscount>1</AllowDiscount>
      <itemStatus>1</itemStatus>
      <LastUpdateDate />
      <LastUpdateTime />
    </Product>
    <Product>
      <PriceUpdateDate>2019/02/12 09:13</PriceUpdateDate>
      <ItemCode>7290003608560</ItemCode>
      <ItemType>1</ItemType>
      <ItemName>קולה RC 1.5 ליטר בודד</ItemName>
      <ManufactureName>יפאורה שותפות מוגבלת לשיווק</ManufactureName>
      <ManufactureCountry />
      <ManufactureItemDescription />
      <UnitQty>י"ח</UnitQty>
      <Quantity>1.50</Quantity>
      <UnitMeasure>ליטר</UnitMeasure>
      <BisWeighted>0</BisWeighted>
      <QtyInPackage>1</QtyInPackage>
      <ItemPrice>4.80</ItemPrice>
      <UnitOfMeasurePrice>3.20</UnitOfMeasurePrice>
      <AllowDiscount>1</AllowDiscount>
      <itemStatus>1</itemStatus>
      <LastUpdateDate />
      <LastUpdateTime />
    </Product>
    <Product>
      <PriceUpdateDate>2018/11/06 10:28</PriceUpdateDate>
      <ItemCode>7290003608898</ItemCode>
      <ItemType>1</ItemType>
      <ItemName>תפוזינה-תפוזים דיאט 1.5</ItemName>
      <ManufactureName>יפאורה שותפות מוגבלת לשיווק</ManufactureName>
      <ManufactureCountry />
      <ManufactureItemDescription />
      <UnitQty>י"ח</UnitQty>
      <Quantity>1.50</Quantity>
      <UnitMeasure>ליטר</UnitMeasure>
      <BisWeighted>0</BisWeighted>
      <QtyInPackage>1</QtyInPackage>
      <ItemPrice>6.20</ItemPrice>
      <UnitOfMeasurePrice>4.13</UnitOfMeasurePrice>
      <AllowDiscount>1</AllowDiscount>
      <itemStatus>1</itemStatus>
      <LastUpdateDate />
      <LastUpdateTime />
    </Product>
    <Product>
      <PriceUpdateDate>2018/07/03 09:34</PriceUpdateDate>
      <ItemCode>7290003643295</ItemCode>
      <ItemType>1</ItemType>
      <ItemName>אורז אורזיל 1 ק"ג</ItemName>
      <ManufactureName>סוגת תעשיות בעמ</ManufactureName>
      <ManufactureCountry />
      <ManufactureItemDescription />
      <UnitQty>י"ח</UnitQty>
      <Quantity>1</Quantity>
      <UnitMeasure>י"ח</UnitMeasure>
      <BisWeighted>0</BisWeighted>
      <QtyInPackage>1</QtyInPackage>
      <ItemPrice>5.90</ItemPrice>
      <UnitOfMeasurePrice>5.90</UnitOfMeasurePrice>
      <AllowDiscount>1</AllowDiscount>
      <itemStatus>1</itemStatus>
      <LastUpdateDate />
      <LastUpdateTime />
    </Product>
    <Product>
      <PriceUpdateDate>2016/07/28 14:32</PriceUpdateDate>
      <ItemCode>3643325</ItemCode>
      <ItemType>0</ItemType>
      <ItemName>קוסקוס מזרחי 350גר`</ItemName>
      <ManufactureName>סוגת תעשיות בעמ</ManufactureName>
      <ManufactureCountry />
      <ManufactureItemDescription />
      <UnitQty>י"ח</UnitQty>
      <Quantity>350</Quantity>
      <UnitMeasure>ל  גרם</UnitMeasure>
      <BisWeighted>0</BisWeighted>
      <QtyInPackage>1</QtyInPackage>
      <ItemPrice>4.90</ItemPrice>
      <UnitOfMeasurePrice>1.40</UnitOfMeasurePrice>
      <AllowDiscount>1</AllowDiscount>
      <itemStatus>1</itemStatus>
      <LastUpdateDate />
      <LastUpdateTime />
    </Product>
    <Product>
      <PriceUpdateDate>2013/12/16 15:44</PriceUpdateDate>
      <ItemCode>7290003643707</ItemCode>
      <ItemType>1</ItemType>
      <ItemName>גריסים 500 ג</ItemName>
      <ManufactureName>סוגת תעשיות בעמ</ManufactureName>
      <ManufactureCountry />
      <ManufactureItemDescription />
      <UnitQty>י"ח</UnitQty>
      <Quantity>500</Quantity>
      <UnitMeasure>ל  גרם</UnitMeasure>
      <BisWeighted>0</BisWeighted>
      <QtyInPackage>1</QtyInPackage>
      <ItemPrice>8</ItemPrice>
      <UnitOfMeasurePrice>1.60</UnitOfMeasurePrice>
      <AllowDiscount>1</AllowDiscount>
      <itemStatus>1</itemStatus>
      <LastUpdateDate />
      <LastUpdateTime />
    </Product>
    <Product>
      <PriceUpdateDate>2016/12/20 09:56</PriceUpdateDate>
      <ItemCode>7290003643714</ItemCode>
      <ItemType>1</ItemType>
      <ItemName>חומוס 500 גרם סוגת</ItemName>
      <ManufactureName>סוגת תעשיות בעמ</ManufactureName>
      <ManufactureCountry />
      <ManufactureItemDescription />
      <UnitQty>י"ח</UnitQty>
      <Quantity>500</Quantity>
      <UnitMeasure>ל  גרם</UnitMeasure>
      <BisWeighted>0</BisWeighted>
      <QtyInPackage>1</QtyInPackage>
      <ItemPrice>6.50</ItemPrice>
      <UnitOfMeasurePrice>1.30</UnitOfMeasurePrice>
      <AllowDiscount>1</AllowDiscount>
      <itemStatus>1</itemStatus>
      <LastUpdateDate />
      <LastUpdateTime />
    </Product>
    <Product>
      <PriceUpdateDate>2015/11/10 11:38</PriceUpdateDate>
      <ItemCode>7290003643738</ItemCode>
      <ItemType>1</ItemType>
      <ItemName>חיטה 500 גרם סוגת</ItemName>
      <ManufactureName>סוגת תעשיות בעמ</ManufactureName>
      <ManufactureCountry />
      <ManufactureItemDescription />
      <UnitQty>י"ח</UnitQty>
      <Quantity>500</Quantity>
      <UnitMeasure>ל  גרם</UnitMeasure>
      <BisWeighted>0</BisWeighted>
      <QtyInPackage>1</QtyInPackage>
      <ItemPrice>5</ItemPrice>
      <UnitOfMeasurePrice>1</UnitOfMeasurePrice>
      <AllowDiscount>1</AllowDiscount>
      <itemStatus>1</itemStatus>
      <LastUpdateDate />
      <LastUpdateTime />
    </Product>
    <Product>
      <PriceUpdateDate>2016/12/20 09:56</PriceUpdateDate>
      <ItemCode>7290003643745</ItemCode>
      <ItemType>1</ItemType>
      <ItemName>כוסמת 500 גרם סוגת</ItemName>
      <ManufactureName>סוגת תעשיות בעמ</ManufactureName>
      <ManufactureCountry />
      <ManufactureItemDescription />
      <UnitQty>י"ח</UnitQty>
      <Quantity>500</Quantity>
      <UnitMeasure>ל  גרם</UnitMeasure>
      <BisWeighted>0</BisWeighted>
      <QtyInPackage>1</QtyInPackage>
      <ItemPrice>6.50</ItemPrice>
      <UnitOfMeasurePrice>1.30</UnitOfMeasurePrice>
      <AllowDiscount>1</AllowDiscount>
      <itemStatus>1</itemStatus>
      <LastUpdateDate />
      <LastUpdateTime />
    </Product>
    <Product>
      <PriceUpdateDate>2016/12/20 09:56</PriceUpdateDate>
      <ItemCode>7290003643776</ItemCode>
      <ItemType>1</ItemType>
      <ItemName>פופקורן 500 גרם</ItemName>
      <ManufactureName>סוגת תעשיות בעמ</ManufactureName>
      <ManufactureCountry />
      <ManufactureItemDescription />
      <UnitQty>י"ח</UnitQty>
      <Quantity>500</Quantity>
      <UnitMeasure>ל  גרם</UnitMeasure>
      <BisWeighted>0</BisWeighted>
      <QtyInPackage>1</QtyInPackage>
      <ItemPrice>6.50</ItemPrice>
      <UnitOfMeasurePrice>1.30</UnitOfMeasurePrice>
      <AllowDiscount>1</AllowDiscount>
      <itemStatus>1</itemStatus>
      <LastUpdateDate />
      <LastUpdateTime />
    </Product>
    <Product>
      <PriceUpdateDate>2016/05/09 13:07</PriceUpdateDate>
      <ItemCode>7290003643806</ItemCode>
      <ItemType>1</ItemType>
      <ItemName>שעועית לבנה 500 גרם</ItemName>
      <ManufactureName>סוגת תעשיות בעמ</ManufactureName>
      <ManufactureCountry />
      <ManufactureItemDescription />
      <UnitQty>י"ח</UnitQty>
      <Quantity>500</Quantity>
      <UnitMeasure>ל  גרם</UnitMeasure>
      <BisWeighted>0</BisWeighted>
      <QtyInPackage>1</QtyInPackage>
      <ItemPrice>9.90</ItemPrice>
      <UnitOfMeasurePrice>1.98</UnitOfMeasurePrice>
      <AllowDiscount>1</AllowDiscount>
      <itemStatus>1</itemStatus>
      <LastUpdateDate />
      <LastUpdateTime />
    </Product>
    <Product>
      <PriceUpdateDate>2015/11/02 13:03</PriceUpdateDate>
      <ItemCode>7290003643813</ItemCode>
      <ItemType>1</ItemType>
      <ItemName>שעועית אדומה 500 גרם</ItemName>
      <ManufactureName>סוגת תעשיות בעמ</ManufactureName>
      <ManufactureCountry />
      <ManufactureItemDescription />
      <UnitQty>י"ח</UnitQty>
      <Quantity>500</Quantity>
      <UnitMeasure>ל  גרם</UnitMeasure>
      <BisWeighted>0</BisWeighted>
      <QtyInPackage>1</QtyInPackage>
      <ItemPrice>11.90</ItemPrice>
      <UnitOfMeasurePrice>2.38</UnitOfMeasurePrice>
      <AllowDiscount>1</AllowDiscount>
      <itemStatus>1</itemStatus>
      <LastUpdateDate />
      <LastUpdateTime />
    </Product>
    <Product>
      <PriceUpdateDate>2014/01/19 10:41</PriceUpdateDate>
      <ItemCode>3715107</ItemCode>
      <ItemType>0</ItemType>
      <ItemName>בוטנים קלופים 400גר</ItemName>
      <ManufactureName>זארובי פיצוחי הגליל</ManufactureName>
      <ManufactureCountry />
      <ManufactureItemDescription />
      <UnitQty>י"ח</UnitQty>
      <Quantity>400</Quantity>
      <UnitMeasure>ל  גרם</UnitMeasure>
      <BisWeighted>0</BisWeighted>
      <QtyInPackage>1</QtyInPackage>
      <ItemPrice>12.90</ItemPrice>
      <UnitOfMeasurePrice>3.23</UnitOfMeasurePrice>
      <AllowDiscount>1</AllowDiscount>
      <itemStatus>1</itemStatus>
      <LastUpdateDate />
      <LastUpdateTime />
    </Product>
    <Product>
      <PriceUpdateDate>2014/01/19 10:41</PriceUpdateDate>
      <ItemCode>3715435</ItemCode>
      <ItemType>0</ItemType>
      <ItemName>אגוז מלך 100גר</ItemName>
      <ManufactureName>זארובי פיצוחי הגליל</ManufactureName>
      <ManufactureCountry />
      <ManufactureItemDescription />
      <UnitQty>י"ח</UnitQty>
      <Quantity>100</Quantity>
      <UnitMeasure>ל  גרם</UnitMeasure>
      <BisWeighted>0</BisWeighted>
      <QtyInPackage>1</QtyInPackage>
      <ItemPrice>12.90</ItemPrice>
      <UnitOfMeasurePrice>12.90</UnitOfMeasurePrice>
      <AllowDiscount>1</AllowDiscount>
      <itemStatus>1</itemStatus>
      <LastUpdateDate />
      <LastUpdateTime />
    </Product>
    <Product>
      <PriceUpdateDate>2014/01/19 10:41</PriceUpdateDate>
      <ItemCode>3715596</ItemCode>
      <ItemType>0</ItemType>
      <ItemName>אגוז מלך  זארובי 300גר*</ItemName>
      <ManufactureName>זארובי פיצוחי הגליל</ManufactureName>
      <ManufactureCountry />
      <ManufactureItemDescription />
      <UnitQty>י"ח</UnitQty>
      <Quantity>300</Quantity>
      <UnitMeasure>ל  גרם</UnitMeasure>
      <BisWeighted>0</BisWeighted>
      <QtyInPackage>1</QtyInPackage>
      <ItemPrice>28.90</ItemPrice>
      <UnitOfMeasurePrice>9.63</UnitOfMeasurePrice>
      <AllowDiscount>1</AllowDiscount>
      <itemStatus>1</itemStatus>
      <LastUpdateDate />
      <LastUpdateTime />
    </Product>
    <Product>
      <PriceUpdateDate>2014/01/19 10:41</PriceUpdateDate>
      <ItemCode>3715633</ItemCode>
      <ItemType>0</ItemType>
      <ItemName>שקד טבעי 100גר</ItemName>
      <ManufactureName>זארובי פיצוחי הגליל</ManufactureName>
      <ManufactureCountry />
      <ManufactureItemDescription />
      <UnitQty>י"ח</UnitQty>
      <Quantity>100</Quantity>
      <UnitMeasure>ל  גרם</UnitMeasure>
      <BisWeighted>0</BisWeighted>
      <QtyInPackage>1</QtyInPackage>
      <ItemPrice>10.90</ItemPrice>
      <UnitOfMeasurePrice>10.90</UnitOfMeasurePrice>
      <AllowDiscount>1</AllowDiscount>
      <itemStatus>1</itemStatus>
      <LastUpdateDate />
      <LastUpdateTime />
    </Product>
    <Product>
      <PriceUpdateDate>2014/01/19 10:41</PriceUpdateDate>
      <ItemCode>3715688</ItemCode>
      <ItemType>0</ItemType>
      <ItemName>שקד מולבן פרוס 100גר</ItemName>
      <ManufactureName>זארובי פיצוחי הגליל</ManufactureName>
      <ManufactureCountry />
      <ManufactureItemDescription />
      <UnitQty>י"ח</UnitQty>
      <Quantity>100</Quantity>
      <UnitMeasure>ל  גרם</UnitMeasure>
      <BisWeighted>0</BisWeighted>
      <QtyInPackage>1</QtyInPackage>
      <ItemPrice>11.90</ItemPrice>
      <UnitOfMeasurePrice>11.90</UnitOfMeasurePrice>
      <AllowDiscount>1</AllowDiscount>
      <itemStatus>1</itemStatus>
      <LastUpdateDate />
      <LastUpdateTime />
    </Product>
    <Product>
      <PriceUpdateDate>2014/01/19 10:41</PriceUpdateDate>
      <ItemCode>3715732</ItemCode>
      <ItemType>0</ItemType>
      <ItemName>שקד גרוס 100גר</ItemName>
      <ManufactureName>זארובי פיצוחי הגליל</ManufactureName>
      <ManufactureCountry />
      <ManufactureItemDescription />
      <UnitQty>י"ח</UnitQty>
      <Quantity>100</Quantity>
      <UnitMeasure>ל  גרם</UnitMeasure>
      <BisWeighted>0</BisWeighted>
      <QtyInPackage>1</QtyInPackage>
      <ItemPrice>11.90</ItemPrice>
      <UnitOfMeasurePrice>11.90</UnitOfMeasurePrice>
      <AllowDiscount>1</AllowDiscount>
      <itemStatus>1</itemStatus>
      <LastUpdateDate />
      <LastUpdateTime />
    </Product>
    <Product>
      <PriceUpdateDate>2014/01/19 10:41</PriceUpdateDate>
      <ItemCode>3715749</ItemCode>
      <ItemType>0</ItemType>
      <ItemName>אגוז מלך גרוס  100גר</ItemName>
      <ManufactureName>זארובי פיצוחי הגליל</ManufactureName>
      <ManufactureCountry />
      <ManufactureItemDescription />
      <UnitQty>י"ח</UnitQty>
      <Quantity>100</Quantity>
      <UnitMeasure>ל  גרם</UnitMeasure>
      <BisWeighted>0</BisWeighted>
      <QtyInPackage>1</QtyInPackage>
      <ItemPrice>12.90</ItemPrice>
      <UnitOfMeasurePrice>12.90</UnitOfMeasurePrice>
      <AllowDiscount>1</AllowDiscount>
      <itemStatus>1</itemStatus>
      <LastUpdateDate />
      <LastUpdateTime />
    </Product>
    <Product>
      <PriceUpdateDate>2014/01/19 10:41</PriceUpdateDate>
      <ItemCode>3715831</ItemCode>
      <ItemType>0</ItemType>
      <ItemName>אגוז מלך טחון 100גר</ItemName>
      <ManufactureName>זארובי פיצוחי הגליל</ManufactureName>
      <ManufactureCountry />
      <ManufactureItemDescription />
      <UnitQty>י"ח</UnitQty>
      <Quantity>100</Quantity>
      <UnitMeasure>ל  גרם</UnitMeasure>
      <BisWeighted>0</BisWeighted>
      <QtyInPackage>1</QtyInPackage>
      <ItemPrice>12.90</ItemPrice>
      <UnitOfMeasurePrice>12.90</UnitOfMeasurePrice>
      <AllowDiscount>1</AllowDiscount>
      <itemStatus>1</itemStatus>
      <LastUpdateDate />
      <LastUpdateTime />
    </Product>
    <Product>
      <PriceUpdateDate>2020/02/13 09:31</PriceUpdateDate>
      <ItemCode>3726684</ItemCode>
      <ItemType>0</ItemType>
      <ItemName>טופו חומוס 300גר טעם טבעי.</ItemName>
      <ManufactureName>שטראוס גרופ ***בעמ</ManufactureName>
      <ManufactureCountry />
      <ManufactureItemDescription />
      <UnitQty>י"ח</UnitQty>
      <Quantity>300</Quantity>
      <UnitMeasure>ל  גרם</UnitMeasure>
      <BisWeighted>0</BisWeighted>
      <QtyInPackage>1</QtyInPackage>
      <ItemPrice>13.90</ItemPrice>
      <UnitOfMeasurePrice>4.63</UnitOfMeasurePrice>
      <AllowDiscount>1</AllowDiscount>
      <itemStatus>1</itemStatus>
      <LastUpdateDate />
      <LastUpdateTime />
    </Product>
    <Product>
      <PriceUpdateDate>2020/02/13 09:31</PriceUpdateDate>
      <ItemCode>3726691</ItemCode>
      <ItemType>0</ItemType>
      <ItemName>טופו חומוס 300גר טעם מעושן</ItemName>
      <ManufactureName>שטראוס גרופ ***בעמ</ManufactureName>
      <ManufactureCountry />
      <ManufactureItemDescription />
      <UnitQty>י"ח</UnitQty>
      <Quantity>300</Quantity>
      <UnitMeasure>ל  גרם</UnitMeasure>
      <BisWeighted>0</BisWeighted>
      <QtyInPackage>1</QtyInPackage>
      <ItemPrice>13.90</ItemPrice>
      <UnitOfMeasurePrice>4.63</UnitOfMeasurePrice>
      <AllowDiscount>1</AllowDiscount>
      <itemStatus>1</itemStatus>
      <LastUpdateDate />
      <LastUpdateTime />
    </Product>
    <Product>
      <PriceUpdateDate>2019/12/27 08:44</PriceUpdateDate>
      <ItemCode>7290003805501</ItemCode>
      <ItemType>1</ItemType>
      <ItemName>פתית שבדי חסכוני 300 ג`</ItemName>
      <ManufactureName>יוניליוור ישראל שיווק בעמ</ManufactureName>
      <ManufactureCountry />
      <ManufactureItemDescription />
      <UnitQty>י"ח</UnitQty>
      <Quantity>300</Quantity>
      <UnitMeasure>ל  גרם</UnitMeasure>
      <BisWeighted>0</BisWeighted>
      <QtyInPackage>1</QtyInPackage>
      <ItemPrice>16.90</ItemPrice>
      <UnitOfMeasurePrice>5.63</UnitOfMeasurePrice>
      <AllowDiscount>1</AllowDiscount>
      <itemStatus>1</itemStatus>
      <LastUpdateDate />
      <LastUpdateTime />
    </Product>
    <Product>
      <PriceUpdateDate>2019/12/27 08:44</PriceUpdateDate>
      <ItemCode>7290003805587</ItemCode>
      <ItemType>1</ItemType>
      <ItemName>פתית ח.מ בד"צ</ItemName>
      <ManufactureName>יוניליוור ישראל שיווק בעמ</ManufactureName>
      <ManufactureCountry />
      <ManufactureItemDescription />
      <UnitQty>י"ח</UnitQty>
      <Quantity>250</Quantity>
      <UnitMeasure>ל  גרם</UnitMeasure>
      <BisWeighted>0</BisWeighted>
      <QtyInPackage>1</QtyInPackage>
      <ItemPrice>16.90</ItemPrice>
      <UnitOfMeasurePrice>6.76</UnitOfMeasurePrice>
      <AllowDiscount>1</AllowDiscount>
      <itemStatus>1</itemStatus>
      <LastUpdateDate />
      <LastUpdateTime />
    </Product>
    <Product>
      <PriceUpdateDate>2019/05/12 09:04</PriceUpdateDate>
      <ItemCode>3805648</ItemCode>
      <ItemType>0</ItemType>
      <ItemName>אקס בודי ספריי בלק 150מ"ל</ItemName>
      <ManufactureName>יוניליוור ישראל שיווק בעמ</ManufactureName>
      <ManufactureCountry />
      <ManufactureItemDescription />
      <UnitQty>י"ח</UnitQty>
      <Quantity>150</Quantity>
      <UnitMeasure>ל  מ"ל</UnitMeasure>
      <BisWeighted>0</BisWeighted>
      <QtyInPackage>1</QtyInPackage>
      <ItemPrice>14.90</ItemPrice>
      <UnitOfMeasurePrice>9.93</UnitOfMeasurePrice>
      <AllowDiscount>1</AllowDiscount>
      <itemStatus>1</itemStatus>
      <LastUpdateDate />
      <LastUpdateTime />
    </Product>
    <Product>
      <PriceUpdateDate>2016/01/05 09:33</PriceUpdateDate>
      <ItemCode>3806072</ItemCode>
      <ItemType>0</ItemType>
      <ItemName>מארז סיף</ItemName>
      <ManufactureName>יוניליוור ישראל שיווק בעמ</ManufactureName>
      <ManufactureCountry />
      <ManufactureItemDescription />
      <UnitQty>י"ח</UnitQty>
      <Quantity>225</Quantity>
      <UnitMeasure>ל  גרם</UnitMeasure>
      <BisWeighted>0</BisWeighted>
      <QtyInPackage>1</QtyInPackage>
      <ItemPrice>19.90</ItemPrice>
      <UnitOfMeasurePrice>8.84</UnitOfMeasurePrice>
      <AllowDiscount>0</AllowDiscount>
      <itemStatus>1</itemStatus>
      <LastUpdateDate />
      <LastUpdateTime />
    </Product>
    <Product>
      <PriceUpdateDate>2020/02/06 13:06</PriceUpdateDate>
      <ItemCode>3806577</ItemCode>
      <ItemType>0</ItemType>
      <ItemName>##דאב דאו  ספריי 90ג</ItemName>
      <ManufactureName>יוניליוור ישראל שיווק בעמ</ManufactureName>
      <ManufactureCountry />
      <ManufactureItemDescription />
      <UnitQty>י"ח</UnitQty>
      <Quantity>90</Quantity>
      <UnitMeasure>ל  מ"ל</UnitMeasure>
      <BisWeighted>0</BisWeighted>
      <QtyInPackage>1</QtyInPackage>
      <ItemPrice>15.90</ItemPrice>
      <UnitOfMeasurePrice>17.67</UnitOfMeasurePrice>
      <AllowDiscount>1</AllowDiscount>
      <itemStatus>1</itemStatus>
      <LastUpdateDate />
      <LastUpdateTime />
    </Product>
    <Product>
      <PriceUpdateDate>2020/02/06 13:06</PriceUpdateDate>
      <ItemCode>3806584</ItemCode>
      <ItemType>0</ItemType>
      <ItemName>דאו דאב ספריי ללא סימן  90ג</ItemName>
      <ManufactureName>יוניליוור ישראל שיווק בעמ</ManufactureName>
      <ManufactureCountry />
      <ManufactureItemDescription />
      <UnitQty>י"ח</UnitQty>
      <Quantity>90</Quantity>
      <UnitMeasure>ל  מ"ל</UnitMeasure>
      <BisWeighted>0</BisWeighted>
      <QtyInPackage>1</QtyInPackage>
      <ItemPrice>15.90</ItemPrice>
      <UnitOfMeasurePrice>17.67</UnitOfMeasurePrice>
      <AllowDiscount>1</AllowDiscount>
      <itemStatus>1</itemStatus>
      <LastUpdateDate />
      <LastUpdateTime />
    </Product>
    <Product>
      <PriceUpdateDate>2020/02/06 13:06</PriceUpdateDate>
      <ItemCode>7290003806591</ItemCode>
      <ItemType>1</ItemType>
      <ItemName>דאו דאב ספריי מלפפון 90ג</ItemName>
      <ManufactureName>יוניליוור ישראל שיווק בעמ</ManufactureName>
      <ManufactureCountry />
      <ManufactureItemDescription />
      <UnitQty>י"ח</UnitQty>
      <Quantity>90</Quantity>
      <UnitMeasure>ל  מ"ל</UnitMeasure>
      <BisWeighted>0</BisWeighted>
      <QtyInPackage>1</QtyInPackage>
      <ItemPrice>15.90</ItemPrice>
      <UnitOfMeasurePrice>17.67</UnitOfMeasurePrice>
      <AllowDiscount>1</AllowDiscount>
      <itemStatus>1</itemStatus>
      <LastUpdateDate />
      <LastUpdateTime />
    </Product>
    <Product>
      <PriceUpdateDate>2020/02/06 13:06</PriceUpdateDate>
      <ItemCode>7290003806607</ItemCode>
      <ItemType>1</ItemType>
      <ItemName>דאו דאב ספריי ביוטי פיניש 90ג</ItemName>
      <ManufactureName>יוניליוור ישראל שיווק בעמ</ManufactureName>
      <ManufactureCountry />
      <ManufactureItemDescription />
      <UnitQty>י"ח</UnitQty>
      <Quantity>90</Quantity>
      <UnitMeasure>ל  מ"ל</UnitMeasure>
      <BisWeighted>0</BisWeighted>
      <QtyInPackage>1</QtyInPackage>
      <ItemPrice>15.90</ItemPrice>
      <UnitOfMeasurePrice>17.67</UnitOfMeasurePrice>
      <AllowDiscount>1</AllowDiscount>
      <itemStatus>1</itemStatus>
      <LastUpdateDate />
      <LastUpdateTime />
    </Product>
    <Product>
      <PriceUpdateDate>2019/04/14 10:08</PriceUpdateDate>
      <ItemCode>7290003806645</ItemCode>
      <ItemType>1</ItemType>
      <ItemName>פתיתי תירס ללא גלוטן 200גר</ItemName>
      <ManufactureName>יוניליוור ישראל שיווק בעמ</ManufactureName>
      <ManufactureCountry />
      <ManufactureItemDescription />
      <UnitQty>י"ח</UnitQty>
      <Quantity>200</Quantity>
      <UnitMeasure>ל  מ"ל</UnitMeasure>
      <BisWeighted>0</BisWeighted>
      <QtyInPackage>1</QtyInPackage>
      <ItemPrice>16.90</ItemPrice>
      <UnitOfMeasurePrice>8.45</UnitOfMeasurePrice>
      <AllowDiscount>1</AllowDiscount>
      <itemStatus>1</itemStatus>
      <LastUpdateDate />
      <LastUpdateTime />
    </Product>
    <Product>
      <PriceUpdateDate>2016/10/23 08:10</PriceUpdateDate>
      <ItemCode>3893416</ItemCode>
      <ItemType>0</ItemType>
      <ItemName>פילה אמנון גדלים שונים בלדי</ItemName>
      <ManufactureName>בלדי בעמ</ManufactureName>
      <ManufactureCountry />
      <ManufactureItemDescription />
      <UnitQty>ק"ג</UnitQty>
      <Quantity>1</Quantity>
      <UnitMeasure>ק"ג</UnitMeasure>
      <BisWeighted>1</BisWeighted>
      <QtyInPackage>1</QtyInPackage>
      <ItemPrice>32.90</ItemPrice>
      <UnitOfMeasurePrice>32.90</UnitOfMeasurePrice>
      <AllowDiscount>1</AllowDiscount>
      <itemStatus>1</itemStatus>
      <LastUpdateDate />
      <LastUpdateTime />
    </Product>
    <Product>
      <PriceUpdateDate>2015/11/16 13:02</PriceUpdateDate>
      <ItemCode>7290003902163</ItemCode>
      <ItemType>1</ItemType>
      <ItemName>רולדת שוקולד מצופה</ItemName>
      <ManufactureName>שטראוס גרופ בעמ</ManufactureName>
      <ManufactureCountry />
      <ManufactureItemDescription />
      <UnitQty>י"ח</UnitQty>
      <Quantity>400</Quantity>
      <UnitMeasure>ל  גרם</UnitMeasure>
      <BisWeighted>0</BisWeighted>
      <QtyInPackage>1</QtyInPackage>
      <ItemPrice>16.90</ItemPrice>
      <UnitOfMeasurePrice>4.23</UnitOfMeasurePrice>
      <AllowDiscount>1</AllowDiscount>
      <itemStatus>1</itemStatus>
      <LastUpdateDate />
      <LastUpdateTime />
    </Product>
    <Product>
      <PriceUpdateDate>2018/12/11 16:06</PriceUpdateDate>
      <ItemCode>7290003903955</ItemCode>
      <ItemType>1</ItemType>
      <ItemName>שוקולד במילוי קרם חלב  100 גרם</ItemName>
      <ManufactureName>שטראוס גרופ בעמ</ManufactureName>
      <ManufactureCountry />
      <ManufactureItemDescription />
      <UnitQty>י"ח</UnitQty>
      <Quantity>100</Quantity>
      <UnitMeasure>ל  גרם</UnitMeasure>
      <BisWeighted>0</BisWeighted>
      <QtyInPackage>1</QtyInPackage>
      <ItemPrice>5.90</ItemPrice>
      <UnitOfMeasurePrice>5.90</UnitOfMeasurePrice>
      <AllowDiscount>1</AllowDiscount>
      <itemStatus>1</itemStatus>
      <LastUpdateDate />
      <LastUpdateTime />
    </Product>
    <Product>
      <PriceUpdateDate>2018/12/11 16:06</PriceUpdateDate>
      <ItemCode>7290003905331</ItemCode>
      <ItemType>1</ItemType>
      <ItemName>פרה שברי אגוזים</ItemName>
      <ManufactureName>שטראוס גרופ בעמ</ManufactureName>
      <ManufactureCountry />
      <ManufactureItemDescription />
      <UnitQty>י"ח</UnitQty>
      <Quantity>100</Quantity>
      <UnitMeasure>ל  גרם</UnitMeasure>
      <BisWeighted>0</BisWeighted>
      <QtyInPackage>1</QtyInPackage>
      <ItemPrice>5.90</ItemPrice>
      <UnitOfMeasurePrice>5.90</UnitOfMeasurePrice>
      <AllowDiscount>1</AllowDiscount>
      <itemStatus>1</itemStatus>
      <LastUpdateDate />
      <LastUpdateTime />
    </Product>
    <Product>
      <PriceUpdateDate>2014/05/19 08:09</PriceUpdateDate>
      <ItemCode>7290003989553</ItemCode>
      <ItemType>1</ItemType>
      <ItemName>טורטלוני פטריות  שטראוס</ItemName>
      <ManufactureName>שטראוס גרופ ***בעמ</ManufactureName>
      <ManufactureCountry />
      <ManufactureItemDescription />
      <UnitQty>י"ח</UnitQty>
      <Quantity>400</Quantity>
      <UnitMeasure>ל  גרם</UnitMeasure>
      <BisWeighted>0</BisWeighted>
      <QtyInPackage>1</QtyInPackage>
      <ItemPrice>19.90</ItemPrice>
      <UnitOfMeasurePrice>4.98</UnitOfMeasurePrice>
      <AllowDiscount>1</AllowDiscount>
      <itemStatus>1</itemStatus>
      <LastUpdateDate />
      <LastUpdateTime />
    </Product>
    <Product>
      <PriceUpdateDate>2014/04/23 10:19</PriceUpdateDate>
      <ItemCode>7290004006044</ItemCode>
      <ItemType>1</ItemType>
      <ItemName>סדין נוער משובח</ItemName>
      <ManufactureName>אינטרסן (1996) בעמ</ManufactureName>
      <ManufactureCountry />
      <ManufactureItemDescription />
      <UnitQty>י"ח</UnitQty>
      <Quantity>1</Quantity>
      <UnitMeasure />
      <BisWeighted>0</BisWeighted>
      <QtyInPackage>1</QtyInPackage>
      <ItemPrice>13.90</ItemPrice>
      <UnitOfMeasurePrice>13.90</UnitOfMeasurePrice>
      <AllowDiscount>1</AllowDiscount>
      <itemStatus>1</itemStatus>
      <LastUpdateDate />
      <LastUpdateTime />
    </Product>
    <Product>
      <PriceUpdateDate>2016/03/07 09:13</PriceUpdateDate>
      <ItemCode>4011284</ItemCode>
      <ItemType>0</ItemType>
      <ItemName>בסיס להכנת קצפת 212מ"ל</ItemName>
      <ManufactureName>נטו מלינדה סחר בעמ</ManufactureName>
      <ManufactureCountry />
      <ManufactureItemDescription />
      <UnitQty>י"ח</UnitQty>
      <Quantity>212</Quantity>
      <UnitMeasure>ל  מ"ל</UnitMeasure>
      <BisWeighted>0</BisWeighted>
      <QtyInPackage>1</QtyInPackage>
      <ItemPrice>9</ItemPrice>
      <UnitOfMeasurePrice>4.25</UnitOfMeasurePrice>
      <AllowDiscount>1</AllowDiscount>
      <itemStatus>1</itemStatus>
      <LastUpdateDate />
      <LastUpdateTime />
    </Product>
    <Product>
      <PriceUpdateDate>2020/02/19 10:15</PriceUpdateDate>
      <ItemCode>4011338</ItemCode>
      <ItemType>0</ItemType>
      <ItemName>קצפת 250מ"ל</ItemName>
      <ManufactureName>נטו מלינדה סחר בעמ</ManufactureName>
      <ManufactureCountry />
      <ManufactureItemDescription />
      <UnitQty>י"ח</UnitQty>
      <Quantity>250</Quantity>
      <UnitMeasure>ל  מ"ל</UnitMeasure>
      <BisWeighted>0</BisWeighted>
      <QtyInPackage>1</QtyInPackage>
      <ItemPrice>9.90</ItemPrice>
      <UnitOfMeasurePrice>3.96</UnitOfMeasurePrice>
      <AllowDiscount>1</AllowDiscount>
      <itemStatus>1</itemStatus>
      <LastUpdateDate />
      <LastUpdateTime />
    </Product>
    <Product>
      <PriceUpdateDate>2020/02/19 10:15</PriceUpdateDate>
      <ItemCode>4011345</ItemCode>
      <ItemType>0</ItemType>
      <ItemName>קצפת  ריצ`פרווה במיכל 250 מ"ל</ItemName>
      <ManufactureName>נטו מלינדה סחר בעמ</ManufactureName>
      <ManufactureCountry />
      <ManufactureItemDescription />
      <UnitQty>י"ח</UnitQty>
      <Quantity>250</Quantity>
      <UnitMeasure>ל  מ"ל</UnitMeasure>
      <BisWeighted>0</BisWeighted>
      <QtyInPackage>1</QtyInPackage>
      <ItemPrice>9.90</ItemPrice>
      <UnitOfMeasurePrice>3.96</UnitOfMeasurePrice>
      <AllowDiscount>1</AllowDiscount>
      <itemStatus>1</itemStatus>
      <LastUpdateDate />
      <LastUpdateTime />
    </Product>
    <Product>
      <PriceUpdateDate>2018/04/01 14:05</PriceUpdateDate>
      <ItemCode>4030018</ItemCode>
      <ItemType>0</ItemType>
      <ItemName>פריניב מיץ לימון סחוט 500מ"ל</ItemName>
      <ManufactureName>תנובה בעמ ***</ManufactureName>
      <ManufactureCountry />
      <ManufactureItemDescription />
      <UnitQty>י"ח</UnitQty>
      <Quantity>500</Quantity>
      <UnitMeasure>ל  מ"ל</UnitMeasure>
      <BisWeighted>0</BisWeighted>
      <QtyInPackage>1</QtyInPackage>
      <ItemPrice>11.20</ItemPrice>
      <UnitOfMeasurePrice>2.18</UnitOfMeasurePrice>
      <AllowDiscount>1</AllowDiscount>
      <itemStatus>1</itemStatus>
      <LastUpdateDate />
      <LastUpdateTime />
    </Product>
    <Product>
      <PriceUpdateDate>2018/10/07 09:24</PriceUpdateDate>
      <ItemCode>4030025</ItemCode>
      <ItemType>0</ItemType>
      <ItemName>תפוז שמוטי סחוט 100% 2ל</ItemName>
      <ManufactureName>תנובה בעמ ***</ManufactureName>
      <ManufactureCountry />
      <ManufactureItemDescription />
      <UnitQty>י"ח</UnitQty>
      <Quantity>2</Quantity>
      <UnitMeasure>ליטר</UnitMeasure>
      <BisWeighted>0</BisWeighted>
      <QtyInPackage>1</QtyInPackage>
      <ItemPrice>24.90</ItemPrice>
      <UnitOfMeasurePrice>12.45</UnitOfMeasurePrice>
      <AllowDiscount>1</AllowDiscount>
      <itemStatus>1</itemStatus>
      <LastUpdateDate />
      <LastUpdateTime />
    </Product>
    <Product>
      <PriceUpdateDate>2019/03/05 12:21</PriceUpdateDate>
      <ItemCode>4030032</ItemCode>
      <ItemType>0</ItemType>
      <ItemName>תפוז וולניה סחוט 100% 2ל</ItemName>
      <ManufactureName>תנובה בעמ ***</ManufactureName>
      <ManufactureCountry />
      <ManufactureItemDescription />
      <UnitQty>י"ח</UnitQty>
      <Quantity>2</Quantity>
      <UnitMeasure>ליטר</UnitMeasure>
      <BisWeighted>0</BisWeighted>
      <QtyInPackage>1</QtyInPackage>
      <ItemPrice>24.90</ItemPrice>
      <UnitOfMeasurePrice>12.45</UnitOfMeasurePrice>
      <AllowDiscount>1</AllowDiscount>
      <itemStatus>1</itemStatus>
      <LastUpdateDate />
      <LastUpdateTime />
    </Product>
    <Product>
      <PriceUpdateDate>2016/08/21 08:42</PriceUpdateDate>
      <ItemCode>4030049</ItemCode>
      <ItemType>0</ItemType>
      <ItemName>מיץ פומלית סחוט 100% 1 ליטר</ItemName>
      <ManufactureName>תנובה בעמ ***</ManufactureName>
      <ManufactureCountry />
      <ManufactureItemDescription />
      <UnitQty>י"ח</UnitQty>
      <Quantity>1</Quantity>
      <UnitMeasure>ליטר</UnitMeasure>
      <BisWeighted>0</BisWeighted>
      <QtyInPackage>1</QtyInPackage>
      <ItemPrice>18.20</ItemPrice>
      <UnitOfMeasurePrice>18.20</UnitOfMeasurePrice>
      <AllowDiscount>1</AllowDiscount>
      <itemStatus>1</itemStatus>
      <LastUpdateDate />
      <LastUpdateTime />
    </Product>
    <Product>
      <PriceUpdateDate>2018/09/27 09:06</PriceUpdateDate>
      <ItemCode>4030117</ItemCode>
      <ItemType>0</ItemType>
      <ItemName>מיץ אננס סחוט 100% 1ל</ItemName>
      <ManufactureName>תנובה בעמ ***</ManufactureName>
      <ManufactureCountry />
      <ManufactureItemDescription />
      <UnitQty>י"ח</UnitQty>
      <Quantity>1</Quantity>
      <UnitMeasure>ליטר</UnitMeasure>
      <BisWeighted>0</BisWeighted>
      <QtyInPackage>1</QtyInPackage>
      <ItemPrice>17.20</ItemPrice>
      <UnitOfMeasurePrice>17.20</UnitOfMeasurePrice>
      <AllowDiscount>1</AllowDiscount>
      <itemStatus>1</itemStatus>
      <LastUpdateDate />
      <LastUpdateTime />
    </Product>
    <Product>
      <PriceUpdateDate>2016/08/21 08:42</PriceUpdateDate>
      <ItemCode>4030223</ItemCode>
      <ItemType>0</ItemType>
      <ItemName>מיץ תפוח  1 ליטר סחוט 100%</ItemName>
      <ManufactureName>תנובה בעמ ***</ManufactureName>
      <ManufactureCountry />
      <ManufactureItemDescription />
      <UnitQty>י"ח</UnitQty>
      <Quantity>1</Quantity>
      <UnitMeasure>ליטר</UnitMeasure>
      <BisWeighted>0</BisWeighted>
      <QtyInPackage>1</QtyInPackage>
      <ItemPrice>18.20</ItemPrice>
      <UnitOfMeasurePrice>18.20</UnitOfMeasurePrice>
      <AllowDiscount>1</AllowDiscount>
      <itemStatus>1</itemStatus>
      <LastUpdateDate />
      <LastUpdateTime />
    </Product>
    <Product>
      <PriceUpdateDate>2016/08/21 08:42</PriceUpdateDate>
      <ItemCode>4030353</ItemCode>
      <ItemType>0</ItemType>
      <ItemName>מיץ כתום תפוח גזר גינגר וכורכום</ItemName>
      <ManufactureName>תנובה בעמ ***</ManufactureName>
      <ManufactureCountry />
      <ManufactureItemDescription />
      <UnitQty>י"ח</UnitQty>
      <Quantity>330</Quantity>
      <UnitMeasure>ל  מ"ל</UnitMeasure>
      <BisWeighted>0</BisWeighted>
      <QtyInPackage>1</QtyInPackage>
      <ItemPrice>12.20</ItemPrice>
      <UnitOfMeasurePrice>3.61</UnitOfMeasurePrice>
      <AllowDiscount>1</AllowDiscount>
      <itemStatus>1</itemStatus>
      <LastUpdateDate />
      <LastUpdateTime />
    </Product>
    <Product>
      <PriceUpdateDate>2018/02/27 10:20</PriceUpdateDate>
      <ItemCode>4030506</ItemCode>
      <ItemType>0</ItemType>
      <ItemName>פריניב גויאבה אננס 100% 2ל</ItemName>
      <ManufactureName>תנובה בעמ ***</ManufactureName>
      <ManufactureCountry />
      <ManufactureItemDescription />
      <UnitQty>י"ח</UnitQty>
      <Quantity>2</Quantity>
      <UnitMeasure>ליטר</UnitMeasure>
      <BisWeighted>0</BisWeighted>
      <QtyInPackage>1</QtyInPackage>
      <ItemPrice>24.90</ItemPrice>
      <UnitOfMeasurePrice>12.45</UnitOfMeasurePrice>
      <AllowDiscount>1</AllowDiscount>
      <itemStatus>1</itemStatus>
      <LastUpdateDate />
      <LastUpdateTime />
    </Product>
    <Product>
      <PriceUpdateDate>2018/02/27 10:20</PriceUpdateDate>
      <ItemCode>4030513</ItemCode>
      <ItemType>0</ItemType>
      <ItemName>פריניב מנגו אננס 100% 2ל</ItemName>
      <ManufactureName>תנובה בעמ ***</ManufactureName>
      <ManufactureCountry />
      <ManufactureItemDescription />
      <UnitQty>י"ח</UnitQty>
      <Quantity>2</Quantity>
      <UnitMeasure>ליטר</UnitMeasure>
      <BisWeighted>0</BisWeighted>
      <QtyInPackage>1</QtyInPackage>
      <ItemPrice>24.90</ItemPrice>
      <UnitOfMeasurePrice>12.45</UnitOfMeasurePrice>
      <AllowDiscount>1</AllowDiscount>
      <itemStatus>1</itemStatus>
      <LastUpdateDate />
      <LastUpdateTime />
    </Product>
    <Product>
      <PriceUpdateDate>2016/03/11 08:18</PriceUpdateDate>
      <ItemCode>4030650</ItemCode>
      <ItemType>0</ItemType>
      <ItemName>מיץ כתום תפוז,מנגו ג`ינג`ר וכורכום 330</ItemName>
      <ManufactureName>תנובה בעמ ***</ManufactureName>
      <ManufactureCountry />
      <ManufactureItemDescription />
      <UnitQty>י"ח</UnitQty>
      <Quantity>330</Quantity>
      <UnitMeasure>ל  מ"ל</UnitMeasure>
      <BisWeighted>0</BisWeighted>
      <QtyInPackage>1</QtyInPackage>
      <ItemPrice>17.20</ItemPrice>
      <UnitOfMeasurePrice>5.12</UnitOfMeasurePrice>
      <AllowDiscount>1</AllowDiscount>
      <itemStatus>1</itemStatus>
      <LastUpdateDate />
      <LastUpdateTime />
    </Product>
    <Product>
      <PriceUpdateDate>2016/08/21 08:42</PriceUpdateDate>
      <ItemCode>4030698</ItemCode>
      <ItemType>0</ItemType>
      <ItemName>מיץ חמוציות 2 ליטר</ItemName>
      <ManufactureName>תנובה בעמ ***</ManufactureName>
      <ManufactureCountry />
      <ManufactureItemDescription />
      <UnitQty>י"ח</UnitQty>
      <Quantity>2</Quantity>
      <UnitMeasure>ליטר</UnitMeasure>
      <BisWeighted>0</BisWeighted>
      <QtyInPackage>1</QtyInPackage>
      <ItemPrice>17.90</ItemPrice>
      <UnitOfMeasurePrice>8.95</UnitOfMeasurePrice>
      <AllowDiscount>1</AllowDiscount>
      <itemStatus>1</itemStatus>
      <LastUpdateDate />
      <LastUpdateTime />
    </Product>
    <Product>
      <PriceUpdateDate>2017/03/09 14:14</PriceUpdateDate>
      <ItemCode>4030810</ItemCode>
      <ItemType>0</ItemType>
      <ItemName>שייק 100% בננה פסיפלורה תפוז ללא תוספת</ItemName>
      <ManufactureName>תנובה בעמ ***</ManufactureName>
      <ManufactureCountry />
      <ManufactureItemDescription />
      <UnitQty>י"ח</UnitQty>
      <Quantity>1</Quantity>
      <UnitMeasure>ליטר</UnitMeasure>
      <BisWeighted>0</BisWeighted>
      <QtyInPackage>1</QtyInPackage>
      <ItemPrice>17.90</ItemPrice>
      <UnitOfMeasurePrice>17.90</UnitOfMeasurePrice>
      <AllowDiscount>1</AllowDiscount>
      <itemStatus>1</itemStatus>
      <LastUpdateDate />
      <LastUpdateTime />
    </Product>
    <Product>
      <PriceUpdateDate>2016/08/21 08:42</PriceUpdateDate>
      <ItemCode>4030957</ItemCode>
      <ItemType>0</ItemType>
      <ItemName>פריניב מיץ לימונדה בלדי 2 ליטר</ItemName>
      <ManufactureName>תנובה בעמ ***</ManufactureName>
      <ManufactureCountry />
      <ManufactureItemDescription />
      <UnitQty>י"ח</UnitQty>
      <Quantity>2</Quantity>
      <UnitMeasure>ליטר</UnitMeasure>
      <BisWeighted>0</BisWeighted>
      <QtyInPackage>1</QtyInPackage>
      <ItemPrice>17.90</ItemPrice>
      <UnitOfMeasurePrice>8.95</UnitOfMeasurePrice>
      <AllowDiscount>1</AllowDiscount>
      <itemStatus>1</itemStatus>
      <LastUpdateDate />
      <LastUpdateTime />
    </Product>
    <Product>
      <PriceUpdateDate>2016/10/23 08:10</PriceUpdateDate>
      <ItemCode>4048518</ItemCode>
      <ItemType>0</ItemType>
      <ItemName>פילה אמנון גדלים שונים נטו</ItemName>
      <ManufactureName>נטו מלינדה סחר בעמ</ManufactureName>
      <ManufactureCountry />
      <ManufactureItemDescription />
      <UnitQty>ק"ג</UnitQty>
      <Quantity>1</Quantity>
      <UnitMeasure>ק"ג</UnitMeasure>
      <BisWeighted>1</BisWeighted>
      <QtyInPackage>1</QtyInPackage>
      <ItemPrice>32.90</ItemPrice>
      <UnitOfMeasurePrice>32.90</UnitOfMeasurePrice>
      <AllowDiscount>1</AllowDiscount>
      <itemStatus>1</itemStatus>
      <LastUpdateDate />
      <LastUpdateTime />
    </Product>
    <Product>
      <PriceUpdateDate>2020/04/19 12:23</PriceUpdateDate>
      <ItemCode>4048525</ItemCode>
      <ItemType>0</ItemType>
      <ItemName>פילה אמנון דלידג</ItemName>
      <ManufactureName>נטו מלינדה סחר בעמ</ManufactureName>
      <ManufactureCountry />
      <ManufactureItemDescription />
      <UnitQty>ק"ג</UnitQty>
      <Quantity>200</Quantity>
      <UnitMeasure>ל  גרם</UnitMeasure>
      <BisWeighted>1</BisWeighted>
      <QtyInPackage>1</QtyInPackage>
      <ItemPrice>32.90</ItemPrice>
      <UnitOfMeasurePrice>16.45</UnitOfMeasurePrice>
      <AllowDiscount>1</AllowDiscount>
      <itemStatus>1</itemStatus>
      <LastUpdateDate />
      <LastUpdateTime />
    </Product>
    <Product>
      <PriceUpdateDate>2016/10/23 08:10</PriceUpdateDate>
      <ItemCode>4048532</ItemCode>
      <ItemType>0</ItemType>
      <ItemName>פילה אמנון דלי דג</ItemName>
      <ManufactureName>נטו מלינדה סחר בעמ</ManufactureName>
      <ManufactureCountry />
      <ManufactureItemDescription />
      <UnitQty>ק"ג</UnitQty>
      <Quantity>1</Quantity>
      <UnitMeasure />
      <BisWeighted>1</BisWeighted>
      <QtyInPackage>1</QtyInPackage>
      <ItemPrice>32.90</ItemPrice>
      <UnitOfMeasurePrice>32.90</UnitOfMeasurePrice>
      <AllowDiscount>1</AllowDiscount>
      <itemStatus>1</itemStatus>
      <LastUpdateDate />
      <LastUpdateTime />
    </Product>
    <Product>
      <PriceUpdateDate>2013/11/04 10:30</PriceUpdateDate>
      <ItemCode>7290004078225</ItemCode>
      <ItemType>1</ItemType>
      <ItemName>קולגייט מי פה פלקס ירוק</ItemName>
      <ManufactureName>ש.שסטוביץ בעמ</ManufactureName>
      <ManufactureCountry />
      <ManufactureItemDescription />
      <UnitQty>י"ח</UnitQty>
      <Quantity>500</Quantity>
      <UnitMeasure>ל  מ"ל</UnitMeasure>
      <BisWeighted>0</BisWeighted>
      <QtyInPackage>1</QtyInPackage>
      <ItemPrice>29.90</ItemPrice>
      <UnitOfMeasurePrice>5.98</UnitOfMeasurePrice>
      <AllowDiscount>1</AllowDiscount>
      <itemStatus>1</itemStatus>
      <LastUpdateDate />
      <LastUpdateTime />
    </Product>
    <Product>
      <PriceUpdateDate>2014/05/04 17:00</PriceUpdateDate>
      <ItemCode>4086626</ItemCode>
      <ItemType>0</ItemType>
      <ItemName>ניוואה קרם רחצה מועשר בחלב במבוק 750מ"</ItemName>
      <ManufactureName>אלפא ב.ד.ף בעמ</ManufactureName>
      <ManufactureCountry />
      <ManufactureItemDescription />
      <UnitQty>י"ח</UnitQty>
      <Quantity>750</Quantity>
      <UnitMeasure>ל  מ"ל</UnitMeasure>
      <BisWeighted>0</BisWeighted>
      <QtyInPackage>1</QtyInPackage>
      <ItemPrice>19.90</ItemPrice>
      <UnitOfMeasurePrice>2.65</UnitOfMeasurePrice>
      <AllowDiscount>1</AllowDiscount>
      <itemStatus>1</itemStatus>
      <LastUpdateDate />
      <LastUpdateTime />
    </Product>
    <Product>
      <PriceUpdateDate>2019/05/12 09:04</PriceUpdateDate>
      <ItemCode>4086664</ItemCode>
      <ItemType>0</ItemType>
      <ItemName>תחליב רחצה סופט 750מ"ל</ItemName>
      <ManufactureName>אלפא ב.ד.ף בעמ</ManufactureName>
      <ManufactureCountry />
      <ManufactureItemDescription />
      <UnitQty>י"ח</UnitQty>
      <Quantity>750</Quantity>
      <UnitMeasure>ל  מ"ל</UnitMeasure>
      <BisWeighted>0</BisWeighted>
      <QtyInPackage>1</QtyInPackage>
      <ItemPrice>19.90</ItemPrice>
      <UnitOfMeasurePrice>2.65</UnitOfMeasurePrice>
      <AllowDiscount>1</AllowDiscount>
      <itemStatus>1</itemStatus>
      <LastUpdateDate />
      <LastUpdateTime />
    </Product>
    <Product>
      <PriceUpdateDate>2019/05/14 09:26</PriceUpdateDate>
      <ItemCode>7290004120566</ItemCode>
      <ItemType>1</ItemType>
      <ItemName>פריאוס גבינה בולגרית 250 ג`</ItemName>
      <ManufactureName>תנובה בעמ ***</ManufactureName>
      <ManufactureCountry />
      <ManufactureItemDescription />
      <UnitQty>י"ח</UnitQty>
      <Quantity>250</Quantity>
      <UnitMeasure>ל  גרם</UnitMeasure>
      <BisWeighted>0</BisWeighted>
      <QtyInPackage>1</QtyInPackage>
      <ItemPrice>23.70</ItemPrice>
      <UnitOfMeasurePrice>9.48</UnitOfMeasurePrice>
      <AllowDiscount>1</AllowDiscount>
      <itemStatus>1</itemStatus>
      <LastUpdateDate />
      <LastUpdateTime />
    </Product>
    <Product>
      <PriceUpdateDate>2019/05/14 09:26</PriceUpdateDate>
      <ItemCode>7290004120573</ItemCode>
      <ItemType>1</ItemType>
      <ItemName>פריאוס בולגרית 16%</ItemName>
      <ManufactureName>תנובה בעמ ***</ManufactureName>
      <ManufactureCountry />
      <ManufactureItemDescription />
      <UnitQty>י"ח</UnitQty>
      <Quantity>250</Quantity>
      <UnitMeasure>ל  גרם</UnitMeasure>
      <BisWeighted>0</BisWeighted>
      <QtyInPackage>1</QtyInPackage>
      <ItemPrice>23.70</ItemPrice>
      <UnitOfMeasurePrice>9.48</UnitOfMeasurePrice>
      <AllowDiscount>1</AllowDiscount>
      <itemStatus>1</itemStatus>
      <LastUpdateDate />
      <LastUpdateTime />
    </Product>
    <Product>
      <PriceUpdateDate>2019/10/02 14:34</PriceUpdateDate>
      <ItemCode>7290004120634</ItemCode>
      <ItemType>1</ItemType>
      <ItemName>~ב. פיראוס</ItemName>
      <ManufactureName>תנובה בעמ ***</ManufactureName>
      <ManufactureCountry />
      <ManufactureItemDescription />
      <UnitQty>י"ח</UnitQty>
      <Quantity>250</Quantity>
      <UnitMeasure>ל  גרם</UnitMeasure>
      <BisWeighted>0</BisWeighted>
      <QtyInPackage>1</QtyInPackage>
      <ItemPrice>23.70</ItemPrice>
      <UnitOfMeasurePrice>9.48</UnitOfMeasurePrice>
      <AllowDiscount>1</AllowDiscount>
      <itemStatus>1</itemStatus>
      <LastUpdateDate />
      <LastUpdateTime />
    </Product>
    <Product>
      <PriceUpdateDate>2019/12/31 14:35</PriceUpdateDate>
      <ItemCode>7290004121839</ItemCode>
      <ItemType>1</ItemType>
      <ItemName>פיראוס פטה כבשים 20% 250גרם</ItemName>
      <ManufactureName>תנובה בעמ ***</ManufactureName>
      <ManufactureCountry />
      <ManufactureItemDescription />
      <UnitQty>י"ח</UnitQty>
      <Quantity>250</Quantity>
      <UnitMeasure>ל  גרם</UnitMeasure>
      <BisWeighted>0</BisWeighted>
      <QtyInPackage>1</QtyInPackage>
      <ItemPrice>26.80</ItemPrice>
      <UnitOfMeasurePrice>10.72</UnitOfMeasurePrice>
      <AllowDiscount>1</AllowDiscount>
      <itemStatus>1</itemStatus>
      <LastUpdateDate />
      <LastUpdateTime />
    </Product>
    <Product>
      <PriceUpdateDate>2019/05/14 09:26</PriceUpdateDate>
      <ItemCode>7290004121853</ItemCode>
      <ItemType>1</ItemType>
      <ItemName>פיראוס בולגרית קוביות 5%</ItemName>
      <ManufactureName>תנובה בעמ ***</ManufactureName>
      <ManufactureCountry />
      <ManufactureItemDescription />
      <UnitQty>י"ח</UnitQty>
      <Quantity>200</Quantity>
      <UnitMeasure>ל  גרם</UnitMeasure>
      <BisWeighted>0</BisWeighted>
      <QtyInPackage>1</QtyInPackage>
      <ItemPrice>21.60</ItemPrice>
      <UnitOfMeasurePrice>10.80</UnitOfMeasurePrice>
      <AllowDiscount>1</AllowDiscount>
      <itemStatus>1</itemStatus>
      <LastUpdateDate />
      <LastUpdateTime />
    </Product>
    <Product>
      <PriceUpdateDate>2019/05/14 09:26</PriceUpdateDate>
      <ItemCode>7290004122676</ItemCode>
      <ItemType>1</ItemType>
      <ItemName>חמד גבינה תנובה</ItemName>
      <ManufactureName>תנובה בעמ ***</ManufactureName>
      <ManufactureCountry />
      <ManufactureItemDescription />
      <UnitQty>י"ח</UnitQty>
      <Quantity>250</Quantity>
      <UnitMeasure>ל  גרם</UnitMeasure>
      <BisWeighted>0</BisWeighted>
      <QtyInPackage>1</QtyInPackage>
      <ItemPrice>18.50</ItemPrice>
      <UnitOfMeasurePrice>7.40</UnitOfMeasurePrice>
      <AllowDiscount>1</AllowDiscount>
      <itemStatus>1</itemStatus>
      <LastUpdateDate />
      <LastUpdateTime />
    </Product>
    <Product>
      <PriceUpdateDate>2019/06/16 09:47</PriceUpdateDate>
      <ItemCode>7290004123284</ItemCode>
      <ItemType>1</ItemType>
      <ItemName>גבינה למריחה ללא   מלח*250גר</ItemName>
      <ManufactureName>תנובה בעמ ***</ManufactureName>
      <ManufactureCountry />
      <ManufactureItemDescription />
      <UnitQty>י"ח</UnitQty>
      <Quantity>250</Quantity>
      <UnitMeasure>ל  גרם</UnitMeasure>
      <BisWeighted>0</BisWeighted>
      <QtyInPackage>1</QtyInPackage>
      <ItemPrice>4.75</ItemPrice>
      <UnitOfMeasurePrice>1.90</UnitOfMeasurePrice>
      <AllowDiscount>1</AllowDiscount>
      <itemStatus>1</itemStatus>
      <LastUpdateDate />
      <LastUpdateTime />
    </Product>
    <Product>
      <PriceUpdateDate>2019/12/31 14:35</PriceUpdateDate>
      <ItemCode>7290004128333</ItemCode>
      <ItemType>1</ItemType>
      <ItemName>לבנה פיראוס</ItemName>
      <ManufactureName>תנובה בעמ ***</ManufactureName>
      <ManufactureCountry />
      <ManufactureItemDescription />
      <UnitQty>י"ח</UnitQty>
      <Quantity>500</Quantity>
      <UnitMeasure>ל  גרם</UnitMeasure>
      <BisWeighted>0</BisWeighted>
      <QtyInPackage>1</QtyInPackage>
      <ItemPrice>19.50</ItemPrice>
      <UnitOfMeasurePrice>3.90</UnitOfMeasurePrice>
      <AllowDiscount>1</AllowDiscount>
      <itemStatus>1</itemStatus>
      <LastUpdateDate />
      <LastUpdateTime />
    </Product>
    <Product>
      <PriceUpdateDate>2019/12/31 14:35</PriceUpdateDate>
      <ItemCode>4128401</ItemCode>
      <ItemType>0</ItemType>
      <ItemName>פטה, 3 ק"ג</ItemName>
      <ManufactureName>תנובה בעמ ***</ManufactureName>
      <ManufactureCountry />
      <ManufactureItemDescription />
      <UnitQty>ק"ג</UnitQty>
      <Quantity>1</Quantity>
      <UnitMeasure>ק"ג</UnitMeasure>
      <BisWeighted>1</BisWeighted>
      <QtyInPackage>1</QtyInPackage>
      <ItemPrice>111</ItemPrice>
      <UnitOfMeasurePrice>111</UnitOfMeasurePrice>
      <AllowDiscount>1</AllowDiscount>
      <itemStatus>1</itemStatus>
      <LastUpdateDate />
      <LastUpdateTime />
    </Product>
    <Product>
      <PriceUpdateDate>2019/06/16 09:47</PriceUpdateDate>
      <ItemCode>7290004129545</ItemCode>
      <ItemType>1</ItemType>
      <ItemName>גבינה לבנה  תנובה 3% 250 גרם</ItemName>
      <ManufactureName>תנובה בעמ ***</ManufactureName>
      <ManufactureCountry />
      <ManufactureItemDescription />
      <UnitQty>י"ח</UnitQty>
      <Quantity>250</Quantity>
      <UnitMeasure>ל  גרם</UnitMeasure>
      <BisWeighted>0</BisWeighted>
      <QtyInPackage>1</QtyInPackage>
      <ItemPrice>4.90</ItemPrice>
      <UnitOfMeasurePrice>1.96</UnitOfMeasurePrice>
      <AllowDiscount>1</AllowDiscount>
      <itemStatus>1</itemStatus>
      <LastUpdateDate />
      <LastUpdateTime />
    </Product>
    <Product>
      <PriceUpdateDate>2019/12/31 14:35</PriceUpdateDate>
      <ItemCode>7290004131814</ItemCode>
      <ItemType>1</ItemType>
      <ItemName>פיראוס צפתית 200 ג  5%</ItemName>
      <ManufactureName>תנובה בעמ ***</ManufactureName>
      <ManufactureCountry />
      <ManufactureItemDescription />
      <UnitQty>י"ח</UnitQty>
      <Quantity>200</Quantity>
      <UnitMeasure>ל  גרם</UnitMeasure>
      <BisWeighted>0</BisWeighted>
      <QtyInPackage>1</QtyInPackage>
      <ItemPrice>14.90</ItemPrice>
      <UnitOfMeasurePrice>7.45</UnitOfMeasurePrice>
      <AllowDiscount>1</AllowDiscount>
      <itemStatus>1</itemStatus>
      <LastUpdateDate />
      <LastUpdateTime />
    </Product>
    <Product>
      <PriceUpdateDate>2019/12/31 14:35</PriceUpdateDate>
      <ItemCode>4131845</ItemCode>
      <ItemType>0</ItemType>
      <ItemName>לאבנה 9% 750 גר`מהדרין</ItemName>
      <ManufactureName>תנובה בעמ ***</ManufactureName>
      <ManufactureCountry />
      <ManufactureItemDescription />
      <UnitQty>י"ח</UnitQty>
      <Quantity>750</Quantity>
      <UnitMeasure>ל  גרם</UnitMeasure>
      <BisWeighted>0</BisWeighted>
      <QtyInPackage>1</QtyInPackage>
      <ItemPrice>20.90</ItemPrice>
      <UnitOfMeasurePrice>2.79</UnitOfMeasurePrice>
      <AllowDiscount>1</AllowDiscount>
      <itemStatus>1</itemStatus>
      <LastUpdateDate />
      <LastUpdateTime />
    </Product>
    <Product>
      <PriceUpdateDate>2019/06/16 09:47</PriceUpdateDate>
      <ItemCode>7290004132903</ItemCode>
      <ItemType>1</ItemType>
      <ItemName>גבינה  250 ג`בד"צ 3%</ItemName>
      <ManufactureName>תנובה בעמ ***</ManufactureName>
      <ManufactureCountry />
      <ManufactureItemDescription />
      <UnitQty>י"ח</UnitQty>
      <Quantity>250</Quantity>
      <UnitMeasure>ל  גרם</UnitMeasure>
      <BisWeighted>0</BisWeighted>
      <QtyInPackage>1</QtyInPackage>
      <ItemPrice>4.90</ItemPrice>
      <UnitOfMeasurePrice>1.96</UnitOfMeasurePrice>
      <AllowDiscount>1</AllowDiscount>
      <itemStatus>1</itemStatus>
      <LastUpdateDate />
      <LastUpdateTime />
    </Product>
    <Product>
      <PriceUpdateDate>2019/05/14 09:26</PriceUpdateDate>
      <ItemCode>7290004135614</ItemCode>
      <ItemType>1</ItemType>
      <ItemName>פיראוס בולגרית מעודנת 5%</ItemName>
      <ManufactureName>תנובה בעמ ***</ManufactureName>
      <ManufactureCountry />
      <ManufactureItemDescription />
      <UnitQty>י"ח</UnitQty>
      <Quantity>250</Quantity>
      <UnitMeasure>ל  גרם</UnitMeasure>
      <BisWeighted>0</BisWeighted>
      <QtyInPackage>1</QtyInPackage>
      <ItemPrice>23.70</ItemPrice>
      <UnitOfMeasurePrice>9.48</UnitOfMeasurePrice>
      <AllowDiscount>1</AllowDiscount>
      <itemStatus>1</itemStatus>
      <LastUpdateDate />
      <LastUpdateTime />
    </Product>
    <Product>
      <PriceUpdateDate>2019/05/14 09:26</PriceUpdateDate>
      <ItemCode>7290004135621</ItemCode>
      <ItemType>1</ItemType>
      <ItemName>פיראוס בולגרית מעודנת</ItemName>
      <ManufactureName>תנובה בעמ ***</ManufactureName>
      <ManufactureCountry />
      <ManufactureItemDescription />
      <UnitQty>י"ח</UnitQty>
      <Quantity>250</Quantity>
      <UnitMeasure>ל  גרם</UnitMeasure>
      <BisWeighted>0</BisWeighted>
      <QtyInPackage>1</QtyInPackage>
      <ItemPrice>23.70</ItemPrice>
      <UnitOfMeasurePrice>9.48</UnitOfMeasurePrice>
      <AllowDiscount>1</AllowDiscount>
      <itemStatus>1</itemStatus>
      <LastUpdateDate />
      <LastUpdateTime />
    </Product>
    <Product>
      <PriceUpdateDate>2019/12/31 14:35</PriceUpdateDate>
      <ItemCode>7290004136307</ItemCode>
      <ItemType>1</ItemType>
      <ItemName>בולגרית מעודנת 5%  120גר</ItemName>
      <ManufactureName>תנובה בעמ ***</ManufactureName>
      <ManufactureCountry />
      <ManufactureItemDescription />
      <UnitQty>י"ח</UnitQty>
      <Quantity>120</Quantity>
      <UnitMeasure>ל  גרם</UnitMeasure>
      <BisWeighted>0</BisWeighted>
      <QtyInPackage>1</QtyInPackage>
      <ItemPrice>12.90</ItemPrice>
      <UnitOfMeasurePrice>10.75</UnitOfMeasurePrice>
      <AllowDiscount>1</AllowDiscount>
      <itemStatus>1</itemStatus>
      <LastUpdateDate />
      <LastUpdateTime />
    </Product>
    <Product>
      <PriceUpdateDate>2014/01/02 13:41</PriceUpdateDate>
      <ItemCode>7290004136536</ItemCode>
      <ItemType>1</ItemType>
      <ItemName>צפתית מעודנת 5% 350 גרם</ItemName>
      <ManufactureName>תנובה בעמ ***</ManufactureName>
      <ManufactureCountry />
      <ManufactureItemDescription />
      <UnitQty>י"ח</UnitQty>
      <Quantity>350</Quantity>
      <UnitMeasure>ל  גרם</UnitMeasure>
      <BisWeighted>0</BisWeighted>
      <QtyInPackage>1</QtyInPackage>
      <ItemPrice>23</ItemPrice>
      <UnitOfMeasurePrice>6.57</UnitOfMeasurePrice>
      <AllowDiscount>1</AllowDiscount>
      <itemStatus>1</itemStatus>
      <LastUpdateDate />
      <LastUpdateTime />
    </Product>
    <Product>
      <PriceUpdateDate>2019/12/31 14:35</PriceUpdateDate>
      <ItemCode>7290004137809</ItemCode>
      <ItemType>1</ItemType>
      <ItemName>לאבנה 5% 250גר</ItemName>
      <ManufactureName>תנובה בעמ ***</ManufactureName>
      <ManufactureCountry />
      <ManufactureItemDescription />
      <UnitQty>י"ח</UnitQty>
      <Quantity>250</Quantity>
      <UnitMeasure>ל  גרם</UnitMeasure>
      <BisWeighted>0</BisWeighted>
      <QtyInPackage>1</QtyInPackage>
      <ItemPrice>12.90</ItemPrice>
      <UnitOfMeasurePrice>5.16</UnitOfMeasurePrice>
      <AllowDiscount>1</AllowDiscount>
      <itemStatus>1</itemStatus>
      <LastUpdateDate />
      <LastUpdateTime />
    </Product>
    <Product>
      <PriceUpdateDate>2020/01/13 10:05</PriceUpdateDate>
      <ItemCode>7290004146986</ItemCode>
      <ItemType>1</ItemType>
      <ItemName>שמפו נקה -7 לשיער צבוע</ItemName>
      <ManufactureName>החב הדרומית לשיווק</ManufactureName>
      <ManufactureCountry />
      <ManufactureItemDescription />
      <UnitQty>י"ח</UnitQty>
      <Quantity>750</Quantity>
      <UnitMeasure>ל  מ"ל</UnitMeasure>
      <BisWeighted>0</BisWeighted>
      <QtyInPackage>1</QtyInPackage>
      <ItemPrice>10.90</ItemPrice>
      <UnitOfMeasurePrice>1.45</UnitOfMeasurePrice>
      <AllowDiscount>1</AllowDiscount>
      <itemStatus>1</itemStatus>
      <LastUpdateDate />
      <LastUpdateTime />
    </Product>
    <Product>
      <PriceUpdateDate>2020/01/13 10:05</PriceUpdateDate>
      <ItemCode>7290004146993</ItemCode>
      <ItemType>1</ItemType>
      <ItemName>מרכך נקה -7 לשיער צבוע</ItemName>
      <ManufactureName>החב הדרומית לשיווק</ManufactureName>
      <ManufactureCountry />
      <ManufactureItemDescription />
      <UnitQty>י"ח</UnitQty>
      <Quantity>750</Quantity>
      <UnitMeasure>ל  מ"ל</UnitMeasure>
      <BisWeighted>0</BisWeighted>
      <QtyInPackage>1</QtyInPackage>
      <ItemPrice>10.90</ItemPrice>
      <UnitOfMeasurePrice>1.45</UnitOfMeasurePrice>
      <AllowDiscount>1</AllowDiscount>
      <itemStatus>1</itemStatus>
      <LastUpdateDate />
      <LastUpdateTime />
    </Product>
    <Product>
      <PriceUpdateDate>2019/01/16 07:21</PriceUpdateDate>
      <ItemCode>4194260</ItemCode>
      <ItemType>0</ItemType>
      <ItemName>שוקיים עוף ארוז מחפוד קפוא</ItemName>
      <ManufactureName>עוף ירושלים שיווק (עסקאות)</ManufactureName>
      <ManufactureCountry />
      <ManufactureItemDescription />
      <UnitQty>ק"ג</UnitQty>
      <Quantity>1</Quantity>
      <UnitMeasure>ק"ג</UnitMeasure>
      <BisWeighted>1</BisWeighted>
      <QtyInPackage>1</QtyInPackage>
      <ItemPrice>31.90</ItemPrice>
      <UnitOfMeasurePrice>31.90</UnitOfMeasurePrice>
      <AllowDiscount>1</AllowDiscount>
      <itemStatus>1</itemStatus>
      <LastUpdateDate />
      <LastUpdateTime />
    </Product>
    <Product>
      <PriceUpdateDate>2016/10/23 08:10</PriceUpdateDate>
      <ItemCode>4225094</ItemCode>
      <ItemType>0</ItemType>
      <ItemName>פילה אמנון גדלים שונים תיבול פלפל</ItemName>
      <ManufactureName>נטו מלינדה סחר בעמ</ManufactureName>
      <ManufactureCountry />
      <ManufactureItemDescription />
      <UnitQty>ק"ג</UnitQty>
      <Quantity>1</Quantity>
      <UnitMeasure>ק"ג</UnitMeasure>
      <BisWeighted>1</BisWeighted>
      <QtyInPackage>1</QtyInPackage>
      <ItemPrice>32.90</ItemPrice>
      <UnitOfMeasurePrice>32.90</UnitOfMeasurePrice>
      <AllowDiscount>1</AllowDiscount>
      <itemStatus>1</itemStatus>
      <LastUpdateDate />
      <LastUpdateTime />
    </Product>
    <Product>
      <PriceUpdateDate>2016/10/23 08:10</PriceUpdateDate>
      <ItemCode>4225216</ItemCode>
      <ItemType>0</ItemType>
      <ItemName>פילה אמנון קפוא</ItemName>
      <ManufactureName>נטו מלינדה סחר בעמ</ManufactureName>
      <ManufactureCountry />
      <ManufactureItemDescription />
      <UnitQty>ק"ג</UnitQty>
      <Quantity>1</Quantity>
      <UnitMeasure>ק"ג</UnitMeasure>
      <BisWeighted>1</BisWeighted>
      <QtyInPackage>1</QtyInPackage>
      <ItemPrice>32.90</ItemPrice>
      <UnitOfMeasurePrice>32.90</UnitOfMeasurePrice>
      <AllowDiscount>1</AllowDiscount>
      <itemStatus>1</itemStatus>
      <LastUpdateDate />
      <LastUpdateTime />
    </Product>
    <Product>
      <PriceUpdateDate>2016/10/23 08:10</PriceUpdateDate>
      <ItemCode>4225223</ItemCode>
      <ItemType>0</ItemType>
      <ItemName>פילה אמנון קפוא</ItemName>
      <ManufactureName>נטו מלינדה סחר בעמ</ManufactureName>
      <ManufactureCountry />
      <ManufactureItemDescription />
      <UnitQty>ק"ג</UnitQty>
      <Quantity>1</Quantity>
      <UnitMeasure>ק"ג</UnitMeasure>
      <BisWeighted>1</BisWeighted>
      <QtyInPackage>1</QtyInPackage>
      <ItemPrice>32.90</ItemPrice>
      <UnitOfMeasurePrice>32.90</UnitOfMeasurePrice>
      <AllowDiscount>1</AllowDiscount>
      <itemStatus>1</itemStatus>
      <LastUpdateDate />
      <LastUpdateTime />
    </Product>
    <Product>
      <PriceUpdateDate>2016/10/23 08:10</PriceUpdateDate>
      <ItemCode>4225230</ItemCode>
      <ItemType>0</ItemType>
      <ItemName>פילה אמנון גדלים שונים קפוא</ItemName>
      <ManufactureName>נטו מלינדה סחר בעמ</ManufactureName>
      <ManufactureCountry />
      <ManufactureItemDescription />
      <UnitQty>ק"ג</UnitQty>
      <Quantity>1</Quantity>
      <UnitMeasure>ק"ג</UnitMeasure>
      <BisWeighted>1</BisWeighted>
      <QtyInPackage>1</QtyInPackage>
      <ItemPrice>32.90</ItemPrice>
      <UnitOfMeasurePrice>32.90</UnitOfMeasurePrice>
      <AllowDiscount>1</AllowDiscount>
      <itemStatus>1</itemStatus>
      <LastUpdateDate />
      <LastUpdateTime />
    </Product>
    <Product>
      <PriceUpdateDate>2016/10/23 08:10</PriceUpdateDate>
      <ItemCode>4225247</ItemCode>
      <ItemType>0</ItemType>
      <ItemName>פילה אמנון גדלים שונים  קפוא</ItemName>
      <ManufactureName>נטו מלינדה סחר בעמ</ManufactureName>
      <ManufactureCountry />
      <ManufactureItemDescription />
      <UnitQty>ק"ג</UnitQty>
      <Quantity>1</Quantity>
      <UnitMeasure>ק"ג</UnitMeasure>
      <BisWeighted>1</BisWeighted>
      <QtyInPackage>1</QtyInPackage>
      <ItemPrice>32.90</ItemPrice>
      <UnitOfMeasurePrice>32.90</UnitOfMeasurePrice>
      <AllowDiscount>1</AllowDiscount>
      <itemStatus>1</itemStatus>
      <LastUpdateDate />
      <LastUpdateTime />
    </Product>
    <Product>
      <PriceUpdateDate>2013/06/23 11:13</PriceUpdateDate>
      <ItemCode>4225285</ItemCode>
      <ItemType>0</ItemType>
      <ItemName>דנאבלו 100גר נטו</ItemName>
      <ManufactureName>נטו מלינדה סחר בעמ</ManufactureName>
      <ManufactureCountry />
      <ManufactureItemDescription />
      <UnitQty>י"ח</UnitQty>
      <Quantity>100</Quantity>
      <UnitMeasure>ל  גרם</UnitMeasure>
      <BisWeighted>0</BisWeighted>
      <QtyInPackage>1</QtyInPackage>
      <ItemPrice>12.10</ItemPrice>
      <UnitOfMeasurePrice>12.10</UnitOfMeasurePrice>
      <AllowDiscount>1</AllowDiscount>
      <itemStatus>1</itemStatus>
      <LastUpdateDate />
      <LastUpdateTime />
    </Product>
    <Product>
      <PriceUpdateDate>2019/12/03 07:53</PriceUpdateDate>
      <ItemCode>4228354</ItemCode>
      <ItemType>0</ItemType>
      <ItemName>פילה אמנון  קפוא(דלידג)</ItemName>
      <ManufactureName>נטו מלינדה סחר בעמ</ManufactureName>
      <ManufactureCountry />
      <ManufactureItemDescription />
      <UnitQty>ק"ג</UnitQty>
      <Quantity>1</Quantity>
      <UnitMeasure>י"ח</UnitMeasure>
      <BisWeighted>1</BisWeighted>
      <QtyInPackage>1</QtyInPackage>
      <ItemPrice>32.90</ItemPrice>
      <UnitOfMeasurePrice>32.90</UnitOfMeasurePrice>
      <AllowDiscount>1</AllowDiscount>
      <itemStatus>1</itemStatus>
      <LastUpdateDate />
      <LastUpdateTime />
    </Product>
    <Product>
      <PriceUpdateDate>2019/07/11 08:28</PriceUpdateDate>
      <ItemCode>4230074</ItemCode>
      <ItemType>0</ItemType>
      <ItemName>קציצות דג ברוטב עגבניות שגב 800גר</ItemName>
      <ManufactureName>נטו מלינדה סחר בעמ</ManufactureName>
      <ManufactureCountry />
      <ManufactureItemDescription />
      <UnitQty>י"ח</UnitQty>
      <Quantity>800</Quantity>
      <UnitMeasure>ל  גרם</UnitMeasure>
      <BisWeighted>0</BisWeighted>
      <QtyInPackage>1</QtyInPackage>
      <ItemPrice>29.90</ItemPrice>
      <UnitOfMeasurePrice>3.74</UnitOfMeasurePrice>
      <AllowDiscount>1</AllowDiscount>
      <itemStatus>1</itemStatus>
      <LastUpdateDate />
      <LastUpdateTime />
    </Product>
    <Product>
      <PriceUpdateDate>2013/06/23 11:13</PriceUpdateDate>
      <ItemCode>4230081</ItemCode>
      <ItemType>0</ItemType>
      <ItemName>קציצות עוף ברוטב עגבניות שגב 800גר</ItemName>
      <ManufactureName>נטו מלינדה סחר בעמ</ManufactureName>
      <ManufactureCountry />
      <ManufactureItemDescription />
      <UnitQty>י"ח</UnitQty>
      <Quantity>800</Quantity>
      <UnitMeasure>ל  גרם</UnitMeasure>
      <BisWeighted>0</BisWeighted>
      <QtyInPackage>1</QtyInPackage>
      <ItemPrice>33.30</ItemPrice>
      <UnitOfMeasurePrice>4.16</UnitOfMeasurePrice>
      <AllowDiscount>1</AllowDiscount>
      <itemStatus>1</itemStatus>
      <LastUpdateDate />
      <LastUpdateTime />
    </Product>
    <Product>
      <PriceUpdateDate>2015/04/30 08:46</PriceUpdateDate>
      <ItemCode>4230104</ItemCode>
      <ItemType>0</ItemType>
      <ItemName>קציצות בקר ברוטב עגבניות  שגב 800גר</ItemName>
      <ManufactureName>נטו מלינדה סחר בעמ</ManufactureName>
      <ManufactureCountry />
      <ManufactureItemDescription />
      <UnitQty>י"ח</UnitQty>
      <Quantity>800</Quantity>
      <UnitMeasure>ל  גרם</UnitMeasure>
      <BisWeighted>0</BisWeighted>
      <QtyInPackage>1</QtyInPackage>
      <ItemPrice>29.90</ItemPrice>
      <UnitOfMeasurePrice>3.74</UnitOfMeasurePrice>
      <AllowDiscount>1</AllowDiscount>
      <itemStatus>1</itemStatus>
      <LastUpdateDate />
      <LastUpdateTime />
    </Product>
    <Product>
      <PriceUpdateDate>2016/03/13 13:25</PriceUpdateDate>
      <ItemCode>4230265</ItemCode>
      <ItemType>0</ItemType>
      <ItemName>שווארמה בתיבול מזרחי שגב 500גר</ItemName>
      <ManufactureName>נטו מלינדה סחר בעמ</ManufactureName>
      <ManufactureCountry />
      <ManufactureItemDescription />
      <UnitQty>י"ח</UnitQty>
      <Quantity>500</Quantity>
      <UnitMeasure>ל  גרם</UnitMeasure>
      <BisWeighted>0</BisWeighted>
      <QtyInPackage>1</QtyInPackage>
      <ItemPrice>36.90</ItemPrice>
      <UnitOfMeasurePrice>7.38</UnitOfMeasurePrice>
      <AllowDiscount>1</AllowDiscount>
      <itemStatus>1</itemStatus>
      <LastUpdateDate />
      <LastUpdateTime />
    </Product>
    <Product>
      <PriceUpdateDate>2016/03/13 13:25</PriceUpdateDate>
      <ItemCode>4230272</ItemCode>
      <ItemType>0</ItemType>
      <ItemName>שווארמה בתיבול עדין שגב 500גר</ItemName>
      <ManufactureName>נטו מלינדה סחר בעמ</ManufactureName>
      <ManufactureCountry />
      <ManufactureItemDescription />
      <UnitQty>י"ח</UnitQty>
      <Quantity>500</Quantity>
      <UnitMeasure>ל  גרם</UnitMeasure>
      <BisWeighted>0</BisWeighted>
      <QtyInPackage>1</QtyInPackage>
      <ItemPrice>36.90</ItemPrice>
      <UnitOfMeasurePrice>7.38</UnitOfMeasurePrice>
      <AllowDiscount>1</AllowDiscount>
      <itemStatus>1</itemStatus>
      <LastUpdateDate />
      <LastUpdateTime />
    </Product>
    <Product>
      <PriceUpdateDate>2016/02/25 09:23</PriceUpdateDate>
      <ItemCode>4230296</ItemCode>
      <ItemType>0</ItemType>
      <ItemName>מקלות  בורקס פילו גבינה עיזים</ItemName>
      <ManufactureName>נטו מלינדה סחר בעמ</ManufactureName>
      <ManufactureCountry />
      <ManufactureItemDescription />
      <UnitQty>י"ח</UnitQty>
      <Quantity>650</Quantity>
      <UnitMeasure>ל  גרם</UnitMeasure>
      <BisWeighted>0</BisWeighted>
      <QtyInPackage>1</QtyInPackage>
      <ItemPrice>18.90</ItemPrice>
      <UnitOfMeasurePrice>2.91</UnitOfMeasurePrice>
      <AllowDiscount>1</AllowDiscount>
      <itemStatus>1</itemStatus>
      <LastUpdateDate />
      <LastUpdateTime />
    </Product>
    <Product>
      <PriceUpdateDate>2014/08/31 07:53</PriceUpdateDate>
      <ItemCode>4230326</ItemCode>
      <ItemType>0</ItemType>
      <ItemName>מקלות פילו עץ וקינמון שגב 600 גרם</ItemName>
      <ManufactureName>נטו מלינדה סחר בעמ</ManufactureName>
      <ManufactureCountry />
      <ManufactureItemDescription />
      <UnitQty>י"ח</UnitQty>
      <Quantity>600</Quantity>
      <UnitMeasure>ל  גרם</UnitMeasure>
      <BisWeighted>0</BisWeighted>
      <QtyInPackage>1</QtyInPackage>
      <ItemPrice>19.90</ItemPrice>
      <UnitOfMeasurePrice>3.32</UnitOfMeasurePrice>
      <AllowDiscount>1</AllowDiscount>
      <itemStatus>1</itemStatus>
      <LastUpdateDate />
      <LastUpdateTime />
    </Product>
    <Product>
      <PriceUpdateDate>2014/08/12 14:15</PriceUpdateDate>
      <ItemCode>4230333</ItemCode>
      <ItemType>0</ItemType>
      <ItemName>מקלות בורקס פילו תפו"א</ItemName>
      <ManufactureName>נטו מלינדה סחר בעמ</ManufactureName>
      <ManufactureCountry />
      <ManufactureItemDescription />
      <UnitQty>י"ח</UnitQty>
      <Quantity>700</Quantity>
      <UnitMeasure>ל  גרם</UnitMeasure>
      <BisWeighted>0</BisWeighted>
      <QtyInPackage>1</QtyInPackage>
      <ItemPrice>19.90</ItemPrice>
      <UnitOfMeasurePrice>2.84</UnitOfMeasurePrice>
      <AllowDiscount>1</AllowDiscount>
      <itemStatus>1</itemStatus>
      <LastUpdateDate />
      <LastUpdateTime />
    </Product>
    <Product>
      <PriceUpdateDate>2014/08/12 14:15</PriceUpdateDate>
      <ItemCode>4230340</ItemCode>
      <ItemType>0</ItemType>
      <ItemName>מקלות בורקס פילו תרד ובצל</ItemName>
      <ManufactureName>נטו מלינדה סחר בעמ</ManufactureName>
      <ManufactureCountry />
      <ManufactureItemDescription />
      <UnitQty>י"ח</UnitQty>
      <Quantity>700</Quantity>
      <UnitMeasure>ל  גרם</UnitMeasure>
      <BisWeighted>0</BisWeighted>
      <QtyInPackage>1</QtyInPackage>
      <ItemPrice>19.90</ItemPrice>
      <UnitOfMeasurePrice>2.84</UnitOfMeasurePrice>
      <AllowDiscount>1</AllowDiscount>
      <itemStatus>1</itemStatus>
      <LastUpdateDate />
      <LastUpdateTime />
    </Product>
    <Product>
      <PriceUpdateDate>2014/08/12 14:15</PriceUpdateDate>
      <ItemCode>4230357</ItemCode>
      <ItemType>0</ItemType>
      <ItemName>מקלות בורקס פילו גבינה ובטטה</ItemName>
      <ManufactureName>נטו מלינדה סחר בעמ</ManufactureName>
      <ManufactureCountry />
      <ManufactureItemDescription />
      <UnitQty>י"ח</UnitQty>
      <Quantity>700</Quantity>
      <UnitMeasure>ל  גרם</UnitMeasure>
      <BisWeighted>0</BisWeighted>
      <QtyInPackage>1</QtyInPackage>
      <ItemPrice>19.90</ItemPrice>
      <UnitOfMeasurePrice>2.84</UnitOfMeasurePrice>
      <AllowDiscount>1</AllowDiscount>
      <itemStatus>1</itemStatus>
      <LastUpdateDate />
      <LastUpdateTime />
    </Product>
    <Product>
      <PriceUpdateDate>2014/08/12 14:15</PriceUpdateDate>
      <ItemCode>4230364</ItemCode>
      <ItemType>0</ItemType>
      <ItemName>מקלות בורקס פילו גבינה צרפתית</ItemName>
      <ManufactureName>נטו מלינדה סחר בעמ</ManufactureName>
      <ManufactureCountry />
      <ManufactureItemDescription />
      <UnitQty>י"ח</UnitQty>
      <Quantity>700</Quantity>
      <UnitMeasure>ל  גרם</UnitMeasure>
      <BisWeighted>0</BisWeighted>
      <QtyInPackage>1</QtyInPackage>
      <ItemPrice>19.90</ItemPrice>
      <UnitOfMeasurePrice>2.84</UnitOfMeasurePrice>
      <AllowDiscount>1</AllowDiscount>
      <itemStatus>1</itemStatus>
      <LastUpdateDate />
      <LastUpdateTime />
    </Product>
    <Product>
      <PriceUpdateDate>2014/08/12 14:15</PriceUpdateDate>
      <ItemCode>4230371</ItemCode>
      <ItemType>0</ItemType>
      <ItemName>מקלות בורקס פילו פיצה  600 גרם</ItemName>
      <ManufactureName>נטו מלינדה סחר בעמ</ManufactureName>
      <ManufactureCountry />
      <ManufactureItemDescription />
      <UnitQty>י"ח</UnitQty>
      <Quantity>600</Quantity>
      <UnitMeasure>ל  גרם</UnitMeasure>
      <BisWeighted>0</BisWeighted>
      <QtyInPackage>1</QtyInPackage>
      <ItemPrice>19.90</ItemPrice>
      <UnitOfMeasurePrice>3.32</UnitOfMeasurePrice>
      <AllowDiscount>1</AllowDiscount>
      <itemStatus>1</itemStatus>
      <LastUpdateDate />
      <LastUpdateTime />
    </Product>
    <Product>
      <PriceUpdateDate>2018/12/30 09:44</PriceUpdateDate>
      <ItemCode>4230944</ItemCode>
      <ItemType>0</ItemType>
      <ItemName>מקלות בורקס פילו גבינה  600 גרם</ItemName>
      <ManufactureName>נטו מלינדה סחר בעמ</ManufactureName>
      <ManufactureCountry />
      <ManufactureItemDescription />
      <UnitQty>י"ח</UnitQty>
      <Quantity>600</Quantity>
      <UnitMeasure>ל  גרם</UnitMeasure>
      <BisWeighted>0</BisWeighted>
      <QtyInPackage>1</QtyInPackage>
      <ItemPrice>19.90</ItemPrice>
      <UnitOfMeasurePrice>3.32</UnitOfMeasurePrice>
      <AllowDiscount>1</AllowDiscount>
      <itemStatus>1</itemStatus>
      <LastUpdateDate />
      <LastUpdateTime />
    </Product>
    <Product>
      <PriceUpdateDate>2019/08/07 09:01</PriceUpdateDate>
      <ItemCode>4256371</ItemCode>
      <ItemType>0</ItemType>
      <ItemName>גבינה צהובה ריץ 400ג עלמה</ItemName>
      <ManufactureName>נטו מלינדה סחר בעמ</ManufactureName>
      <ManufactureCountry />
      <ManufactureItemDescription />
      <UnitQty>י"ח</UnitQty>
      <Quantity>400</Quantity>
      <UnitMeasure>ל  גרם</UnitMeasure>
      <BisWeighted>0</BisWeighted>
      <QtyInPackage>1</QtyInPackage>
      <ItemPrice>15.20</ItemPrice>
      <UnitOfMeasurePrice>3.80</UnitOfMeasurePrice>
      <AllowDiscount>1</AllowDiscount>
      <itemStatus>1</itemStatus>
      <LastUpdateDate />
      <LastUpdateTime />
    </Product>
    <Product>
      <PriceUpdateDate>2019/05/21 09:44</PriceUpdateDate>
      <ItemCode>4256425</ItemCode>
      <ItemType>0</ItemType>
      <ItemName>גאודה עלמה 400ג *</ItemName>
      <ManufactureName>נטו מלינדה סחר בעמ</ManufactureName>
      <ManufactureCountry />
      <ManufactureItemDescription />
      <UnitQty>י"ח</UnitQty>
      <Quantity>400</Quantity>
      <UnitMeasure>ל  גרם</UnitMeasure>
      <BisWeighted>0</BisWeighted>
      <QtyInPackage>1</QtyInPackage>
      <ItemPrice>15.20</ItemPrice>
      <UnitOfMeasurePrice>3.80</UnitOfMeasurePrice>
      <AllowDiscount>1</AllowDiscount>
      <itemStatus>1</itemStatus>
      <LastUpdateDate />
      <LastUpdateTime />
    </Product>
    <Product>
      <PriceUpdateDate>2019/06/27 08:25</PriceUpdateDate>
      <ItemCode>4256890</ItemCode>
      <ItemType>0</ItemType>
      <ItemName>קבב צמחי שף שגב 400גר`</ItemName>
      <ManufactureName>נטו מלינדה סחר בעמ</ManufactureName>
      <ManufactureCountry />
      <ManufactureItemDescription />
      <UnitQty>י"ח</UnitQty>
      <Quantity>400</Quantity>
      <UnitMeasure>ל  גרם</UnitMeasure>
      <BisWeighted>0</BisWeighted>
      <QtyInPackage>1</QtyInPackage>
      <ItemPrice>29.90</ItemPrice>
      <UnitOfMeasurePrice>7.48</UnitOfMeasurePrice>
      <AllowDiscount>1</AllowDiscount>
      <itemStatus>1</itemStatus>
      <LastUpdateDate />
      <LastUpdateTime />
    </Product>
    <Product>
      <PriceUpdateDate>2019/06/27 08:25</PriceUpdateDate>
      <ItemCode>4256920</ItemCode>
      <ItemType>0</ItemType>
      <ItemName>טחון צמחי שף שגב 400גר`</ItemName>
      <ManufactureName>נטו מלינדה סחר בעמ</ManufactureName>
      <ManufactureCountry />
      <ManufactureItemDescription />
      <UnitQty>י"ח</UnitQty>
      <Quantity>400</Quantity>
      <UnitMeasure>ל  גרם</UnitMeasure>
      <BisWeighted>0</BisWeighted>
      <QtyInPackage>1</QtyInPackage>
      <ItemPrice>29.90</ItemPrice>
      <UnitOfMeasurePrice>7.48</UnitOfMeasurePrice>
      <AllowDiscount>1</AllowDiscount>
      <itemStatus>1</itemStatus>
      <LastUpdateDate />
      <LastUpdateTime />
    </Product>
    <Product>
      <PriceUpdateDate>2019/06/27 08:25</PriceUpdateDate>
      <ItemCode>4256944</ItemCode>
      <ItemType>0</ItemType>
      <ItemName>בורגר צמחי שף שגב 400גר`</ItemName>
      <ManufactureName>נטו מלינדה סחר בעמ</ManufactureName>
      <ManufactureCountry />
      <ManufactureItemDescription />
      <UnitQty>י"ח</UnitQty>
      <Quantity>400</Quantity>
      <UnitMeasure>ל  גרם</UnitMeasure>
      <BisWeighted>0</BisWeighted>
      <QtyInPackage>1</QtyInPackage>
      <ItemPrice>29.90</ItemPrice>
      <UnitOfMeasurePrice>7.48</UnitOfMeasurePrice>
      <AllowDiscount>1</AllowDiscount>
      <itemStatus>1</itemStatus>
      <LastUpdateDate />
      <LastUpdateTime />
    </Product>
    <Product>
      <PriceUpdateDate>2019/06/27 08:25</PriceUpdateDate>
      <ItemCode>4256951</ItemCode>
      <ItemType>0</ItemType>
      <ItemName>קציצות צמחיות שף שגב 400גר`</ItemName>
      <ManufactureName>נטו מלינדה סחר בעמ</ManufactureName>
      <ManufactureCountry />
      <ManufactureItemDescription />
      <UnitQty>י"ח</UnitQty>
      <Quantity>400</Quantity>
      <UnitMeasure>ל  גרם</UnitMeasure>
      <BisWeighted>0</BisWeighted>
      <QtyInPackage>1</QtyInPackage>
      <ItemPrice>29.90</ItemPrice>
      <UnitOfMeasurePrice>7.48</UnitOfMeasurePrice>
      <AllowDiscount>1</AllowDiscount>
      <itemStatus>1</itemStatus>
      <LastUpdateDate />
      <LastUpdateTime />
    </Product>
    <Product>
      <PriceUpdateDate>2015/08/23 14:35</PriceUpdateDate>
      <ItemCode>7290004263676</ItemCode>
      <ItemType>1</ItemType>
      <ItemName>טחון  הודו}עטרה{ 500ג</ItemName>
      <ManufactureName>נטו מלינדה סחר בעמ</ManufactureName>
      <ManufactureCountry />
      <ManufactureItemDescription />
      <UnitQty>י"ח</UnitQty>
      <Quantity>500</Quantity>
      <UnitMeasure>ל  גרם</UnitMeasure>
      <BisWeighted>0</BisWeighted>
      <QtyInPackage>1</QtyInPackage>
      <ItemPrice>12.90</ItemPrice>
      <UnitOfMeasurePrice>2.58</UnitOfMeasurePrice>
      <AllowDiscount>1</AllowDiscount>
      <itemStatus>1</itemStatus>
      <LastUpdateDate />
      <LastUpdateTime />
    </Product>
    <Product>
      <PriceUpdateDate>2015/07/22 10:09</PriceUpdateDate>
      <ItemCode>4263867</ItemCode>
      <ItemType>0</ItemType>
      <ItemName>בשר מס  }6עטרה</ItemName>
      <ManufactureName>נטו מלינדה סחר בעמ</ManufactureName>
      <ManufactureCountry />
      <ManufactureItemDescription />
      <UnitQty>ק"ג</UnitQty>
      <Quantity>1</Quantity>
      <UnitMeasure>ק"ג</UnitMeasure>
      <BisWeighted>1</BisWeighted>
      <QtyInPackage>1</QtyInPackage>
      <ItemPrice>69.90</ItemPrice>
      <UnitOfMeasurePrice>69.90</UnitOfMeasurePrice>
      <AllowDiscount>1</AllowDiscount>
      <itemStatus>1</itemStatus>
      <LastUpdateDate />
      <LastUpdateTime />
    </Product>
    <Product>
      <PriceUpdateDate>2013/12/25 11:42</PriceUpdateDate>
      <ItemCode>7290004269890</ItemCode>
      <ItemType>1</ItemType>
      <ItemName>בראוניז שוקולד עשירה 380ג</ItemName>
      <ManufactureName>תה ויסוצקי (ישראל)בעמ</ManufactureName>
      <ManufactureCountry />
      <ManufactureItemDescription />
      <UnitQty>י"ח</UnitQty>
      <Quantity>380</Quantity>
      <UnitMeasure>ל  גרם</UnitMeasure>
      <BisWeighted>0</BisWeighted>
      <QtyInPackage>1</QtyInPackage>
      <ItemPrice>18.90</ItemPrice>
      <UnitOfMeasurePrice>4.97</UnitOfMeasurePrice>
      <AllowDiscount>1</AllowDiscount>
      <itemStatus>1</itemStatus>
      <LastUpdateDate />
      <LastUpdateTime />
    </Product>
    <Product>
      <PriceUpdateDate>2013/11/26 09:22</PriceUpdateDate>
      <ItemCode>4283759</ItemCode>
      <ItemType>0</ItemType>
      <ItemName>פסטרמה חרדל דז`ון שקיל</ItemName>
      <ManufactureName>זוגלובק שיווק בעמ</ManufactureName>
      <ManufactureCountry />
      <ManufactureItemDescription />
      <UnitQty>ק"ג</UnitQty>
      <Quantity>800</Quantity>
      <UnitMeasure>ל  גרם</UnitMeasure>
      <BisWeighted>1</BisWeighted>
      <QtyInPackage>1</QtyInPackage>
      <ItemPrice>76.90</ItemPrice>
      <UnitOfMeasurePrice>9.61</UnitOfMeasurePrice>
      <AllowDiscount>0</AllowDiscount>
      <itemStatus>1</itemStatus>
      <LastUpdateDate />
      <LastUpdateTime />
    </Product>
    <Product>
      <PriceUpdateDate>2018/10/07 13:25</PriceUpdateDate>
      <ItemCode>7290004324605</ItemCode>
      <ItemType>1</ItemType>
      <ItemName>מון בלאן רוקפורט</ItemName>
      <ManufactureName>נטו מלינדה סחר בעמ</ManufactureName>
      <ManufactureCountry />
      <ManufactureItemDescription />
      <UnitQty>י"ח</UnitQty>
      <Quantity>120</Quantity>
      <UnitMeasure>ל  גרם</UnitMeasure>
      <BisWeighted>0</BisWeighted>
      <QtyInPackage>1</QtyInPackage>
      <ItemPrice>10.90</ItemPrice>
      <UnitOfMeasurePrice>9.08</UnitOfMeasurePrice>
      <AllowDiscount>1</AllowDiscount>
      <itemStatus>1</itemStatus>
      <LastUpdateDate />
      <LastUpdateTime />
    </Product>
    <Product>
      <PriceUpdateDate>2016/10/23 08:10</PriceUpdateDate>
      <ItemCode>4405776</ItemCode>
      <ItemType>0</ItemType>
      <ItemName>פילה אמנון קפוא</ItemName>
      <ManufactureName>נטו מלינדה סחר בעמ</ManufactureName>
      <ManufactureCountry />
      <ManufactureItemDescription />
      <UnitQty>ק"ג</UnitQty>
      <Quantity>1</Quantity>
      <UnitMeasure>ק"ג</UnitMeasure>
      <BisWeighted>1</BisWeighted>
      <QtyInPackage>1</QtyInPackage>
      <ItemPrice>32.90</ItemPrice>
      <UnitOfMeasurePrice>32.90</UnitOfMeasurePrice>
      <AllowDiscount>1</AllowDiscount>
      <itemStatus>1</itemStatus>
      <LastUpdateDate />
      <LastUpdateTime />
    </Product>
    <Product>
      <PriceUpdateDate>2014/01/29 10:36</PriceUpdateDate>
      <ItemCode>7290004423353</ItemCode>
      <ItemType>1</ItemType>
      <ItemName>פריגת תפוחי עץ 1.5 ל</ItemName>
      <ManufactureName>חברה המרכזית להפצת משקאות בעמ</ManufactureName>
      <ManufactureCountry />
      <ManufactureItemDescription />
      <UnitQty>י"ח</UnitQty>
      <Quantity>1.50</Quantity>
      <UnitMeasure>ליטר</UnitMeasure>
      <BisWeighted>0</BisWeighted>
      <QtyInPackage>1</QtyInPackage>
      <ItemPrice>6.90</ItemPrice>
      <UnitOfMeasurePrice>4.60</UnitOfMeasurePrice>
      <AllowDiscount>1</AllowDiscount>
      <itemStatus>1</itemStatus>
      <LastUpdateDate />
      <LastUpdateTime />
    </Product>
    <Product>
      <PriceUpdateDate>2016/10/23 08:10</PriceUpdateDate>
      <ItemCode>4477087</ItemCode>
      <ItemType>0</ItemType>
      <ItemName>פילה אמנון קפוא בווקום גדלים שונים</ItemName>
      <ManufactureName>בלדי בעמ</ManufactureName>
      <ManufactureCountry />
      <ManufactureItemDescription />
      <UnitQty>ק"ג</UnitQty>
      <Quantity>1</Quantity>
      <UnitMeasure>ק"ג</UnitMeasure>
      <BisWeighted>1</BisWeighted>
      <QtyInPackage>1</QtyInPackage>
      <ItemPrice>32.90</ItemPrice>
      <UnitOfMeasurePrice>32.90</UnitOfMeasurePrice>
      <AllowDiscount>1</AllowDiscount>
      <itemStatus>1</itemStatus>
      <LastUpdateDate />
      <LastUpdateTime />
    </Product>
    <Product>
      <PriceUpdateDate>2019/09/17 08:23</PriceUpdateDate>
      <ItemCode>7290004536008</ItemCode>
      <ItemType>1</ItemType>
      <ItemName>סיליט מסיר אבנית</ItemName>
      <ManufactureName>רקיט בנקיזר (ניר איסט) בעמ</ManufactureName>
      <ManufactureCountry />
      <ManufactureItemDescription />
      <UnitQty>י"ח</UnitQty>
      <Quantity>500</Quantity>
      <UnitMeasure>ל  מ"ל</UnitMeasure>
      <BisWeighted>0</BisWeighted>
      <QtyInPackage>1</QtyInPackage>
      <ItemPrice>12.90</ItemPrice>
      <UnitOfMeasurePrice>2.58</UnitOfMeasurePrice>
      <AllowDiscount>1</AllowDiscount>
      <itemStatus>1</itemStatus>
      <LastUpdateDate />
      <LastUpdateTime />
    </Product>
    <Product>
      <PriceUpdateDate>2014/01/03 13:46</PriceUpdateDate>
      <ItemCode>7290004554231</ItemCode>
      <ItemType>1</ItemType>
      <ItemName>סופר קורנטו עוגיות</ItemName>
      <ManufactureName>גלידות שטראוס בעמ</ManufactureName>
      <ManufactureCountry />
      <ManufactureItemDescription />
      <UnitQty>י"ח</UnitQty>
      <Quantity>1</Quantity>
      <UnitMeasure />
      <BisWeighted>0</BisWeighted>
      <QtyInPackage>1</QtyInPackage>
      <ItemPrice>9.80</ItemPrice>
      <UnitOfMeasurePrice>9.80</UnitOfMeasurePrice>
      <AllowDiscount>1</AllowDiscount>
      <itemStatus>1</itemStatus>
      <LastUpdateDate />
      <LastUpdateTime />
    </Product>
    <Product>
      <PriceUpdateDate>2015/06/01 08:31</PriceUpdateDate>
      <ItemCode>7290004554422</ItemCode>
      <ItemType>1</ItemType>
      <ItemName>קורנטו סופר פקאן</ItemName>
      <ManufactureName>גלידות שטראוס בעמ</ManufactureName>
      <ManufactureCountry />
      <ManufactureItemDescription />
      <UnitQty>י"ח</UnitQty>
      <Quantity>1</Quantity>
      <UnitMeasure />
      <BisWeighted>0</BisWeighted>
      <QtyInPackage>1</QtyInPackage>
      <ItemPrice>9.70</ItemPrice>
      <UnitOfMeasurePrice>9.70</UnitOfMeasurePrice>
      <AllowDiscount>1</AllowDiscount>
      <itemStatus>1</itemStatus>
      <LastUpdateDate />
      <LastUpdateTime />
    </Product>
    <Product>
      <PriceUpdateDate>2015/06/01 08:31</PriceUpdateDate>
      <ItemCode>7290004554514</ItemCode>
      <ItemType>1</ItemType>
      <ItemName>מגנום קלאסיק</ItemName>
      <ManufactureName>גלידות שטראוס בעמ</ManufactureName>
      <ManufactureCountry />
      <ManufactureItemDescription />
      <UnitQty>י"ח</UnitQty>
      <Quantity>1</Quantity>
      <UnitMeasure />
      <BisWeighted>0</BisWeighted>
      <QtyInPackage>1</QtyInPackage>
      <ItemPrice>10</ItemPrice>
      <UnitOfMeasurePrice>10</UnitOfMeasurePrice>
      <AllowDiscount>1</AllowDiscount>
      <itemStatus>1</itemStatus>
      <LastUpdateDate />
      <LastUpdateTime />
    </Product>
    <Product>
      <PriceUpdateDate>2015/01/18 11:02</PriceUpdateDate>
      <ItemCode>7290004575007</ItemCode>
      <ItemType>1</ItemType>
      <ItemName>חמישייה טילונים</ItemName>
      <ManufactureName>ריאו נתניה ביחר לגלידה</ManufactureName>
      <ManufactureCountry />
      <ManufactureItemDescription />
      <UnitQty>י"ח</UnitQty>
      <Quantity>1</Quantity>
      <UnitMeasure />
      <BisWeighted>0</BisWeighted>
      <QtyInPackage>1</QtyInPackage>
      <ItemPrice>18.90</ItemPrice>
      <UnitOfMeasurePrice>18.90</UnitOfMeasurePrice>
      <AllowDiscount>1</AllowDiscount>
      <itemStatus>1</itemStatus>
      <LastUpdateDate />
      <LastUpdateTime />
    </Product>
    <Product>
      <PriceUpdateDate>2019/05/01 09:01</PriceUpdateDate>
      <ItemCode>7290004575069</ItemCode>
      <ItemType>1</ItemType>
      <ItemName>מיניס וניל שקדים קפה</ItemName>
      <ManufactureName>ריאו נתניה ביחר לגלידה</ManufactureName>
      <ManufactureCountry />
      <ManufactureItemDescription />
      <UnitQty>י"ח</UnitQty>
      <Quantity>700</Quantity>
      <UnitMeasure>ל  גרם</UnitMeasure>
      <BisWeighted>0</BisWeighted>
      <QtyInPackage>1</QtyInPackage>
      <ItemPrice>39.90</ItemPrice>
      <UnitOfMeasurePrice>5.70</UnitOfMeasurePrice>
      <AllowDiscount>1</AllowDiscount>
      <itemStatus>1</itemStatus>
      <LastUpdateDate />
      <LastUpdateTime />
    </Product>
    <Product>
      <PriceUpdateDate>2014/01/03 13:46</PriceUpdateDate>
      <ItemCode>7290004575335</ItemCode>
      <ItemType>1</ItemType>
      <ItemName>מיני מג יק 8 יח</ItemName>
      <ManufactureName>ריאו נתניה ביחר לגלידה</ManufactureName>
      <ManufactureCountry />
      <ManufactureItemDescription />
      <UnitQty>י"ח</UnitQty>
      <Quantity>1</Quantity>
      <UnitMeasure />
      <BisWeighted>0</BisWeighted>
      <QtyInPackage>1</QtyInPackage>
      <ItemPrice>26</ItemPrice>
      <UnitOfMeasurePrice>26</UnitOfMeasurePrice>
      <AllowDiscount>1</AllowDiscount>
      <itemStatus>1</itemStatus>
      <LastUpdateDate />
      <LastUpdateTime />
    </Product>
    <Product>
      <PriceUpdateDate>2016/07/03 07:03</PriceUpdateDate>
      <ItemCode>7290004575373</ItemCode>
      <ItemType>1</ItemType>
      <ItemName>שישיית מצופים</ItemName>
      <ManufactureName>ריאו נתניה ביחר לגלידה</ManufactureName>
      <ManufactureCountry />
      <ManufactureItemDescription />
      <UnitQty>י"ח</UnitQty>
      <Quantity>1</Quantity>
      <UnitMeasure />
      <BisWeighted>0</BisWeighted>
      <QtyInPackage>1</QtyInPackage>
      <ItemPrice>19.90</ItemPrice>
      <UnitOfMeasurePrice>19.90</UnitOfMeasurePrice>
      <AllowDiscount>1</AllowDiscount>
      <itemStatus>1</itemStatus>
      <LastUpdateDate />
      <LastUpdateTime />
    </Product>
    <Product>
      <PriceUpdateDate>2015/01/18 11:02</PriceUpdateDate>
      <ItemCode>7290004575397</ItemCode>
      <ItemType>1</ItemType>
      <ItemName>גלידה 1.8 ל  חלבי</ItemName>
      <ManufactureName>ריאו נתניה ביחר לגלידה</ManufactureName>
      <ManufactureCountry />
      <ManufactureItemDescription />
      <UnitQty>י"ח</UnitQty>
      <Quantity>1.80</Quantity>
      <UnitMeasure>ליטר</UnitMeasure>
      <BisWeighted>0</BisWeighted>
      <QtyInPackage>1</QtyInPackage>
      <ItemPrice>16.90</ItemPrice>
      <UnitOfMeasurePrice>9.39</UnitOfMeasurePrice>
      <AllowDiscount>1</AllowDiscount>
      <itemStatus>1</itemStatus>
      <LastUpdateDate />
      <LastUpdateTime />
    </Product>
    <Product>
      <PriceUpdateDate>2020/03/04 09:29</PriceUpdateDate>
      <ItemCode>7290004575403</ItemCode>
      <ItemType>1</ItemType>
      <ItemName>גלידה 1.8 ל  פרווה</ItemName>
      <ManufactureName>ריאו נתניה ביחר לגלידה</ManufactureName>
      <ManufactureCountry />
      <ManufactureItemDescription />
      <UnitQty>י"ח</UnitQty>
      <Quantity>1.80</Quantity>
      <UnitMeasure>ליטר</UnitMeasure>
      <BisWeighted>0</BisWeighted>
      <QtyInPackage>1</QtyInPackage>
      <ItemPrice>16.90</ItemPrice>
      <UnitOfMeasurePrice>9.39</UnitOfMeasurePrice>
      <AllowDiscount>1</AllowDiscount>
      <itemStatus>1</itemStatus>
      <LastUpdateDate />
      <LastUpdateTime />
    </Product>
    <Product>
      <PriceUpdateDate>2019/01/07 10:17</PriceUpdateDate>
      <ItemCode>4575502</ItemCode>
      <ItemType>0</ItemType>
      <ItemName>מאגדת שמיניות גליגל חלבי</ItemName>
      <ManufactureName>ריאו נתניה ביחר לגלידה</ManufactureName>
      <ManufactureCountry />
      <ManufactureItemDescription />
      <UnitQty>י"ח</UnitQty>
      <Quantity>600</Quantity>
      <UnitMeasure>ל  גרם</UnitMeasure>
      <BisWeighted>0</BisWeighted>
      <QtyInPackage>1</QtyInPackage>
      <ItemPrice>19.90</ItemPrice>
      <UnitOfMeasurePrice>3.32</UnitOfMeasurePrice>
      <AllowDiscount>1</AllowDiscount>
      <itemStatus>1</itemStatus>
      <LastUpdateDate />
      <LastUpdateTime />
    </Product>
    <Product>
      <PriceUpdateDate>2015/01/18 11:02</PriceUpdateDate>
      <ItemCode>4575625</ItemCode>
      <ItemType>0</ItemType>
      <ItemName>שישייה מוצופה  קראנצים</ItemName>
      <ManufactureName>ריאו נתניה ביחר לגלידה</ManufactureName>
      <ManufactureCountry />
      <ManufactureItemDescription />
      <UnitQty>י"ח</UnitQty>
      <Quantity>6</Quantity>
      <UnitMeasure>י"ח</UnitMeasure>
      <BisWeighted>0</BisWeighted>
      <QtyInPackage>1</QtyInPackage>
      <ItemPrice>17.90</ItemPrice>
      <UnitOfMeasurePrice>2.98</UnitOfMeasurePrice>
      <AllowDiscount>1</AllowDiscount>
      <itemStatus>1</itemStatus>
      <LastUpdateDate />
      <LastUpdateTime />
    </Product>
    <Product>
      <PriceUpdateDate>2019/03/28 08:06</PriceUpdateDate>
      <ItemCode>4575823</ItemCode>
      <ItemType>0</ItemType>
      <ItemName>גלידת פרח 8 יח חדש</ItemName>
      <ManufactureName>ריאו נתניה ביחר לגלידה</ManufactureName>
      <ManufactureCountry />
      <ManufactureItemDescription />
      <UnitQty>י"ח</UnitQty>
      <Quantity>1.80</Quantity>
      <UnitMeasure>ליטר</UnitMeasure>
      <BisWeighted>0</BisWeighted>
      <QtyInPackage>1</QtyInPackage>
      <ItemPrice>15.90</ItemPrice>
      <UnitOfMeasurePrice>8.83</UnitOfMeasurePrice>
      <AllowDiscount>1</AllowDiscount>
      <itemStatus>1</itemStatus>
      <LastUpdateDate />
      <LastUpdateTime />
    </Product>
    <Product>
      <PriceUpdateDate>2017/05/08 14:15</PriceUpdateDate>
      <ItemCode>4658946</ItemCode>
      <ItemType>0</ItemType>
      <ItemName>שרדונה PC 750מ"ל</ItemName>
      <ManufactureName>אגודת הכורמים -כרמל מזרחי</ManufactureName>
      <ManufactureCountry />
      <ManufactureItemDescription />
      <UnitQty>י"ח</UnitQty>
      <Quantity>750</Quantity>
      <UnitMeasure>ל  מ"ל</UnitMeasure>
      <BisWeighted>0</BisWeighted>
      <QtyInPackage>1</QtyInPackage>
      <ItemPrice>36.90</ItemPrice>
      <UnitOfMeasurePrice>4.88</UnitOfMeasurePrice>
      <AllowDiscount>1</AllowDiscount>
      <itemStatus>1</itemStatus>
      <LastUpdateDate />
      <LastUpdateTime />
    </Product>
    <Product>
      <PriceUpdateDate>2019/12/04 13:48</PriceUpdateDate>
      <ItemCode>7290004731076</ItemCode>
      <ItemType>1</ItemType>
      <ItemName>אל סבון כיף 1 ליטר</ItemName>
      <ManufactureName>החב הדרומית לשיווק</ManufactureName>
      <ManufactureCountry />
      <ManufactureItemDescription />
      <UnitQty>י"ח</UnitQty>
      <Quantity>1</Quantity>
      <UnitMeasure>ליטר</UnitMeasure>
      <BisWeighted>0</BisWeighted>
      <QtyInPackage>1</QtyInPackage>
      <ItemPrice>10.90</ItemPrice>
      <UnitOfMeasurePrice>10.90</UnitOfMeasurePrice>
      <AllowDiscount>1</AllowDiscount>
      <itemStatus>1</itemStatus>
      <LastUpdateDate />
      <LastUpdateTime />
    </Product>
    <Product>
      <PriceUpdateDate>2019/12/04 13:48</PriceUpdateDate>
      <ItemCode>7290004731083</ItemCode>
      <ItemType>1</ItemType>
      <ItemName>אל סבון כיף 1 ליטר</ItemName>
      <ManufactureName>החב הדרומית לשיווק</ManufactureName>
      <ManufactureCountry />
      <ManufactureItemDescription />
      <UnitQty>י"ח</UnitQty>
      <Quantity>1</Quantity>
      <UnitMeasure>ליטר</UnitMeasure>
      <BisWeighted>0</BisWeighted>
      <QtyInPackage>1</QtyInPackage>
      <ItemPrice>10.90</ItemPrice>
      <UnitOfMeasurePrice>10.90</UnitOfMeasurePrice>
      <AllowDiscount>1</AllowDiscount>
      <itemStatus>1</itemStatus>
      <LastUpdateDate />
      <LastUpdateTime />
    </Product>
    <Product>
      <PriceUpdateDate>2019/12/04 13:48</PriceUpdateDate>
      <ItemCode>7290004731090</ItemCode>
      <ItemType>1</ItemType>
      <ItemName>אל סבון כיף 1 ליטר</ItemName>
      <ManufactureName>החב הדרומית לשיווק</ManufactureName>
      <ManufactureCountry />
      <ManufactureItemDescription />
      <UnitQty>י"ח</UnitQty>
      <Quantity>1</Quantity>
      <UnitMeasure>ליטר</UnitMeasure>
      <BisWeighted>0</BisWeighted>
      <QtyInPackage>1</QtyInPackage>
      <ItemPrice>10.90</ItemPrice>
      <UnitOfMeasurePrice>10.90</UnitOfMeasurePrice>
      <AllowDiscount>1</AllowDiscount>
      <itemStatus>1</itemStatus>
      <LastUpdateDate />
      <LastUpdateTime />
    </Product>
    <Product>
      <PriceUpdateDate>2017/01/03 11:04</PriceUpdateDate>
      <ItemCode>7290004731670</ItemCode>
      <ItemType>1</ItemType>
      <ItemName>דאופרש מטהר אוויר</ItemName>
      <ManufactureName>החב הדרומית לשיווק</ManufactureName>
      <ManufactureCountry />
      <ManufactureItemDescription />
      <UnitQty>י"ח</UnitQty>
      <Quantity>300</Quantity>
      <UnitMeasure>ל  מ"ל</UnitMeasure>
      <BisWeighted>0</BisWeighted>
      <QtyInPackage>1</QtyInPackage>
      <ItemPrice>10.90</ItemPrice>
      <UnitOfMeasurePrice>3.63</UnitOfMeasurePrice>
      <AllowDiscount>1</AllowDiscount>
      <itemStatus>1</itemStatus>
      <LastUpdateDate />
      <LastUpdateTime />
    </Product>
    <Product>
      <PriceUpdateDate>2017/01/03 11:04</PriceUpdateDate>
      <ItemCode>7290004731687</ItemCode>
      <ItemType>1</ItemType>
      <ItemName>דואופרש וניל</ItemName>
      <ManufactureName>החב הדרומית לשיווק</ManufactureName>
      <ManufactureCountry />
      <ManufactureItemDescription />
      <UnitQty>י"ח</UnitQty>
      <Quantity>300</Quantity>
      <UnitMeasure>ל  מ"ל</UnitMeasure>
      <BisWeighted>0</BisWeighted>
      <QtyInPackage>1</QtyInPackage>
      <ItemPrice>10.90</ItemPrice>
      <UnitOfMeasurePrice>3.63</UnitOfMeasurePrice>
      <AllowDiscount>1</AllowDiscount>
      <itemStatus>1</itemStatus>
      <LastUpdateDate />
      <LastUpdateTime />
    </Product>
    <Product>
      <PriceUpdateDate>2017/12/31 14:41</PriceUpdateDate>
      <ItemCode>7290004737443</ItemCode>
      <ItemType>1</ItemType>
      <ItemName>קוקטיל פירות טרופי</ItemName>
      <ManufactureName>ג.וילי פוד אינטרנשיונל בעמ</ManufactureName>
      <ManufactureCountry />
      <ManufactureItemDescription />
      <UnitQty>י"ח</UnitQty>
      <Quantity>825</Quantity>
      <UnitMeasure>ל  גרם</UnitMeasure>
      <BisWeighted>0</BisWeighted>
      <QtyInPackage>1</QtyInPackage>
      <ItemPrice>7.90</ItemPrice>
      <UnitOfMeasurePrice>0.96</UnitOfMeasurePrice>
      <AllowDiscount>1</AllowDiscount>
      <itemStatus>1</itemStatus>
      <LastUpdateDate />
      <LastUpdateTime />
    </Product>
    <Product>
      <PriceUpdateDate>2015/08/12 14:29</PriceUpdateDate>
      <ItemCode>7290004810009</ItemCode>
      <ItemType>1</ItemType>
      <ItemName>טואלט דאק 750 זוגות כתום</ItemName>
      <ManufactureName>דנשר (1963) בעמ</ManufactureName>
      <ManufactureCountry />
      <ManufactureItemDescription />
      <UnitQty>י"ח</UnitQty>
      <Quantity>1.50</Quantity>
      <UnitMeasure>ליטר</UnitMeasure>
      <BisWeighted>0</BisWeighted>
      <QtyInPackage>1</QtyInPackage>
      <ItemPrice>19.90</ItemPrice>
      <UnitOfMeasurePrice>13.27</UnitOfMeasurePrice>
      <AllowDiscount>1</AllowDiscount>
      <itemStatus>1</itemStatus>
      <LastUpdateDate />
      <LastUpdateTime />
    </Product>
    <Product>
      <PriceUpdateDate>2014/01/03 13:33</PriceUpdateDate>
      <ItemCode>7290004861315</ItemCode>
      <ItemType>1</ItemType>
      <ItemName>לבנה טבעי/ירקות שקיל 5%</ItemName>
      <ManufactureName>מחלבות המושבה בעמ</ManufactureName>
      <ManufactureCountry />
      <ManufactureItemDescription />
      <UnitQty>ק"ג</UnitQty>
      <Quantity>1</Quantity>
      <UnitMeasure />
      <BisWeighted>1</BisWeighted>
      <QtyInPackage>1</QtyInPackage>
      <ItemPrice>39.90</ItemPrice>
      <UnitOfMeasurePrice>39.90</UnitOfMeasurePrice>
      <AllowDiscount>1</AllowDiscount>
      <itemStatus>1</itemStatus>
      <LastUpdateDate />
      <LastUpdateTime />
    </Product>
    <Product>
      <PriceUpdateDate>2019/03/07 08:31</PriceUpdateDate>
      <ItemCode>7290004872014</ItemCode>
      <ItemType>1</ItemType>
      <ItemName>גומי גם ספארי כשל"פ</ItemName>
      <ManufactureName>נגה גלידות</ManufactureName>
      <ManufactureCountry />
      <ManufactureItemDescription />
      <UnitQty>י"ח</UnitQty>
      <Quantity>1</Quantity>
      <UnitMeasure />
      <BisWeighted>0</BisWeighted>
      <QtyInPackage>1</QtyInPackage>
      <ItemPrice>8.90</ItemPrice>
      <UnitOfMeasurePrice>8.90</UnitOfMeasurePrice>
      <AllowDiscount>1</AllowDiscount>
      <itemStatus>1</itemStatus>
      <LastUpdateDate />
      <LastUpdateTime />
    </Product>
    <Product>
      <PriceUpdateDate>2019/02/28 08:56</PriceUpdateDate>
      <ItemCode>7290004872199</ItemCode>
      <ItemType>1</ItemType>
      <ItemName>ביסקולידה</ItemName>
      <ManufactureName>נגה גלידות</ManufactureName>
      <ManufactureCountry />
      <ManufactureItemDescription />
      <UnitQty>י"ח</UnitQty>
      <Quantity>1</Quantity>
      <UnitMeasure />
      <BisWeighted>0</BisWeighted>
      <QtyInPackage>1</QtyInPackage>
      <ItemPrice>8.90</ItemPrice>
      <UnitOfMeasurePrice>8.90</UnitOfMeasurePrice>
      <AllowDiscount>1</AllowDiscount>
      <itemStatus>1</itemStatus>
      <LastUpdateDate />
      <LastUpdateTime />
    </Product>
    <Product>
      <PriceUpdateDate>2018/03/02 08:31</PriceUpdateDate>
      <ItemCode>7290004872229</ItemCode>
      <ItemType>1</ItemType>
      <ItemName>לה פרוטה שוקולד מצופה כשל"פ</ItemName>
      <ManufactureName>נגה גלידות</ManufactureName>
      <ManufactureCountry />
      <ManufactureItemDescription />
      <UnitQty>י"ח</UnitQty>
      <Quantity>1</Quantity>
      <UnitMeasure />
      <BisWeighted>0</BisWeighted>
      <QtyInPackage>1</QtyInPackage>
      <ItemPrice>6.90</ItemPrice>
      <UnitOfMeasurePrice>6.90</UnitOfMeasurePrice>
      <AllowDiscount>1</AllowDiscount>
      <itemStatus>1</itemStatus>
      <LastUpdateDate />
      <LastUpdateTime />
    </Product>
    <Product>
      <PriceUpdateDate>2018/03/02 08:31</PriceUpdateDate>
      <ItemCode>7290004872243</ItemCode>
      <ItemType>1</ItemType>
      <ItemName>לה פרוטה בננה מצופה כשל"פ</ItemName>
      <ManufactureName>נגה גלידות</ManufactureName>
      <ManufactureCountry />
      <ManufactureItemDescription />
      <UnitQty>י"ח</UnitQty>
      <Quantity>1</Quantity>
      <UnitMeasure />
      <BisWeighted>0</BisWeighted>
      <QtyInPackage>1</QtyInPackage>
      <ItemPrice>6.90</ItemPrice>
      <UnitOfMeasurePrice>6.90</UnitOfMeasurePrice>
      <AllowDiscount>1</AllowDiscount>
      <itemStatus>1</itemStatus>
      <LastUpdateDate />
      <LastUpdateTime />
    </Product>
    <Product>
      <PriceUpdateDate>2018/03/02 08:31</PriceUpdateDate>
      <ItemCode>7290004872250</ItemCode>
      <ItemType>1</ItemType>
      <ItemName>לה פרוטה אבטיח כשל"פ</ItemName>
      <ManufactureName>נגה גלידות</ManufactureName>
      <ManufactureCountry />
      <ManufactureItemDescription />
      <UnitQty>י"ח</UnitQty>
      <Quantity>1</Quantity>
      <UnitMeasure />
      <BisWeighted>0</BisWeighted>
      <QtyInPackage>1</QtyInPackage>
      <ItemPrice>6.90</ItemPrice>
      <UnitOfMeasurePrice>6.90</UnitOfMeasurePrice>
      <AllowDiscount>1</AllowDiscount>
      <itemStatus>1</itemStatus>
      <LastUpdateDate />
      <LastUpdateTime />
    </Product>
    <Product>
      <PriceUpdateDate>2019/02/28 08:56</PriceUpdateDate>
      <ItemCode>7290004872731</ItemCode>
      <ItemType>1</ItemType>
      <ItemName>אקסטרים וניל</ItemName>
      <ManufactureName>נגה גלידות</ManufactureName>
      <ManufactureCountry />
      <ManufactureItemDescription />
      <UnitQty>י"ח</UnitQty>
      <Quantity>1</Quantity>
      <UnitMeasure />
      <BisWeighted>0</BisWeighted>
      <QtyInPackage>1</QtyInPackage>
      <ItemPrice>8.90</ItemPrice>
      <UnitOfMeasurePrice>8.90</UnitOfMeasurePrice>
      <AllowDiscount>1</AllowDiscount>
      <itemStatus>1</itemStatus>
      <LastUpdateDate />
      <LastUpdateTime />
    </Product>
    <Product>
      <PriceUpdateDate>2013/12/25 11:42</PriceUpdateDate>
      <ItemCode>7290004872786</ItemCode>
      <ItemType>1</ItemType>
      <ItemName>אקסטרים ענב פקאן</ItemName>
      <ManufactureName>נגה גלידות</ManufactureName>
      <ManufactureCountry />
      <ManufactureItemDescription />
      <UnitQty>י"ח</UnitQty>
      <Quantity>1</Quantity>
      <UnitMeasure />
      <BisWeighted>0</BisWeighted>
      <QtyInPackage>1</QtyInPackage>
      <ItemPrice>9</ItemPrice>
      <UnitOfMeasurePrice>9</UnitOfMeasurePrice>
      <AllowDiscount>1</AllowDiscount>
      <itemStatus>1</itemStatus>
      <LastUpdateDate />
      <LastUpdateTime />
    </Product>
    <Product>
      <PriceUpdateDate>2016/03/27 07:53</PriceUpdateDate>
      <ItemCode>7290004982355</ItemCode>
      <ItemType>1</ItemType>
      <ItemName>צ`דר טריפל נטו</ItemName>
      <ManufactureName>נטו מלינדה סחר בעמ</ManufactureName>
      <ManufactureCountry />
      <ManufactureItemDescription />
      <UnitQty>ק"ג</UnitQty>
      <Quantity>1</Quantity>
      <UnitMeasure />
      <BisWeighted>1</BisWeighted>
      <QtyInPackage>1</QtyInPackage>
      <ItemPrice>124.90</ItemPrice>
      <UnitOfMeasurePrice>124.90</UnitOfMeasurePrice>
      <AllowDiscount>1</AllowDiscount>
      <itemStatus>1</itemStatus>
      <LastUpdateDate />
      <LastUpdateTime />
    </Product>
    <Product>
      <PriceUpdateDate>2017/06/04 13:15</PriceUpdateDate>
      <ItemCode>4982393</ItemCode>
      <ItemType>0</ItemType>
      <ItemName>ברס בלו שקיל</ItemName>
      <ManufactureName>נטו מלינדה סחר בעמ</ManufactureName>
      <ManufactureCountry />
      <ManufactureItemDescription />
      <UnitQty>ק"ג</UnitQty>
      <Quantity>1</Quantity>
      <UnitMeasure>ק"ג</UnitMeasure>
      <BisWeighted>1</BisWeighted>
      <QtyInPackage>1</QtyInPackage>
      <ItemPrice>119</ItemPrice>
      <UnitOfMeasurePrice>119</UnitOfMeasurePrice>
      <AllowDiscount>1</AllowDiscount>
      <itemStatus>1</itemStatus>
      <LastUpdateDate />
      <LastUpdateTime />
    </Product>
    <Product>
      <PriceUpdateDate>2019/02/03 09:34</PriceUpdateDate>
      <ItemCode>7290005008184</ItemCode>
      <ItemType>1</ItemType>
      <ItemName>פלמוליב סבון נוזלי</ItemName>
      <ManufactureName>ש.שסטוביץ בעמ</ManufactureName>
      <ManufactureCountry />
      <ManufactureItemDescription />
      <UnitQty>י"ח</UnitQty>
      <Quantity>500</Quantity>
      <UnitMeasure>ל  מ"ל</UnitMeasure>
      <BisWeighted>0</BisWeighted>
      <QtyInPackage>1</QtyInPackage>
      <ItemPrice>15.90</ItemPrice>
      <UnitOfMeasurePrice>3.18</UnitOfMeasurePrice>
      <AllowDiscount>1</AllowDiscount>
      <itemStatus>1</itemStatus>
      <LastUpdateDate />
      <LastUpdateTime />
    </Product>
    <Product>
      <PriceUpdateDate>2019/02/03 09:34</PriceUpdateDate>
      <ItemCode>7290005008191</ItemCode>
      <ItemType>1</ItemType>
      <ItemName>פלמוליב סבון נוזלי</ItemName>
      <ManufactureName>ש.שסטוביץ בעמ</ManufactureName>
      <ManufactureCountry />
      <ManufactureItemDescription />
      <UnitQty>י"ח</UnitQty>
      <Quantity>500</Quantity>
      <UnitMeasure>ל  מ"ל</UnitMeasure>
      <BisWeighted>0</BisWeighted>
      <QtyInPackage>1</QtyInPackage>
      <ItemPrice>15.90</ItemPrice>
      <UnitOfMeasurePrice>3.18</UnitOfMeasurePrice>
      <AllowDiscount>1</AllowDiscount>
      <itemStatus>1</itemStatus>
      <LastUpdateDate />
      <LastUpdateTime />
    </Product>
    <Product>
      <PriceUpdateDate>2015/12/03 11:49</PriceUpdateDate>
      <ItemCode>7290005008481</ItemCode>
      <ItemType>1</ItemType>
      <ItemName>##ספיד סטיק לגבר ג`ל כחול</ItemName>
      <ManufactureName>ש.שסטוביץ בעמ</ManufactureName>
      <ManufactureCountry />
      <ManufactureItemDescription />
      <UnitQty>י"ח</UnitQty>
      <Quantity>85</Quantity>
      <UnitMeasure>ל  גרם</UnitMeasure>
      <BisWeighted>0</BisWeighted>
      <QtyInPackage>1</QtyInPackage>
      <ItemPrice>25.90</ItemPrice>
      <UnitOfMeasurePrice>30.47</UnitOfMeasurePrice>
      <AllowDiscount>1</AllowDiscount>
      <itemStatus>1</itemStatus>
      <LastUpdateDate />
      <LastUpdateTime />
    </Product>
    <Product>
      <PriceUpdateDate>2019/04/15 07:38</PriceUpdateDate>
      <ItemCode>5000277001019</ItemCode>
      <ItemType>1</ItemType>
      <ItemName>וויסקי דיוארס 700 מ"ל וואיט לייבל</ItemName>
      <ManufactureName>מ.אקרמן בעמ</ManufactureName>
      <ManufactureCountry />
      <ManufactureItemDescription />
      <UnitQty>י"ח</UnitQty>
      <Quantity>700</Quantity>
      <UnitMeasure>ל  מ"ל</UnitMeasure>
      <BisWeighted>0</BisWeighted>
      <QtyInPackage>1</QtyInPackage>
      <ItemPrice>99</ItemPrice>
      <UnitOfMeasurePrice>14.10</UnitOfMeasurePrice>
      <AllowDiscount>1</AllowDiscount>
      <itemStatus>1</itemStatus>
      <LastUpdateDate />
      <LastUpdateTime />
    </Product>
    <Product>
      <PriceUpdateDate>2016/05/09 16:25</PriceUpdateDate>
      <ItemCode>7290005084355</ItemCode>
      <ItemType>1</ItemType>
      <ItemName>סנסודין דואל קר</ItemName>
      <ManufactureName>גורי ע.ע.ע. בעמ</ManufactureName>
      <ManufactureCountry />
      <ManufactureItemDescription />
      <UnitQty>י"ח</UnitQty>
      <Quantity>75</Quantity>
      <UnitMeasure>ל  גרם</UnitMeasure>
      <BisWeighted>0</BisWeighted>
      <QtyInPackage>1</QtyInPackage>
      <ItemPrice>19.70</ItemPrice>
      <UnitOfMeasurePrice>26.27</UnitOfMeasurePrice>
      <AllowDiscount>1</AllowDiscount>
      <itemStatus>1</itemStatus>
      <LastUpdateDate />
      <LastUpdateTime />
    </Product>
    <Product>
      <PriceUpdateDate>2016/01/07 17:57</PriceUpdateDate>
      <ItemCode>5095641</ItemCode>
      <ItemType>0</ItemType>
      <ItemName>חיטה תפוחה  מתוקה(שלוה)</ItemName>
      <ManufactureName>ציון תורגמן בעמ</ManufactureName>
      <ManufactureCountry />
      <ManufactureItemDescription />
      <UnitQty>י"ח</UnitQty>
      <Quantity>1</Quantity>
      <UnitMeasure>י"ח</UnitMeasure>
      <BisWeighted>0</BisWeighted>
      <QtyInPackage>1</QtyInPackage>
      <ItemPrice>8.90</ItemPrice>
      <UnitOfMeasurePrice>8.90</UnitOfMeasurePrice>
      <AllowDiscount>1</AllowDiscount>
      <itemStatus>1</itemStatus>
      <LastUpdateDate />
      <LastUpdateTime />
    </Product>
    <Product>
      <PriceUpdateDate>2017/12/07 11:02</PriceUpdateDate>
      <ItemCode>5095702</ItemCode>
      <ItemType>0</ItemType>
      <ItemName>חיטה תפוחה  בדבש(שלוה)</ItemName>
      <ManufactureName>ציון תורגמן בעמ</ManufactureName>
      <ManufactureCountry />
      <ManufactureItemDescription />
      <UnitQty>י"ח</UnitQty>
      <Quantity>1</Quantity>
      <UnitMeasure>י"ח</UnitMeasure>
      <BisWeighted>0</BisWeighted>
      <QtyInPackage>1</QtyInPackage>
      <ItemPrice>8.90</ItemPrice>
      <UnitOfMeasurePrice>8.90</UnitOfMeasurePrice>
      <AllowDiscount>1</AllowDiscount>
      <itemStatus>1</itemStatus>
      <LastUpdateDate />
      <LastUpdateTime />
    </Product>
    <Product>
      <PriceUpdateDate>2017/12/07 11:02</PriceUpdateDate>
      <ItemCode>5095719</ItemCode>
      <ItemType>0</ItemType>
      <ItemName>חיטה תפוחה  טבעית(שלוה)</ItemName>
      <ManufactureName>ציון תורגמן בעמ</ManufactureName>
      <ManufactureCountry />
      <ManufactureItemDescription />
      <UnitQty>י"ח</UnitQty>
      <Quantity>1</Quantity>
      <UnitMeasure>י"ח</UnitMeasure>
      <BisWeighted>0</BisWeighted>
      <QtyInPackage>1</QtyInPackage>
      <ItemPrice>8.90</ItemPrice>
      <UnitOfMeasurePrice>8.90</UnitOfMeasurePrice>
      <AllowDiscount>1</AllowDiscount>
      <itemStatus>1</itemStatus>
      <LastUpdateDate />
      <LastUpdateTime />
    </Product>
    <Product>
      <PriceUpdateDate>2016/01/07 17:57</PriceUpdateDate>
      <ItemCode>5095801</ItemCode>
      <ItemType>0</ItemType>
      <ItemName>עמבה תמר 500 גרם עם פרי</ItemName>
      <ManufactureName>ציון תורגמן בעמ</ManufactureName>
      <ManufactureCountry />
      <ManufactureItemDescription />
      <UnitQty>י"ח</UnitQty>
      <Quantity>500</Quantity>
      <UnitMeasure>ל  גרם</UnitMeasure>
      <BisWeighted>0</BisWeighted>
      <QtyInPackage>1</QtyInPackage>
      <ItemPrice>14.90</ItemPrice>
      <UnitOfMeasurePrice>2.98</UnitOfMeasurePrice>
      <AllowDiscount>1</AllowDiscount>
      <itemStatus>1</itemStatus>
      <LastUpdateDate />
      <LastUpdateTime />
    </Product>
    <Product>
      <PriceUpdateDate>2016/07/03 10:37</PriceUpdateDate>
      <ItemCode>7290005201882</ItemCode>
      <ItemType>1</ItemType>
      <ItemName>קפה טורקי שקית 200 עלית</ItemName>
      <ManufactureName>שטראוס גרופ בעמ</ManufactureName>
      <ManufactureCountry />
      <ManufactureItemDescription />
      <UnitQty>י"ח</UnitQty>
      <Quantity>200</Quantity>
      <UnitMeasure>ל  גרם</UnitMeasure>
      <BisWeighted>0</BisWeighted>
      <QtyInPackage>1</QtyInPackage>
      <ItemPrice>17.90</ItemPrice>
      <UnitOfMeasurePrice>8.95</UnitOfMeasurePrice>
      <AllowDiscount>1</AllowDiscount>
      <itemStatus>1</itemStatus>
      <LastUpdateDate />
      <LastUpdateTime />
    </Product>
    <Product>
      <PriceUpdateDate>2017/11/07 10:50</PriceUpdateDate>
      <ItemCode>7290005296260</ItemCode>
      <ItemType>1</ItemType>
      <ItemName>אסטוניש רסס ונגב</ItemName>
      <ManufactureName>יעקב יעקבי ובניו בעמ</ManufactureName>
      <ManufactureCountry />
      <ManufactureItemDescription />
      <UnitQty>י"ח</UnitQty>
      <Quantity>750</Quantity>
      <UnitMeasure>ל  מ"ל</UnitMeasure>
      <BisWeighted>0</BisWeighted>
      <QtyInPackage>1</QtyInPackage>
      <ItemPrice>17.90</ItemPrice>
      <UnitOfMeasurePrice>2.39</UnitOfMeasurePrice>
      <AllowDiscount>1</AllowDiscount>
      <itemStatus>1</itemStatus>
      <LastUpdateDate />
      <LastUpdateTime />
    </Product>
    <Product>
      <PriceUpdateDate>2018/06/20 09:04</PriceUpdateDate>
      <ItemCode>5326592</ItemCode>
      <ItemType>0</ItemType>
      <ItemName>רוטב טריאקי שום וגינגר 300ג</ItemName>
      <ManufactureName>גורי מוצרי צריכה בעמ</ManufactureName>
      <ManufactureCountry />
      <ManufactureItemDescription />
      <UnitQty>י"ח</UnitQty>
      <Quantity>300</Quantity>
      <UnitMeasure>ל  מ"ל</UnitMeasure>
      <BisWeighted>0</BisWeighted>
      <QtyInPackage>1</QtyInPackage>
      <ItemPrice>13.90</ItemPrice>
      <UnitOfMeasurePrice>4.63</UnitOfMeasurePrice>
      <AllowDiscount>1</AllowDiscount>
      <itemStatus>1</itemStatus>
      <LastUpdateDate />
      <LastUpdateTime />
    </Product>
    <Product>
      <PriceUpdateDate>2018/06/20 09:04</PriceUpdateDate>
      <ItemCode>5326677</ItemCode>
      <ItemType>0</ItemType>
      <ItemName>רוטב ברביקיו  350ג</ItemName>
      <ManufactureName>גורי מוצרי צריכה בעמ</ManufactureName>
      <ManufactureCountry />
      <ManufactureItemDescription />
      <UnitQty>י"ח</UnitQty>
      <Quantity>350</Quantity>
      <UnitMeasure>ל  מ"ל</UnitMeasure>
      <BisWeighted>0</BisWeighted>
      <QtyInPackage>1</QtyInPackage>
      <ItemPrice>13.90</ItemPrice>
      <UnitOfMeasurePrice>3.97</UnitOfMeasurePrice>
      <AllowDiscount>1</AllowDiscount>
      <itemStatus>1</itemStatus>
      <LastUpdateDate />
      <LastUpdateTime />
    </Product>
    <Product>
      <PriceUpdateDate>2018/06/20 09:04</PriceUpdateDate>
      <ItemCode>5326806</ItemCode>
      <ItemType>0</ItemType>
      <ItemName>רוטב צילי מתוק וכפיר ליים310ג</ItemName>
      <ManufactureName>גורי מוצרי צריכה בעמ</ManufactureName>
      <ManufactureCountry />
      <ManufactureItemDescription />
      <UnitQty>י"ח</UnitQty>
      <Quantity>310</Quantity>
      <UnitMeasure>ל  מ"ל</UnitMeasure>
      <BisWeighted>0</BisWeighted>
      <QtyInPackage>1</QtyInPackage>
      <ItemPrice>13.90</ItemPrice>
      <UnitOfMeasurePrice>4.48</UnitOfMeasurePrice>
      <AllowDiscount>1</AllowDiscount>
      <itemStatus>1</itemStatus>
      <LastUpdateDate />
      <LastUpdateTime />
    </Product>
    <Product>
      <PriceUpdateDate>2019/12/04 13:48</PriceUpdateDate>
      <ItemCode>7290005423505</ItemCode>
      <ItemType>1</ItemType>
      <ItemName>אורביטול מי פה</ItemName>
      <ManufactureName>החב הדרומית לשיווק</ManufactureName>
      <ManufactureCountry />
      <ManufactureItemDescription />
      <UnitQty>י"ח</UnitQty>
      <Quantity>500</Quantity>
      <UnitMeasure>ל  מ"ל</UnitMeasure>
      <BisWeighted>0</BisWeighted>
      <QtyInPackage>1</QtyInPackage>
      <ItemPrice>21.90</ItemPrice>
      <UnitOfMeasurePrice>4.38</UnitOfMeasurePrice>
      <AllowDiscount>1</AllowDiscount>
      <itemStatus>1</itemStatus>
      <LastUpdateDate />
      <LastUpdateTime />
    </Product>
    <Product>
      <PriceUpdateDate>2019/07/18 10:04</PriceUpdateDate>
      <ItemCode>7290005423543</ItemCode>
      <ItemType>1</ItemType>
      <ItemName>אורביטול להלבנת 145גר</ItemName>
      <ManufactureName>החב הדרומית לשיווק</ManufactureName>
      <ManufactureCountry />
      <ManufactureItemDescription />
      <UnitQty>י"ח</UnitQty>
      <Quantity>145</Quantity>
      <UnitMeasure>ל  גרם</UnitMeasure>
      <BisWeighted>0</BisWeighted>
      <QtyInPackage>1</QtyInPackage>
      <ItemPrice>9.90</ItemPrice>
      <UnitOfMeasurePrice>6.83</UnitOfMeasurePrice>
      <AllowDiscount>1</AllowDiscount>
      <itemStatus>1</itemStatus>
      <LastUpdateDate />
      <LastUpdateTime />
    </Product>
    <Product>
      <PriceUpdateDate>2019/12/04 13:48</PriceUpdateDate>
      <ItemCode>7290005423567</ItemCode>
      <ItemType>1</ItemType>
      <ItemName>מטליות בגליל סושי</ItemName>
      <ManufactureName>החב הדרומית לשיווק</ManufactureName>
      <ManufactureCountry />
      <ManufactureItemDescription />
      <UnitQty>י"ח</UnitQty>
      <Quantity>1</Quantity>
      <UnitMeasure />
      <BisWeighted>0</BisWeighted>
      <QtyInPackage>1</QtyInPackage>
      <ItemPrice>20.90</ItemPrice>
      <UnitOfMeasurePrice>20.90</UnitOfMeasurePrice>
      <AllowDiscount>1</AllowDiscount>
      <itemStatus>1</itemStatus>
      <LastUpdateDate />
      <LastUpdateTime />
    </Product>
    <Product>
      <PriceUpdateDate>2019/12/04 13:48</PriceUpdateDate>
      <ItemCode>7290005424403</ItemCode>
      <ItemType>1</ItemType>
      <ItemName>אל סבון כיף 1 ליטר</ItemName>
      <ManufactureName>החב הדרומית לשיווק</ManufactureName>
      <ManufactureCountry />
      <ManufactureItemDescription />
      <UnitQty>י"ח</UnitQty>
      <Quantity>1</Quantity>
      <UnitMeasure>ליטר</UnitMeasure>
      <BisWeighted>0</BisWeighted>
      <QtyInPackage>1</QtyInPackage>
      <ItemPrice>10.90</ItemPrice>
      <UnitOfMeasurePrice>10.90</UnitOfMeasurePrice>
      <AllowDiscount>1</AllowDiscount>
      <itemStatus>1</itemStatus>
      <LastUpdateDate />
      <LastUpdateTime />
    </Product>
    <Product>
      <PriceUpdateDate>2019/12/04 13:48</PriceUpdateDate>
      <ItemCode>7290005424694</ItemCode>
      <ItemType>1</ItemType>
      <ItemName>תחליב רחצה קרמה 750 מ"ל</ItemName>
      <ManufactureName>החב הדרומית לשיווק</ManufactureName>
      <ManufactureCountry />
      <ManufactureItemDescription />
      <UnitQty>י"ח</UnitQty>
      <Quantity>750</Quantity>
      <UnitMeasure>ל  מ"ל</UnitMeasure>
      <BisWeighted>0</BisWeighted>
      <QtyInPackage>1</QtyInPackage>
      <ItemPrice>15.90</ItemPrice>
      <UnitOfMeasurePrice>2.12</UnitOfMeasurePrice>
      <AllowDiscount>1</AllowDiscount>
      <itemStatus>1</itemStatus>
      <LastUpdateDate />
      <LastUpdateTime />
    </Product>
    <Product>
      <PriceUpdateDate>2019/12/09 09:27</PriceUpdateDate>
      <ItemCode>7290005424991</ItemCode>
      <ItemType>1</ItemType>
      <ItemName>פרש אוטומטיק בניחוח בייבי פאודר</ItemName>
      <ManufactureName>החב הדרומית לשיווק</ManufactureName>
      <ManufactureCountry />
      <ManufactureItemDescription />
      <UnitQty>י"ח</UnitQty>
      <Quantity>165</Quantity>
      <UnitMeasure>ל  גרם</UnitMeasure>
      <BisWeighted>0</BisWeighted>
      <QtyInPackage>1</QtyInPackage>
      <ItemPrice>15.90</ItemPrice>
      <UnitOfMeasurePrice>9.64</UnitOfMeasurePrice>
      <AllowDiscount>1</AllowDiscount>
      <itemStatus>1</itemStatus>
      <LastUpdateDate />
      <LastUpdateTime />
    </Product>
    <Product>
      <PriceUpdateDate>2017/01/03 11:04</PriceUpdateDate>
      <ItemCode>7290005425073</ItemCode>
      <ItemType>1</ItemType>
      <ItemName>דואופרש אפרסק</ItemName>
      <ManufactureName>החב הדרומית לשיווק</ManufactureName>
      <ManufactureCountry />
      <ManufactureItemDescription />
      <UnitQty>י"ח</UnitQty>
      <Quantity>300</Quantity>
      <UnitMeasure>ל  מ"ל</UnitMeasure>
      <BisWeighted>0</BisWeighted>
      <QtyInPackage>1</QtyInPackage>
      <ItemPrice>10.90</ItemPrice>
      <UnitOfMeasurePrice>3.63</UnitOfMeasurePrice>
      <AllowDiscount>1</AllowDiscount>
      <itemStatus>1</itemStatus>
      <LastUpdateDate />
      <LastUpdateTime />
    </Product>
    <Product>
      <PriceUpdateDate>2019/07/18 10:04</PriceUpdateDate>
      <ItemCode>7290005425745</ItemCode>
      <ItemType>1</ItemType>
      <ItemName>אורביטול אלפיין פרש</ItemName>
      <ManufactureName>החב הדרומית לשיווק</ManufactureName>
      <ManufactureCountry />
      <ManufactureItemDescription />
      <UnitQty>י"ח</UnitQty>
      <Quantity>145</Quantity>
      <UnitMeasure>ל  גרם</UnitMeasure>
      <BisWeighted>0</BisWeighted>
      <QtyInPackage>1</QtyInPackage>
      <ItemPrice>9.90</ItemPrice>
      <UnitOfMeasurePrice>6.83</UnitOfMeasurePrice>
      <AllowDiscount>1</AllowDiscount>
      <itemStatus>1</itemStatus>
      <LastUpdateDate />
      <LastUpdateTime />
    </Product>
    <Product>
      <PriceUpdateDate>2019/12/17 10:06</PriceUpdateDate>
      <ItemCode>7290005426353</ItemCode>
      <ItemType>1</ItemType>
      <ItemName>תחליב רחצה קרמה שקד 750</ItemName>
      <ManufactureName>החב הדרומית לשיווק</ManufactureName>
      <ManufactureCountry />
      <ManufactureItemDescription />
      <UnitQty>י"ח</UnitQty>
      <Quantity>750</Quantity>
      <UnitMeasure>ל  מ"ל</UnitMeasure>
      <BisWeighted>0</BisWeighted>
      <QtyInPackage>1</QtyInPackage>
      <ItemPrice>15.90</ItemPrice>
      <UnitOfMeasurePrice>2.12</UnitOfMeasurePrice>
      <AllowDiscount>1</AllowDiscount>
      <itemStatus>1</itemStatus>
      <LastUpdateDate />
      <LastUpdateTime />
    </Product>
    <Product>
      <PriceUpdateDate>2019/12/04 13:48</PriceUpdateDate>
      <ItemCode>7290005426360</ItemCode>
      <ItemType>1</ItemType>
      <ItemName>תחליב רחצה קרמה דבש</ItemName>
      <ManufactureName>החב הדרומית לשיווק</ManufactureName>
      <ManufactureCountry />
      <ManufactureItemDescription />
      <UnitQty>י"ח</UnitQty>
      <Quantity>750</Quantity>
      <UnitMeasure>ל  מ"ל</UnitMeasure>
      <BisWeighted>0</BisWeighted>
      <QtyInPackage>1</QtyInPackage>
      <ItemPrice>15.90</ItemPrice>
      <UnitOfMeasurePrice>2.12</UnitOfMeasurePrice>
      <AllowDiscount>1</AllowDiscount>
      <itemStatus>1</itemStatus>
      <LastUpdateDate />
      <LastUpdateTime />
    </Product>
    <Product>
      <PriceUpdateDate>2019/12/12 12:05</PriceUpdateDate>
      <ItemCode>7290005426629</ItemCode>
      <ItemType>1</ItemType>
      <ItemName>דאופרש אורך דובדבן</ItemName>
      <ManufactureName>החב הדרומית לשיווק</ManufactureName>
      <ManufactureCountry />
      <ManufactureItemDescription />
      <UnitQty>י"ח</UnitQty>
      <Quantity>300</Quantity>
      <UnitMeasure>ל  מ"ל</UnitMeasure>
      <BisWeighted>0</BisWeighted>
      <QtyInPackage>1</QtyInPackage>
      <ItemPrice>10.90</ItemPrice>
      <UnitOfMeasurePrice>3.63</UnitOfMeasurePrice>
      <AllowDiscount>1</AllowDiscount>
      <itemStatus>1</itemStatus>
      <LastUpdateDate />
      <LastUpdateTime />
    </Product>
    <Product>
      <PriceUpdateDate>2016/06/03 11:11</PriceUpdateDate>
      <ItemCode>7290005426865</ItemCode>
      <ItemType>1</ItemType>
      <ItemName>אורביטול קיד</ItemName>
      <ManufactureName>החב הדרומית לשיווק</ManufactureName>
      <ManufactureCountry />
      <ManufactureItemDescription />
      <UnitQty>י"ח</UnitQty>
      <Quantity>70</Quantity>
      <UnitMeasure>ל  גרם</UnitMeasure>
      <BisWeighted>0</BisWeighted>
      <QtyInPackage>1</QtyInPackage>
      <ItemPrice>7.90</ItemPrice>
      <UnitOfMeasurePrice>11.29</UnitOfMeasurePrice>
      <AllowDiscount>1</AllowDiscount>
      <itemStatus>1</itemStatus>
      <LastUpdateDate />
      <LastUpdateTime />
    </Product>
    <Product>
      <PriceUpdateDate>2020/02/05 08:50</PriceUpdateDate>
      <ItemCode>7290005426964</ItemCode>
      <ItemType>1</ItemType>
      <ItemName>סנובון שלישייה כחול אפרסק</ItemName>
      <ManufactureName>החב הדרומית לשיווק</ManufactureName>
      <ManufactureCountry />
      <ManufactureItemDescription />
      <UnitQty>י"ח</UnitQty>
      <Quantity>165</Quantity>
      <UnitMeasure>ל  גרם</UnitMeasure>
      <BisWeighted>0</BisWeighted>
      <QtyInPackage>1</QtyInPackage>
      <ItemPrice>14.90</ItemPrice>
      <UnitOfMeasurePrice>9.03</UnitOfMeasurePrice>
      <AllowDiscount>1</AllowDiscount>
      <itemStatus>1</itemStatus>
      <LastUpdateDate />
      <LastUpdateTime />
    </Product>
    <Product>
      <PriceUpdateDate>2020/02/05 08:50</PriceUpdateDate>
      <ItemCode>7290005426971</ItemCode>
      <ItemType>1</ItemType>
      <ItemName>סנובון שלישייה כחול תפוח</ItemName>
      <ManufactureName>החב הדרומית לשיווק</ManufactureName>
      <ManufactureCountry />
      <ManufactureItemDescription />
      <UnitQty>י"ח</UnitQty>
      <Quantity>165</Quantity>
      <UnitMeasure>ל  גרם</UnitMeasure>
      <BisWeighted>0</BisWeighted>
      <QtyInPackage>1</QtyInPackage>
      <ItemPrice>14.90</ItemPrice>
      <UnitOfMeasurePrice>9.03</UnitOfMeasurePrice>
      <AllowDiscount>1</AllowDiscount>
      <itemStatus>1</itemStatus>
      <LastUpdateDate />
      <LastUpdateTime />
    </Product>
    <Product>
      <PriceUpdateDate>2020/05/03 15:08</PriceUpdateDate>
      <ItemCode>7290005427794</ItemCode>
      <ItemType>1</ItemType>
      <ItemName>לחות קרמה למניעת קשקשים</ItemName>
      <ManufactureName>החב הדרומית לשיווק</ManufactureName>
      <ManufactureCountry />
      <ManufactureItemDescription />
      <UnitQty>י"ח</UnitQty>
      <Quantity>400</Quantity>
      <UnitMeasure>ל  מ"ל</UnitMeasure>
      <BisWeighted>0</BisWeighted>
      <QtyInPackage>1</QtyInPackage>
      <ItemPrice>19.90</ItemPrice>
      <UnitOfMeasurePrice>4.98</UnitOfMeasurePrice>
      <AllowDiscount>0</AllowDiscount>
      <itemStatus>1</itemStatus>
      <LastUpdateDate />
      <LastUpdateTime />
    </Product>
    <Product>
      <PriceUpdateDate>2016/02/17 10:25</PriceUpdateDate>
      <ItemCode>7290005427848</ItemCode>
      <ItemType>1</ItemType>
      <ItemName>מטליות בגליל סושי</ItemName>
      <ManufactureName>החב הדרומית לשיווק</ManufactureName>
      <ManufactureCountry />
      <ManufactureItemDescription />
      <UnitQty>י"ח</UnitQty>
      <Quantity>1</Quantity>
      <UnitMeasure />
      <BisWeighted>0</BisWeighted>
      <QtyInPackage>1</QtyInPackage>
      <ItemPrice>22.90</ItemPrice>
      <UnitOfMeasurePrice>22.90</UnitOfMeasurePrice>
      <AllowDiscount>1</AllowDiscount>
      <itemStatus>1</itemStatus>
      <LastUpdateDate />
      <LastUpdateTime />
    </Product>
    <Product>
      <PriceUpdateDate>2019/12/04 13:48</PriceUpdateDate>
      <ItemCode>7290005427923</ItemCode>
      <ItemType>1</ItemType>
      <ItemName>תחליב רחצה קרמה פסיפלורה</ItemName>
      <ManufactureName>החב הדרומית לשיווק</ManufactureName>
      <ManufactureCountry />
      <ManufactureItemDescription />
      <UnitQty>י"ח</UnitQty>
      <Quantity>750</Quantity>
      <UnitMeasure>ל  מ"ל</UnitMeasure>
      <BisWeighted>0</BisWeighted>
      <QtyInPackage>1</QtyInPackage>
      <ItemPrice>15.90</ItemPrice>
      <UnitOfMeasurePrice>2.12</UnitOfMeasurePrice>
      <AllowDiscount>1</AllowDiscount>
      <itemStatus>1</itemStatus>
      <LastUpdateDate />
      <LastUpdateTime />
    </Product>
    <Product>
      <PriceUpdateDate>2019/12/04 13:48</PriceUpdateDate>
      <ItemCode>7290005429279</ItemCode>
      <ItemType>1</ItemType>
      <ItemName>סנו מקסימה אפקט זאוול  6 ק"ג.</ItemName>
      <ManufactureName>החב הדרומית לשיווק</ManufactureName>
      <ManufactureCountry />
      <ManufactureItemDescription />
      <UnitQty>י"ח</UnitQty>
      <Quantity>6</Quantity>
      <UnitMeasure>ק"ג</UnitMeasure>
      <BisWeighted>0</BisWeighted>
      <QtyInPackage>1</QtyInPackage>
      <ItemPrice>44.90</ItemPrice>
      <UnitOfMeasurePrice>7.48</UnitOfMeasurePrice>
      <AllowDiscount>1</AllowDiscount>
      <itemStatus>1</itemStatus>
      <LastUpdateDate />
      <LastUpdateTime />
    </Product>
    <Product>
      <PriceUpdateDate>2019/12/04 13:48</PriceUpdateDate>
      <ItemCode>7290005429286</ItemCode>
      <ItemType>1</ItemType>
      <ItemName>סנו מקסימה קומפקט ביו 6</ItemName>
      <ManufactureName>החב הדרומית לשיווק</ManufactureName>
      <ManufactureCountry />
      <ManufactureItemDescription />
      <UnitQty>י"ח</UnitQty>
      <Quantity>6</Quantity>
      <UnitMeasure>ק"ג</UnitMeasure>
      <BisWeighted>0</BisWeighted>
      <QtyInPackage>1</QtyInPackage>
      <ItemPrice>44.90</ItemPrice>
      <UnitOfMeasurePrice>7.48</UnitOfMeasurePrice>
      <AllowDiscount>1</AllowDiscount>
      <itemStatus>1</itemStatus>
      <LastUpdateDate />
      <LastUpdateTime />
    </Product>
    <Product>
      <PriceUpdateDate>2020/01/13 10:05</PriceUpdateDate>
      <ItemCode>7290005430671</ItemCode>
      <ItemType>1</ItemType>
      <ItemName>פוליוקס קרמיקה 2 ליטר</ItemName>
      <ManufactureName>החב הדרומית לשיווק</ManufactureName>
      <ManufactureCountry />
      <ManufactureItemDescription />
      <UnitQty>י"ח</UnitQty>
      <Quantity>2</Quantity>
      <UnitMeasure>ליטר</UnitMeasure>
      <BisWeighted>0</BisWeighted>
      <QtyInPackage>1</QtyInPackage>
      <ItemPrice>19.90</ItemPrice>
      <UnitOfMeasurePrice>9.95</UnitOfMeasurePrice>
      <AllowDiscount>1</AllowDiscount>
      <itemStatus>1</itemStatus>
      <LastUpdateDate />
      <LastUpdateTime />
    </Product>
    <Product>
      <PriceUpdateDate>2013/12/18 18:56</PriceUpdateDate>
      <ItemCode>7290005559549</ItemCode>
      <ItemType>1</ItemType>
      <ItemName>בלינצ ס גבינה</ItemName>
      <ManufactureName>תנובה בשר</ManufactureName>
      <ManufactureCountry />
      <ManufactureItemDescription />
      <UnitQty>י"ח</UnitQty>
      <Quantity>500</Quantity>
      <UnitMeasure>ל  גרם</UnitMeasure>
      <BisWeighted>0</BisWeighted>
      <QtyInPackage>1</QtyInPackage>
      <ItemPrice>26.90</ItemPrice>
      <UnitOfMeasurePrice>5.38</UnitOfMeasurePrice>
      <AllowDiscount>1</AllowDiscount>
      <itemStatus>1</itemStatus>
      <LastUpdateDate />
      <LastUpdateTime />
    </Product>
    <Product>
      <PriceUpdateDate>2018/07/15 15:22</PriceUpdateDate>
      <ItemCode>7290005559587</ItemCode>
      <ItemType>1</ItemType>
      <ItemName>נקניקיות בבצק]מעדנות[</ItemName>
      <ManufactureName>תנובה בשר</ManufactureName>
      <ManufactureCountry />
      <ManufactureItemDescription />
      <UnitQty>י"ח</UnitQty>
      <Quantity>800</Quantity>
      <UnitMeasure>ל  גרם</UnitMeasure>
      <BisWeighted>0</BisWeighted>
      <QtyInPackage>1</QtyInPackage>
      <ItemPrice>28.90</ItemPrice>
      <UnitOfMeasurePrice>3.61</UnitOfMeasurePrice>
      <AllowDiscount>1</AllowDiscount>
      <itemStatus>1</itemStatus>
      <LastUpdateDate />
      <LastUpdateTime />
    </Product>
    <Product>
      <PriceUpdateDate>2018/07/15 15:22</PriceUpdateDate>
      <ItemCode>7290005559662</ItemCode>
      <ItemType>1</ItemType>
      <ItemName>בורקיטס פריך גבינה</ItemName>
      <ManufactureName>תנובה בשר</ManufactureName>
      <ManufactureCountry />
      <ManufactureItemDescription />
      <UnitQty>י"ח</UnitQty>
      <Quantity>650</Quantity>
      <UnitMeasure>ל  גרם</UnitMeasure>
      <BisWeighted>0</BisWeighted>
      <QtyInPackage>1</QtyInPackage>
      <ItemPrice>27.90</ItemPrice>
      <UnitOfMeasurePrice>4.29</UnitOfMeasurePrice>
      <AllowDiscount>1</AllowDiscount>
      <itemStatus>1</itemStatus>
      <LastUpdateDate />
      <LastUpdateTime />
    </Product>
    <Product>
      <PriceUpdateDate>2018/07/15 15:22</PriceUpdateDate>
      <ItemCode>7290005559709</ItemCode>
      <ItemType>1</ItemType>
      <ItemName>בורקס  פיצה}מעדנות{</ItemName>
      <ManufactureName>תנובה בשר</ManufactureName>
      <ManufactureCountry />
      <ManufactureItemDescription />
      <UnitQty>י"ח</UnitQty>
      <Quantity>700</Quantity>
      <UnitMeasure>ל  גרם</UnitMeasure>
      <BisWeighted>0</BisWeighted>
      <QtyInPackage>1</QtyInPackage>
      <ItemPrice>27.90</ItemPrice>
      <UnitOfMeasurePrice>3.99</UnitOfMeasurePrice>
      <AllowDiscount>1</AllowDiscount>
      <itemStatus>1</itemStatus>
      <LastUpdateDate />
      <LastUpdateTime />
    </Product>
    <Product>
      <PriceUpdateDate>2018/07/15 15:22</PriceUpdateDate>
      <ItemCode>7290005559884</ItemCode>
      <ItemType>1</ItemType>
      <ItemName>אמפנדס בשר]מעדנות[</ItemName>
      <ManufactureName>תנובה בשר</ManufactureName>
      <ManufactureCountry />
      <ManufactureItemDescription />
      <UnitQty>י"ח</UnitQty>
      <Quantity>650</Quantity>
      <UnitMeasure>ל  גרם</UnitMeasure>
      <BisWeighted>0</BisWeighted>
      <QtyInPackage>1</QtyInPackage>
      <ItemPrice>29.90</ItemPrice>
      <UnitOfMeasurePrice>4.60</UnitOfMeasurePrice>
      <AllowDiscount>1</AllowDiscount>
      <itemStatus>1</itemStatus>
      <LastUpdateDate />
      <LastUpdateTime />
    </Product>
    <Product>
      <PriceUpdateDate>2018/07/01 11:51</PriceUpdateDate>
      <ItemCode>5559907</ItemCode>
      <ItemType>0</ItemType>
      <ItemName>פיצה משפחתית גבינה 500 ג מעדנות</ItemName>
      <ManufactureName>תנובה בשר</ManufactureName>
      <ManufactureCountry />
      <ManufactureItemDescription />
      <UnitQty>י"ח</UnitQty>
      <Quantity>500</Quantity>
      <UnitMeasure>ל  גרם</UnitMeasure>
      <BisWeighted>0</BisWeighted>
      <QtyInPackage>1</QtyInPackage>
      <ItemPrice>23.90</ItemPrice>
      <UnitOfMeasurePrice>4.78</UnitOfMeasurePrice>
      <AllowDiscount>1</AllowDiscount>
      <itemStatus>1</itemStatus>
      <LastUpdateDate />
      <LastUpdateTime />
    </Product>
    <Product>
      <PriceUpdateDate>2018/07/01 11:51</PriceUpdateDate>
      <ItemCode>7290005559914</ItemCode>
      <ItemType>1</ItemType>
      <ItemName>פיצה משפחתית זיתים 550ג"ר מעדנות</ItemName>
      <ManufactureName>תנובה בשר</ManufactureName>
      <ManufactureCountry />
      <ManufactureItemDescription />
      <UnitQty>י"ח</UnitQty>
      <Quantity>550</Quantity>
      <UnitMeasure>ל  גרם</UnitMeasure>
      <BisWeighted>0</BisWeighted>
      <QtyInPackage>1</QtyInPackage>
      <ItemPrice>23.90</ItemPrice>
      <UnitOfMeasurePrice>4.35</UnitOfMeasurePrice>
      <AllowDiscount>1</AllowDiscount>
      <itemStatus>1</itemStatus>
      <LastUpdateDate />
      <LastUpdateTime />
    </Product>
    <Product>
      <PriceUpdateDate>2014/01/03 13:46</PriceUpdateDate>
      <ItemCode>7290005559945</ItemCode>
      <ItemType>1</ItemType>
      <ItemName>פיצה אישית גבינה</ItemName>
      <ManufactureName>תנובה בשר</ManufactureName>
      <ManufactureCountry />
      <ManufactureItemDescription />
      <UnitQty>י"ח</UnitQty>
      <Quantity>750</Quantity>
      <UnitMeasure>ל  גרם</UnitMeasure>
      <BisWeighted>0</BisWeighted>
      <QtyInPackage>1</QtyInPackage>
      <ItemPrice>36.90</ItemPrice>
      <UnitOfMeasurePrice>4.92</UnitOfMeasurePrice>
      <AllowDiscount>1</AllowDiscount>
      <itemStatus>1</itemStatus>
      <LastUpdateDate />
      <LastUpdateTime />
    </Product>
    <Product>
      <PriceUpdateDate>2014/01/03 13:46</PriceUpdateDate>
      <ItemCode>7290005559952</ItemCode>
      <ItemType>1</ItemType>
      <ItemName>פיצה אישית עגולה זיתים</ItemName>
      <ManufactureName>תנובה בשר</ManufactureName>
      <ManufactureCountry />
      <ManufactureItemDescription />
      <UnitQty>י"ח</UnitQty>
      <Quantity>850</Quantity>
      <UnitMeasure>ל  גרם</UnitMeasure>
      <BisWeighted>0</BisWeighted>
      <QtyInPackage>1</QtyInPackage>
      <ItemPrice>36.90</ItemPrice>
      <UnitOfMeasurePrice>4.34</UnitOfMeasurePrice>
      <AllowDiscount>1</AllowDiscount>
      <itemStatus>1</itemStatus>
      <LastUpdateDate />
      <LastUpdateTime />
    </Product>
    <Product>
      <PriceUpdateDate>2015/07/05 11:17</PriceUpdateDate>
      <ItemCode>7290005559969</ItemCode>
      <ItemType>1</ItemType>
      <ItemName>פיצה משולשת 750 גרם</ItemName>
      <ManufactureName>תנובה בשר</ManufactureName>
      <ManufactureCountry />
      <ManufactureItemDescription />
      <UnitQty>י"ח</UnitQty>
      <Quantity>750</Quantity>
      <UnitMeasure>ל  גרם</UnitMeasure>
      <BisWeighted>0</BisWeighted>
      <QtyInPackage>1</QtyInPackage>
      <ItemPrice>36.90</ItemPrice>
      <UnitOfMeasurePrice>4.92</UnitOfMeasurePrice>
      <AllowDiscount>1</AllowDiscount>
      <itemStatus>1</itemStatus>
      <LastUpdateDate />
      <LastUpdateTime />
    </Product>
    <Product>
      <PriceUpdateDate>2014/01/03 13:46</PriceUpdateDate>
      <ItemCode>7290005559976</ItemCode>
      <ItemType>1</ItemType>
      <ItemName>פיצה משולש זיתים</ItemName>
      <ManufactureName>תנובה בשר</ManufactureName>
      <ManufactureCountry />
      <ManufactureItemDescription />
      <UnitQty>י"ח</UnitQty>
      <Quantity>850</Quantity>
      <UnitMeasure>ל  גרם</UnitMeasure>
      <BisWeighted>0</BisWeighted>
      <QtyInPackage>1</QtyInPackage>
      <ItemPrice>36.90</ItemPrice>
      <UnitOfMeasurePrice>4.34</UnitOfMeasurePrice>
      <AllowDiscount>1</AllowDiscount>
      <itemStatus>1</itemStatus>
      <LastUpdateDate />
      <LastUpdateTime />
    </Product>
    <Product>
      <PriceUpdateDate>2016/03/07 14:34</PriceUpdateDate>
      <ItemCode>7290005559983</ItemCode>
      <ItemType>1</ItemType>
      <ItemName>חטיפי פיצה מעדנות</ItemName>
      <ManufactureName>תנובה בשר</ManufactureName>
      <ManufactureCountry />
      <ManufactureItemDescription />
      <UnitQty>י"ח</UnitQty>
      <Quantity>650</Quantity>
      <UnitMeasure>ל  גרם</UnitMeasure>
      <BisWeighted>0</BisWeighted>
      <QtyInPackage>1</QtyInPackage>
      <ItemPrice>33</ItemPrice>
      <UnitOfMeasurePrice>5.08</UnitOfMeasurePrice>
      <AllowDiscount>1</AllowDiscount>
      <itemStatus>1</itemStatus>
      <LastUpdateDate />
      <LastUpdateTime />
    </Product>
    <Product>
      <PriceUpdateDate>2018/07/15 15:22</PriceUpdateDate>
      <ItemCode>7290005559990</ItemCode>
      <ItemType>1</ItemType>
      <ItemName>בצק פילאס טורקי</ItemName>
      <ManufactureName>תנובה בשר</ManufactureName>
      <ManufactureCountry />
      <ManufactureItemDescription />
      <UnitQty>י"ח</UnitQty>
      <Quantity>600</Quantity>
      <UnitMeasure>ל  גרם</UnitMeasure>
      <BisWeighted>0</BisWeighted>
      <QtyInPackage>1</QtyInPackage>
      <ItemPrice>23.90</ItemPrice>
      <UnitOfMeasurePrice>3.98</UnitOfMeasurePrice>
      <AllowDiscount>1</AllowDiscount>
      <itemStatus>1</itemStatus>
      <LastUpdateDate />
      <LastUpdateTime />
    </Product>
    <Product>
      <PriceUpdateDate>2018/11/06 10:28</PriceUpdateDate>
      <ItemCode>7290005564680</ItemCode>
      <ItemType>1</ItemType>
      <ItemName>תפוזינה-לימונים   1.5 ל</ItemName>
      <ManufactureName>יפאורה שותפות מוגבלת לשיווק</ManufactureName>
      <ManufactureCountry />
      <ManufactureItemDescription />
      <UnitQty>י"ח</UnitQty>
      <Quantity>1.50</Quantity>
      <UnitMeasure>ליטר</UnitMeasure>
      <BisWeighted>0</BisWeighted>
      <QtyInPackage>1</QtyInPackage>
      <ItemPrice>6.20</ItemPrice>
      <UnitOfMeasurePrice>4.13</UnitOfMeasurePrice>
      <AllowDiscount>1</AllowDiscount>
      <itemStatus>1</itemStatus>
      <LastUpdateDate />
      <LastUpdateTime />
    </Product>
    <Product>
      <PriceUpdateDate>2016/06/16 07:56</PriceUpdateDate>
      <ItemCode>5587825</ItemCode>
      <ItemType>0</ItemType>
      <ItemName>דרמו מסיר איפור עדין 125מ"ל</ItemName>
      <ManufactureName>לוריאל ישראל קוסמטיקס בעמ</ManufactureName>
      <ManufactureCountry />
      <ManufactureItemDescription />
      <UnitQty>י"ח</UnitQty>
      <Quantity>250</Quantity>
      <UnitMeasure>ל  מ"ל</UnitMeasure>
      <BisWeighted>0</BisWeighted>
      <QtyInPackage>1</QtyInPackage>
      <ItemPrice>30</ItemPrice>
      <UnitOfMeasurePrice>12</UnitOfMeasurePrice>
      <AllowDiscount>1</AllowDiscount>
      <itemStatus>1</itemStatus>
      <LastUpdateDate />
      <LastUpdateTime />
    </Product>
    <Product>
      <PriceUpdateDate>2014/01/29 10:36</PriceUpdateDate>
      <ItemCode>7290005604133</ItemCode>
      <ItemType>1</ItemType>
      <ItemName>פריגת מנגו 1.5 ל</ItemName>
      <ManufactureName>חברה המרכזית להפצת משקאות בעמ</ManufactureName>
      <ManufactureCountry />
      <ManufactureItemDescription />
      <UnitQty>י"ח</UnitQty>
      <Quantity>1.50</Quantity>
      <UnitMeasure>ליטר</UnitMeasure>
      <BisWeighted>0</BisWeighted>
      <QtyInPackage>1</QtyInPackage>
      <ItemPrice>6.90</ItemPrice>
      <UnitOfMeasurePrice>4.60</UnitOfMeasurePrice>
      <AllowDiscount>1</AllowDiscount>
      <itemStatus>1</itemStatus>
      <LastUpdateDate />
      <LastUpdateTime />
    </Product>
    <Product>
      <PriceUpdateDate>2014/01/29 10:36</PriceUpdateDate>
      <ItemCode>7290005604584</ItemCode>
      <ItemType>1</ItemType>
      <ItemName>פריגת אשכוליות פאלפ 1.5 ל</ItemName>
      <ManufactureName>חברה המרכזית להפצת משקאות בעמ</ManufactureName>
      <ManufactureCountry />
      <ManufactureItemDescription />
      <UnitQty>י"ח</UnitQty>
      <Quantity>1.50</Quantity>
      <UnitMeasure>ליטר</UnitMeasure>
      <BisWeighted>0</BisWeighted>
      <QtyInPackage>1</QtyInPackage>
      <ItemPrice>6.90</ItemPrice>
      <UnitOfMeasurePrice>4.60</UnitOfMeasurePrice>
      <AllowDiscount>1</AllowDiscount>
      <itemStatus>1</itemStatus>
      <LastUpdateDate />
      <LastUpdateTime />
    </Product>
    <Product>
      <PriceUpdateDate>2014/01/29 10:36</PriceUpdateDate>
      <ItemCode>7290005605796</ItemCode>
      <ItemType>1</ItemType>
      <ItemName>פריגת לימונדה פאלפ 1.5 ל</ItemName>
      <ManufactureName>חברה המרכזית להפצת משקאות בעמ</ManufactureName>
      <ManufactureCountry />
      <ManufactureItemDescription />
      <UnitQty>י"ח</UnitQty>
      <Quantity>1.50</Quantity>
      <UnitMeasure>ליטר</UnitMeasure>
      <BisWeighted>0</BisWeighted>
      <QtyInPackage>1</QtyInPackage>
      <ItemPrice>6.90</ItemPrice>
      <UnitOfMeasurePrice>4.60</UnitOfMeasurePrice>
      <AllowDiscount>1</AllowDiscount>
      <itemStatus>1</itemStatus>
      <LastUpdateDate />
      <LastUpdateTime />
    </Product>
    <Product>
      <PriceUpdateDate>2014/05/30 15:02</PriceUpdateDate>
      <ItemCode>7290005838613</ItemCode>
      <ItemType>1</ItemType>
      <ItemName>סקי וניל 3%</ItemName>
      <ManufactureName>שטראוס גרופ ***בעמ</ManufactureName>
      <ManufactureCountry />
      <ManufactureItemDescription />
      <UnitQty>י"ח</UnitQty>
      <Quantity>125</Quantity>
      <UnitMeasure>ל  גרם</UnitMeasure>
      <BisWeighted>0</BisWeighted>
      <QtyInPackage>1</QtyInPackage>
      <ItemPrice>3.90</ItemPrice>
      <UnitOfMeasurePrice>3.12</UnitOfMeasurePrice>
      <AllowDiscount>1</AllowDiscount>
      <itemStatus>1</itemStatus>
      <LastUpdateDate />
      <LastUpdateTime />
    </Product>
    <Product>
      <PriceUpdateDate>2014/01/03 13:46</PriceUpdateDate>
      <ItemCode>7290005854835</ItemCode>
      <ItemType>1</ItemType>
      <ItemName>טילון מגנום בודד</ItemName>
      <ManufactureName>גלידות שטראוס בעמ</ManufactureName>
      <ManufactureCountry />
      <ManufactureItemDescription />
      <UnitQty>י"ח</UnitQty>
      <Quantity>1</Quantity>
      <UnitMeasure />
      <BisWeighted>0</BisWeighted>
      <QtyInPackage>1</QtyInPackage>
      <ItemPrice>10</ItemPrice>
      <UnitOfMeasurePrice>10</UnitOfMeasurePrice>
      <AllowDiscount>1</AllowDiscount>
      <itemStatus>1</itemStatus>
      <LastUpdateDate />
      <LastUpdateTime />
    </Product>
    <Product>
      <PriceUpdateDate>2018/12/12 13:31</PriceUpdateDate>
      <ItemCode>5896439</ItemCode>
      <ItemType>0</ItemType>
      <ItemName>מכבי בקבוק}חוזר   {500מ"ל</ItemName>
      <ManufactureName>טמפו משקאות בעמ</ManufactureName>
      <ManufactureCountry />
      <ManufactureItemDescription />
      <UnitQty>י"ח</UnitQty>
      <Quantity>500</Quantity>
      <UnitMeasure>ל  מ"ל</UnitMeasure>
      <BisWeighted>0</BisWeighted>
      <QtyInPackage>1</QtyInPackage>
      <ItemPrice>6.60</ItemPrice>
      <UnitOfMeasurePrice>1.08</UnitOfMeasurePrice>
      <AllowDiscount>1</AllowDiscount>
      <itemStatus>1</itemStatus>
      <LastUpdateDate />
      <LastUpdateTime />
    </Product>
    <Product>
      <PriceUpdateDate>2018/12/12 13:31</PriceUpdateDate>
      <ItemCode>5896453</ItemCode>
      <ItemType>0</ItemType>
      <ItemName>מכבי  7.9% 500מ"ל בקבוק חוזר</ItemName>
      <ManufactureName>טמפו משקאות בעמ</ManufactureName>
      <ManufactureCountry />
      <ManufactureItemDescription />
      <UnitQty>י"ח</UnitQty>
      <Quantity>500</Quantity>
      <UnitMeasure>ל  מ"ל</UnitMeasure>
      <BisWeighted>0</BisWeighted>
      <QtyInPackage>1</QtyInPackage>
      <ItemPrice>7.30</ItemPrice>
      <UnitOfMeasurePrice>1.22</UnitOfMeasurePrice>
      <AllowDiscount>1</AllowDiscount>
      <itemStatus>1</itemStatus>
      <LastUpdateDate />
      <LastUpdateTime />
    </Product>
    <Product>
      <PriceUpdateDate>2018/12/12 13:31</PriceUpdateDate>
      <ItemCode>7290005896828</ItemCode>
      <ItemType>1</ItemType>
      <ItemName>סאן בנדטו שישיה 1.5 ל</ItemName>
      <ManufactureName>טמפו משקאות בעמ</ManufactureName>
      <ManufactureCountry />
      <ManufactureItemDescription />
      <UnitQty>י"ח</UnitQty>
      <Quantity>9</Quantity>
      <UnitMeasure>ליטר</UnitMeasure>
      <BisWeighted>0</BisWeighted>
      <QtyInPackage>1</QtyInPackage>
      <ItemPrice>16.90</ItemPrice>
      <UnitOfMeasurePrice>1.88</UnitOfMeasurePrice>
      <AllowDiscount>1</AllowDiscount>
      <itemStatus>1</itemStatus>
      <LastUpdateDate />
      <LastUpdateTime />
    </Product>
    <Product>
      <PriceUpdateDate>2018/12/12 13:31</PriceUpdateDate>
      <ItemCode>7290005896835</ItemCode>
      <ItemType>1</ItemType>
      <ItemName>סאן בנדטו  מוגז שישיה 1.5 ליטר</ItemName>
      <ManufactureName>טמפו משקאות בעמ</ManufactureName>
      <ManufactureCountry />
      <ManufactureItemDescription />
      <UnitQty>י"ח</UnitQty>
      <Quantity>9</Quantity>
      <UnitMeasure>ליטר</UnitMeasure>
      <BisWeighted>0</BisWeighted>
      <QtyInPackage>1</QtyInPackage>
      <ItemPrice>17.90</ItemPrice>
      <UnitOfMeasurePrice>1.99</UnitOfMeasurePrice>
      <AllowDiscount>1</AllowDiscount>
      <itemStatus>1</itemStatus>
      <LastUpdateDate />
      <LastUpdateTime />
    </Product>
    <Product>
      <PriceUpdateDate>2020/03/03 13:20</PriceUpdateDate>
      <ItemCode>5966033</ItemCode>
      <ItemType>0</ItemType>
      <ItemName>יין הר חרמון לבן 750 מ"ל</ItemName>
      <ManufactureName>היכל היין שקד גולן בעמ</ManufactureName>
      <ManufactureCountry />
      <ManufactureItemDescription />
      <UnitQty>י"ח</UnitQty>
      <Quantity>750</Quantity>
      <UnitMeasure>ל  מ"ל</UnitMeasure>
      <BisWeighted>0</BisWeighted>
      <QtyInPackage>1</QtyInPackage>
      <ItemPrice>32.90</ItemPrice>
      <UnitOfMeasurePrice>4.35</UnitOfMeasurePrice>
      <AllowDiscount>1</AllowDiscount>
      <itemStatus>1</itemStatus>
      <LastUpdateDate />
      <LastUpdateTime />
    </Product>
    <Product>
      <PriceUpdateDate>2013/11/03 15:59</PriceUpdateDate>
      <ItemCode>7290005987649</ItemCode>
      <ItemType>1</ItemType>
      <ItemName>דאודורנט לגבר פנינה</ItemName>
      <ManufactureName>פנינה רוזנבלום בעמ</ManufactureName>
      <ManufactureCountry />
      <ManufactureItemDescription />
      <UnitQty>י"ח</UnitQty>
      <Quantity>180</Quantity>
      <UnitMeasure>ל  מ"ל</UnitMeasure>
      <BisWeighted>0</BisWeighted>
      <QtyInPackage>1</QtyInPackage>
      <ItemPrice>16.90</ItemPrice>
      <UnitOfMeasurePrice>9.39</UnitOfMeasurePrice>
      <AllowDiscount>1</AllowDiscount>
      <itemStatus>1</itemStatus>
      <LastUpdateDate />
      <LastUpdateTime />
    </Product>
    <Product>
      <PriceUpdateDate>2016/10/23 08:10</PriceUpdateDate>
      <ItemCode>7290006131713</ItemCode>
      <ItemType>1</ItemType>
      <ItemName>פילה אמנון גדלים שונים</ItemName>
      <ManufactureName>נטו מלינדה סחר בעמ</ManufactureName>
      <ManufactureCountry />
      <ManufactureItemDescription />
      <UnitQty>ק"ג</UnitQty>
      <Quantity>1</Quantity>
      <UnitMeasure>ק"ג</UnitMeasure>
      <BisWeighted>1</BisWeighted>
      <QtyInPackage>1</QtyInPackage>
      <ItemPrice>32.90</ItemPrice>
      <UnitOfMeasurePrice>32.90</UnitOfMeasurePrice>
      <AllowDiscount>1</AllowDiscount>
      <itemStatus>1</itemStatus>
      <LastUpdateDate />
      <LastUpdateTime />
    </Product>
    <Product>
      <PriceUpdateDate>2016/10/23 08:10</PriceUpdateDate>
      <ItemCode>6155006</ItemCode>
      <ItemType>0</ItemType>
      <ItemName>פילה אמנון גדולים שונים בלדי</ItemName>
      <ManufactureName>בלדי בעמ</ManufactureName>
      <ManufactureCountry />
      <ManufactureItemDescription />
      <UnitQty>ק"ג</UnitQty>
      <Quantity>1</Quantity>
      <UnitMeasure>ק"ג</UnitMeasure>
      <BisWeighted>1</BisWeighted>
      <QtyInPackage>1</QtyInPackage>
      <ItemPrice>32.90</ItemPrice>
      <UnitOfMeasurePrice>32.90</UnitOfMeasurePrice>
      <AllowDiscount>1</AllowDiscount>
      <itemStatus>1</itemStatus>
      <LastUpdateDate />
      <LastUpdateTime />
    </Product>
    <Product>
      <PriceUpdateDate>2014/10/06 09:38</PriceUpdateDate>
      <ItemCode>7290006185501</ItemCode>
      <ItemType>1</ItemType>
      <ItemName>סבון נוזל ורוד פנינה 1 ליטר</ItemName>
      <ManufactureName>פנינה רוזנבלום בעמ</ManufactureName>
      <ManufactureCountry />
      <ManufactureItemDescription />
      <UnitQty>י"ח</UnitQty>
      <Quantity>1</Quantity>
      <UnitMeasure>ליטר</UnitMeasure>
      <BisWeighted>0</BisWeighted>
      <QtyInPackage>1</QtyInPackage>
      <ItemPrice>9.90</ItemPrice>
      <UnitOfMeasurePrice>9.90</UnitOfMeasurePrice>
      <AllowDiscount>1</AllowDiscount>
      <itemStatus>1</itemStatus>
      <LastUpdateDate />
      <LastUpdateTime />
    </Product>
    <Product>
      <PriceUpdateDate>2014/10/06 09:38</PriceUpdateDate>
      <ItemCode>7290006185518</ItemCode>
      <ItemType>1</ItemType>
      <ItemName>סבון נוזלי כחול פנינה 1 ליטר</ItemName>
      <ManufactureName>פנינה רוזנבלום בעמ</ManufactureName>
      <ManufactureCountry />
      <ManufactureItemDescription />
      <UnitQty>י"ח</UnitQty>
      <Quantity>1</Quantity>
      <UnitMeasure>ליטר</UnitMeasure>
      <BisWeighted>0</BisWeighted>
      <QtyInPackage>1</QtyInPackage>
      <ItemPrice>9.90</ItemPrice>
      <UnitOfMeasurePrice>9.90</UnitOfMeasurePrice>
      <AllowDiscount>1</AllowDiscount>
      <itemStatus>1</itemStatus>
      <LastUpdateDate />
      <LastUpdateTime />
    </Product>
    <Product>
      <PriceUpdateDate>2018/12/12 13:31</PriceUpdateDate>
      <ItemCode>6229007</ItemCode>
      <ItemType>0</ItemType>
      <ItemName>ג אמפ ענבים לבנים  1.5 ליטר</ItemName>
      <ManufactureName>טמפו משקאות בעמ</ManufactureName>
      <ManufactureCountry />
      <ManufactureItemDescription />
      <UnitQty>י"ח</UnitQty>
      <Quantity>1.50</Quantity>
      <UnitMeasure>ליטר</UnitMeasure>
      <BisWeighted>0</BisWeighted>
      <QtyInPackage>1</QtyInPackage>
      <ItemPrice>5.90</ItemPrice>
      <UnitOfMeasurePrice>3.93</UnitOfMeasurePrice>
      <AllowDiscount>1</AllowDiscount>
      <itemStatus>1</itemStatus>
      <LastUpdateDate />
      <LastUpdateTime />
    </Product>
    <Product>
      <PriceUpdateDate>2018/12/12 13:31</PriceUpdateDate>
      <ItemCode>6229014</ItemCode>
      <ItemType>0</ItemType>
      <ItemName>ג אמפ משמש 1.5 ליטר</ItemName>
      <ManufactureName>טמפו משקאות בעמ</ManufactureName>
      <ManufactureCountry />
      <ManufactureItemDescription />
      <UnitQty>י"ח</UnitQty>
      <Quantity>1.50</Quantity>
      <UnitMeasure>ליטר</UnitMeasure>
      <BisWeighted>0</BisWeighted>
      <QtyInPackage>1</QtyInPackage>
      <ItemPrice>5.90</ItemPrice>
      <UnitOfMeasurePrice>3.93</UnitOfMeasurePrice>
      <AllowDiscount>1</AllowDiscount>
      <itemStatus>1</itemStatus>
      <LastUpdateDate />
      <LastUpdateTime />
    </Product>
    <Product>
      <PriceUpdateDate>2018/12/12 13:31</PriceUpdateDate>
      <ItemCode>6229021</ItemCode>
      <ItemType>0</ItemType>
      <ItemName>ג אמפ סברס   1.5 ליטר</ItemName>
      <ManufactureName>טמפו משקאות בעמ</ManufactureName>
      <ManufactureCountry />
      <ManufactureItemDescription />
      <UnitQty>י"ח</UnitQty>
      <Quantity>1.50</Quantity>
      <UnitMeasure>ליטר</UnitMeasure>
      <BisWeighted>0</BisWeighted>
      <QtyInPackage>1</QtyInPackage>
      <ItemPrice>5.90</ItemPrice>
      <UnitOfMeasurePrice>3.93</UnitOfMeasurePrice>
      <AllowDiscount>1</AllowDiscount>
      <itemStatus>1</itemStatus>
      <LastUpdateDate />
      <LastUpdateTime />
    </Product>
    <Product>
      <PriceUpdateDate>2019/06/04 11:18</PriceUpdateDate>
      <ItemCode>6229052</ItemCode>
      <ItemType>0</ItemType>
      <ItemName>ג אמפ תות משמש 1.5 ליטר</ItemName>
      <ManufactureName>טמפו משקאות בעמ</ManufactureName>
      <ManufactureCountry />
      <ManufactureItemDescription />
      <UnitQty>י"ח</UnitQty>
      <Quantity>1.50</Quantity>
      <UnitMeasure>ליטר</UnitMeasure>
      <BisWeighted>0</BisWeighted>
      <QtyInPackage>1</QtyInPackage>
      <ItemPrice>5.90</ItemPrice>
      <UnitOfMeasurePrice>3.93</UnitOfMeasurePrice>
      <AllowDiscount>1</AllowDiscount>
      <itemStatus>1</itemStatus>
      <LastUpdateDate />
      <LastUpdateTime />
    </Product>
    <Product>
      <PriceUpdateDate>2018/12/12 13:31</PriceUpdateDate>
      <ItemCode>7290006229069</ItemCode>
      <ItemType>1</ItemType>
      <ItemName>ג אמפ ענבים 1.5 ליטר</ItemName>
      <ManufactureName>טמפו משקאות בעמ</ManufactureName>
      <ManufactureCountry />
      <ManufactureItemDescription />
      <UnitQty>י"ח</UnitQty>
      <Quantity>1.50</Quantity>
      <UnitMeasure>ליטר</UnitMeasure>
      <BisWeighted>0</BisWeighted>
      <QtyInPackage>1</QtyInPackage>
      <ItemPrice>5.90</ItemPrice>
      <UnitOfMeasurePrice>3.93</UnitOfMeasurePrice>
      <AllowDiscount>1</AllowDiscount>
      <itemStatus>1</itemStatus>
      <LastUpdateDate />
      <LastUpdateTime />
    </Product>
    <Product>
      <PriceUpdateDate>2018/12/12 13:31</PriceUpdateDate>
      <ItemCode>6229076</ItemCode>
      <ItemType>0</ItemType>
      <ItemName>ג אמפ אפרסק 1.5 ליטר</ItemName>
      <ManufactureName>טמפו משקאות בעמ</ManufactureName>
      <ManufactureCountry />
      <ManufactureItemDescription />
      <UnitQty>י"ח</UnitQty>
      <Quantity>1.50</Quantity>
      <UnitMeasure>ליטר</UnitMeasure>
      <BisWeighted>0</BisWeighted>
      <QtyInPackage>1</QtyInPackage>
      <ItemPrice>5.90</ItemPrice>
      <UnitOfMeasurePrice>3.93</UnitOfMeasurePrice>
      <AllowDiscount>1</AllowDiscount>
      <itemStatus>1</itemStatus>
      <LastUpdateDate />
      <LastUpdateTime />
    </Product>
    <Product>
      <PriceUpdateDate>2018/12/12 13:31</PriceUpdateDate>
      <ItemCode>6229083</ItemCode>
      <ItemType>0</ItemType>
      <ItemName>ג אמפ אגס 1.5 ליטר</ItemName>
      <ManufactureName>טמפו משקאות בעמ</ManufactureName>
      <ManufactureCountry />
      <ManufactureItemDescription />
      <UnitQty>י"ח</UnitQty>
      <Quantity>1.50</Quantity>
      <UnitMeasure>ליטר</UnitMeasure>
      <BisWeighted>0</BisWeighted>
      <QtyInPackage>1</QtyInPackage>
      <ItemPrice>5.90</ItemPrice>
      <UnitOfMeasurePrice>3.93</UnitOfMeasurePrice>
      <AllowDiscount>1</AllowDiscount>
      <itemStatus>1</itemStatus>
      <LastUpdateDate />
      <LastUpdateTime />
    </Product>
    <Product>
      <PriceUpdateDate>2019/09/05 09:37</PriceUpdateDate>
      <ItemCode>6229090</ItemCode>
      <ItemType>0</ItemType>
      <ItemName>ג אמפ דובדבן אגס 1.5 ליטר</ItemName>
      <ManufactureName>טמפו משקאות בעמ</ManufactureName>
      <ManufactureCountry />
      <ManufactureItemDescription />
      <UnitQty>י"ח</UnitQty>
      <Quantity>1.50</Quantity>
      <UnitMeasure>ליטר</UnitMeasure>
      <BisWeighted>0</BisWeighted>
      <QtyInPackage>1</QtyInPackage>
      <ItemPrice>5.90</ItemPrice>
      <UnitOfMeasurePrice>3.93</UnitOfMeasurePrice>
      <AllowDiscount>1</AllowDiscount>
      <itemStatus>1</itemStatus>
      <LastUpdateDate />
      <LastUpdateTime />
    </Product>
    <Product>
      <PriceUpdateDate>2015/12/08 13:24</PriceUpdateDate>
      <ItemCode>6229427</ItemCode>
      <ItemType>0</ItemType>
      <ItemName>סן בנדטו שישיה 0.5 ל</ItemName>
      <ManufactureName>טמפו משקאות בעמ</ManufactureName>
      <ManufactureCountry />
      <ManufactureItemDescription />
      <UnitQty>י"ח</UnitQty>
      <Quantity>3</Quantity>
      <UnitMeasure>ליטר</UnitMeasure>
      <BisWeighted>0</BisWeighted>
      <QtyInPackage>1</QtyInPackage>
      <ItemPrice>13.70</ItemPrice>
      <UnitOfMeasurePrice>3.97</UnitOfMeasurePrice>
      <AllowDiscount>1</AllowDiscount>
      <itemStatus>1</itemStatus>
      <LastUpdateDate />
      <LastUpdateTime />
    </Product>
    <Product>
      <PriceUpdateDate>2020/02/02 09:21</PriceUpdateDate>
      <ItemCode>7290006235053</ItemCode>
      <ItemType>1</ItemType>
      <ItemName>ד"ר פישר סרקל מארז זוג</ItemName>
      <ManufactureName>פישר תעשיות פרמבצטיות בעמ</ManufactureName>
      <ManufactureCountry />
      <ManufactureItemDescription />
      <UnitQty>י"ח</UnitQty>
      <Quantity>1.50</Quantity>
      <UnitMeasure>ליטר</UnitMeasure>
      <BisWeighted>0</BisWeighted>
      <QtyInPackage>1</QtyInPackage>
      <ItemPrice>39.90</ItemPrice>
      <UnitOfMeasurePrice>26.60</UnitOfMeasurePrice>
      <AllowDiscount>1</AllowDiscount>
      <itemStatus>1</itemStatus>
      <LastUpdateDate />
      <LastUpdateTime />
    </Product>
    <Product>
      <PriceUpdateDate>2014/01/05 09:36</PriceUpdateDate>
      <ItemCode>7290006235244</ItemCode>
      <ItemType>1</ItemType>
      <ItemName>קמיל בלו צמחי לתינוק 100 ג`</ItemName>
      <ManufactureName>פישר תעשיות פרמבצטיות בעמ</ManufactureName>
      <ManufactureCountry />
      <ManufactureItemDescription />
      <UnitQty>י"ח</UnitQty>
      <Quantity>100</Quantity>
      <UnitMeasure>ל  גרם</UnitMeasure>
      <BisWeighted>0</BisWeighted>
      <QtyInPackage>1</QtyInPackage>
      <ItemPrice>20</ItemPrice>
      <UnitOfMeasurePrice>20</UnitOfMeasurePrice>
      <AllowDiscount>1</AllowDiscount>
      <itemStatus>1</itemStatus>
      <LastUpdateDate />
      <LastUpdateTime />
    </Product>
    <Product>
      <PriceUpdateDate>2016/08/18 07:53</PriceUpdateDate>
      <ItemCode>6267191</ItemCode>
      <ItemType>0</ItemType>
      <ItemName>קברנה סוביניון טרה רוסה 750מ"ל תבור אד</ItemName>
      <ManufactureName>חברה המרכזית להפצת משקאות בעמ</ManufactureName>
      <ManufactureCountry />
      <ManufactureItemDescription />
      <UnitQty>י"ח</UnitQty>
      <Quantity>750</Quantity>
      <UnitMeasure>ל  מ"ל</UnitMeasure>
      <BisWeighted>0</BisWeighted>
      <QtyInPackage>1</QtyInPackage>
      <ItemPrice>50.20</ItemPrice>
      <UnitOfMeasurePrice>6.65</UnitOfMeasurePrice>
      <AllowDiscount>1</AllowDiscount>
      <itemStatus>1</itemStatus>
      <LastUpdateDate />
      <LastUpdateTime />
    </Product>
    <Product>
      <PriceUpdateDate>2016/08/18 07:53</PriceUpdateDate>
      <ItemCode>6267238</ItemCode>
      <ItemType>0</ItemType>
      <ItemName>מרלו בזלת  2007 750מ"ל תבור אדמה</ItemName>
      <ManufactureName>חברה המרכזית להפצת משקאות בעמ</ManufactureName>
      <ManufactureCountry />
      <ManufactureItemDescription />
      <UnitQty>י"ח</UnitQty>
      <Quantity>750</Quantity>
      <UnitMeasure>ל  מ"ל</UnitMeasure>
      <BisWeighted>0</BisWeighted>
      <QtyInPackage>1</QtyInPackage>
      <ItemPrice>50.20</ItemPrice>
      <UnitOfMeasurePrice>6.65</UnitOfMeasurePrice>
      <AllowDiscount>1</AllowDiscount>
      <itemStatus>1</itemStatus>
      <LastUpdateDate />
      <LastUpdateTime />
    </Product>
    <Product>
      <PriceUpdateDate>2019/07/29 11:22</PriceUpdateDate>
      <ItemCode>6267405</ItemCode>
      <ItemType>0</ItemType>
      <ItemName>יין תבור שרדונה 2009</ItemName>
      <ManufactureName>חברה המרכזית להפצת משקאות בעמ</ManufactureName>
      <ManufactureCountry />
      <ManufactureItemDescription />
      <UnitQty>י"ח</UnitQty>
      <Quantity>1</Quantity>
      <UnitMeasure />
      <BisWeighted>0</BisWeighted>
      <QtyInPackage>1</QtyInPackage>
      <ItemPrice>35.90</ItemPrice>
      <UnitOfMeasurePrice>35.90</UnitOfMeasurePrice>
      <AllowDiscount>1</AllowDiscount>
      <itemStatus>1</itemStatus>
      <LastUpdateDate />
      <LastUpdateTime />
    </Product>
    <Product>
      <PriceUpdateDate>2019/07/29 11:22</PriceUpdateDate>
      <ItemCode>6267542</ItemCode>
      <ItemType>0</ItemType>
      <ItemName>יין פנינים אדום</ItemName>
      <ManufactureName>חברה המרכזית להפצת משקאות בעמ</ManufactureName>
      <ManufactureCountry />
      <ManufactureItemDescription />
      <UnitQty>י"ח</UnitQty>
      <Quantity>750</Quantity>
      <UnitMeasure>ל  מ"ל</UnitMeasure>
      <BisWeighted>0</BisWeighted>
      <QtyInPackage>1</QtyInPackage>
      <ItemPrice>35.90</ItemPrice>
      <UnitOfMeasurePrice>4.75</UnitOfMeasurePrice>
      <AllowDiscount>1</AllowDiscount>
      <itemStatus>1</itemStatus>
      <LastUpdateDate />
      <LastUpdateTime />
    </Product>
    <Product>
      <PriceUpdateDate>2019/07/29 11:22</PriceUpdateDate>
      <ItemCode>6267733</ItemCode>
      <ItemType>0</ItemType>
      <ItemName>תבור פנינים לבן</ItemName>
      <ManufactureName>חברה המרכזית להפצת משקאות בעמ</ManufactureName>
      <ManufactureCountry />
      <ManufactureItemDescription />
      <UnitQty>י"ח</UnitQty>
      <Quantity>1</Quantity>
      <UnitMeasure />
      <BisWeighted>0</BisWeighted>
      <QtyInPackage>1</QtyInPackage>
      <ItemPrice>35.90</ItemPrice>
      <UnitOfMeasurePrice>35.90</UnitOfMeasurePrice>
      <AllowDiscount>1</AllowDiscount>
      <itemStatus>1</itemStatus>
      <LastUpdateDate />
      <LastUpdateTime />
    </Product>
    <Product>
      <PriceUpdateDate>2014/01/03 13:46</PriceUpdateDate>
      <ItemCode>6271174</ItemCode>
      <ItemType>0</ItemType>
      <ItemName>ג חנון  בצק}מעדנות 700 ג</ItemName>
      <ManufactureName>תנובה בשר</ManufactureName>
      <ManufactureCountry />
      <ManufactureItemDescription />
      <UnitQty>י"ח</UnitQty>
      <Quantity>700</Quantity>
      <UnitMeasure>ל  גרם</UnitMeasure>
      <BisWeighted>0</BisWeighted>
      <QtyInPackage>1</QtyInPackage>
      <ItemPrice>17.90</ItemPrice>
      <UnitOfMeasurePrice>2.56</UnitOfMeasurePrice>
      <AllowDiscount>1</AllowDiscount>
      <itemStatus>1</itemStatus>
      <LastUpdateDate />
      <LastUpdateTime />
    </Product>
    <Product>
      <PriceUpdateDate>2014/01/03 13:46</PriceUpdateDate>
      <ItemCode>7290006271181</ItemCode>
      <ItemType>1</ItemType>
      <ItemName>ג חנון מעדנות אפוי למיקרוגל 750 ג</ItemName>
      <ManufactureName>תנובה בשר</ManufactureName>
      <ManufactureCountry />
      <ManufactureItemDescription />
      <UnitQty>י"ח</UnitQty>
      <Quantity>750</Quantity>
      <UnitMeasure>ל  גרם</UnitMeasure>
      <BisWeighted>0</BisWeighted>
      <QtyInPackage>1</QtyInPackage>
      <ItemPrice>23.90</ItemPrice>
      <UnitOfMeasurePrice>3.19</UnitOfMeasurePrice>
      <AllowDiscount>1</AllowDiscount>
      <itemStatus>1</itemStatus>
      <LastUpdateDate />
      <LastUpdateTime />
    </Product>
    <Product>
      <PriceUpdateDate>2014/01/19 10:40</PriceUpdateDate>
      <ItemCode>7290006271273</ItemCode>
      <ItemType>1</ItemType>
      <ItemName>מיני בורקס תפו"א מעדנות</ItemName>
      <ManufactureName>תנובה בשר</ManufactureName>
      <ManufactureCountry />
      <ManufactureItemDescription />
      <UnitQty>י"ח</UnitQty>
      <Quantity>800</Quantity>
      <UnitMeasure>ל  גרם</UnitMeasure>
      <BisWeighted>0</BisWeighted>
      <QtyInPackage>1</QtyInPackage>
      <ItemPrice>24.50</ItemPrice>
      <UnitOfMeasurePrice>3.06</UnitOfMeasurePrice>
      <AllowDiscount>1</AllowDiscount>
      <itemStatus>1</itemStatus>
      <LastUpdateDate />
      <LastUpdateTime />
    </Product>
    <Product>
      <PriceUpdateDate>2014/01/19 10:40</PriceUpdateDate>
      <ItemCode>7290006271280</ItemCode>
      <ItemType>1</ItemType>
      <ItemName>מיני בורקס גבינה מעדנות</ItemName>
      <ManufactureName>תנובה בשר</ManufactureName>
      <ManufactureCountry />
      <ManufactureItemDescription />
      <UnitQty>י"ח</UnitQty>
      <Quantity>800</Quantity>
      <UnitMeasure>ל  גרם</UnitMeasure>
      <BisWeighted>0</BisWeighted>
      <QtyInPackage>1</QtyInPackage>
      <ItemPrice>27</ItemPrice>
      <UnitOfMeasurePrice>3.38</UnitOfMeasurePrice>
      <AllowDiscount>1</AllowDiscount>
      <itemStatus>1</itemStatus>
      <LastUpdateDate />
      <LastUpdateTime />
    </Product>
    <Product>
      <PriceUpdateDate>2014/01/03 13:46</PriceUpdateDate>
      <ItemCode>7290006271631</ItemCode>
      <ItemType>1</ItemType>
      <ItemName>ריבועי פיצה זיתים</ItemName>
      <ManufactureName>תנובה בשר</ManufactureName>
      <ManufactureCountry />
      <ManufactureItemDescription />
      <UnitQty>י"ח</UnitQty>
      <Quantity>710</Quantity>
      <UnitMeasure>ל  גרם</UnitMeasure>
      <BisWeighted>0</BisWeighted>
      <QtyInPackage>1</QtyInPackage>
      <ItemPrice>34.20</ItemPrice>
      <UnitOfMeasurePrice>4.82</UnitOfMeasurePrice>
      <AllowDiscount>1</AllowDiscount>
      <itemStatus>1</itemStatus>
      <LastUpdateDate />
      <LastUpdateTime />
    </Product>
    <Product>
      <PriceUpdateDate>2018/07/15 15:22</PriceUpdateDate>
      <ItemCode>7290006271648</ItemCode>
      <ItemType>1</ItemType>
      <ItemName>מיני בורקס תפו"א</ItemName>
      <ManufactureName>תנובה בשר</ManufactureName>
      <ManufactureCountry />
      <ManufactureItemDescription />
      <UnitQty>י"ח</UnitQty>
      <Quantity>650</Quantity>
      <UnitMeasure>ל  גרם</UnitMeasure>
      <BisWeighted>0</BisWeighted>
      <QtyInPackage>1</QtyInPackage>
      <ItemPrice>24.90</ItemPrice>
      <UnitOfMeasurePrice>3.83</UnitOfMeasurePrice>
      <AllowDiscount>1</AllowDiscount>
      <itemStatus>1</itemStatus>
      <LastUpdateDate />
      <LastUpdateTime />
    </Product>
    <Product>
      <PriceUpdateDate>2019/12/30 07:47</PriceUpdateDate>
      <ItemCode>7290006271655</ItemCode>
      <ItemType>1</ItemType>
      <ItemName>מיני בורקס גבינה</ItemName>
      <ManufactureName>תנובה בשר</ManufactureName>
      <ManufactureCountry />
      <ManufactureItemDescription />
      <UnitQty>י"ח</UnitQty>
      <Quantity>800</Quantity>
      <UnitMeasure>ל  גרם</UnitMeasure>
      <BisWeighted>0</BisWeighted>
      <QtyInPackage>1</QtyInPackage>
      <ItemPrice>25.90</ItemPrice>
      <UnitOfMeasurePrice>3.24</UnitOfMeasurePrice>
      <AllowDiscount>1</AllowDiscount>
      <itemStatus>1</itemStatus>
      <LastUpdateDate />
      <LastUpdateTime />
    </Product>
    <Product>
      <PriceUpdateDate>2014/01/03 13:46</PriceUpdateDate>
      <ItemCode>7290006271747</ItemCode>
      <ItemType>1</ItemType>
      <ItemName>בצק עלים קמח מלא 1 ק"ג</ItemName>
      <ManufactureName>תנובה בשר</ManufactureName>
      <ManufactureCountry />
      <ManufactureItemDescription />
      <UnitQty>י"ח</UnitQty>
      <Quantity>1</Quantity>
      <UnitMeasure>ק"ג</UnitMeasure>
      <BisWeighted>0</BisWeighted>
      <QtyInPackage>1</QtyInPackage>
      <ItemPrice>21.90</ItemPrice>
      <UnitOfMeasurePrice>21.90</UnitOfMeasurePrice>
      <AllowDiscount>1</AllowDiscount>
      <itemStatus>1</itemStatus>
      <LastUpdateDate />
      <LastUpdateTime />
    </Product>
    <Product>
      <PriceUpdateDate>2018/07/15 15:22</PriceUpdateDate>
      <ItemCode>7290006271754</ItemCode>
      <ItemType>1</ItemType>
      <ItemName>ג חנון בצק 1 ק"ג</ItemName>
      <ManufactureName>תנובה בשר</ManufactureName>
      <ManufactureCountry />
      <ManufactureItemDescription />
      <UnitQty>י"ח</UnitQty>
      <Quantity>1</Quantity>
      <UnitMeasure>ק"ג</UnitMeasure>
      <BisWeighted>0</BisWeighted>
      <QtyInPackage>1</QtyInPackage>
      <ItemPrice>23.90</ItemPrice>
      <UnitOfMeasurePrice>23.90</UnitOfMeasurePrice>
      <AllowDiscount>1</AllowDiscount>
      <itemStatus>1</itemStatus>
      <LastUpdateDate />
      <LastUpdateTime />
    </Product>
    <Product>
      <PriceUpdateDate>2018/07/15 15:22</PriceUpdateDate>
      <ItemCode>7290006271761</ItemCode>
      <ItemType>1</ItemType>
      <ItemName>מיני ג חנון אפוי</ItemName>
      <ManufactureName>תנובה בשר</ManufactureName>
      <ManufactureCountry />
      <ManufactureItemDescription />
      <UnitQty>י"ח</UnitQty>
      <Quantity>600</Quantity>
      <UnitMeasure>ל  גרם</UnitMeasure>
      <BisWeighted>0</BisWeighted>
      <QtyInPackage>1</QtyInPackage>
      <ItemPrice>23.90</ItemPrice>
      <UnitOfMeasurePrice>3.98</UnitOfMeasurePrice>
      <AllowDiscount>1</AllowDiscount>
      <itemStatus>1</itemStatus>
      <LastUpdateDate />
      <LastUpdateTime />
    </Product>
    <Product>
      <PriceUpdateDate>2019/06/24 08:38</PriceUpdateDate>
      <ItemCode>7290006272430</ItemCode>
      <ItemType>1</ItemType>
      <ItemName>בצק עלים חמאה</ItemName>
      <ManufactureName>תנובה בשר</ManufactureName>
      <ManufactureCountry />
      <ManufactureItemDescription />
      <UnitQty>י"ח</UnitQty>
      <Quantity>600</Quantity>
      <UnitMeasure>ל  גרם</UnitMeasure>
      <BisWeighted>0</BisWeighted>
      <QtyInPackage>1</QtyInPackage>
      <ItemPrice>26.90</ItemPrice>
      <UnitOfMeasurePrice>4.48</UnitOfMeasurePrice>
      <AllowDiscount>1</AllowDiscount>
      <itemStatus>1</itemStatus>
      <LastUpdateDate />
      <LastUpdateTime />
    </Product>
    <Product>
      <PriceUpdateDate>2014/01/03 13:46</PriceUpdateDate>
      <ItemCode>7290006272744</ItemCode>
      <ItemType>1</ItemType>
      <ItemName>מלווח פלופק 700 ג`</ItemName>
      <ManufactureName>תנובה בשר</ManufactureName>
      <ManufactureCountry />
      <ManufactureItemDescription />
      <UnitQty>י"ח</UnitQty>
      <Quantity>700</Quantity>
      <UnitMeasure>ל  גרם</UnitMeasure>
      <BisWeighted>0</BisWeighted>
      <QtyInPackage>1</QtyInPackage>
      <ItemPrice>12.90</ItemPrice>
      <UnitOfMeasurePrice>1.84</UnitOfMeasurePrice>
      <AllowDiscount>1</AllowDiscount>
      <itemStatus>1</itemStatus>
      <LastUpdateDate />
      <LastUpdateTime />
    </Product>
    <Product>
      <PriceUpdateDate>2013/12/25 11:42</PriceUpdateDate>
      <ItemCode>7290006273239</ItemCode>
      <ItemType>1</ItemType>
      <ItemName>שמרים שוקולד חדש</ItemName>
      <ManufactureName>תה ויסוצקי (ישראל)בעמ</ManufactureName>
      <ManufactureCountry />
      <ManufactureItemDescription />
      <UnitQty>י"ח</UnitQty>
      <Quantity>450</Quantity>
      <UnitMeasure>ל  גרם</UnitMeasure>
      <BisWeighted>0</BisWeighted>
      <QtyInPackage>1</QtyInPackage>
      <ItemPrice>18.90</ItemPrice>
      <UnitOfMeasurePrice>4.20</UnitOfMeasurePrice>
      <AllowDiscount>1</AllowDiscount>
      <itemStatus>1</itemStatus>
      <LastUpdateDate />
      <LastUpdateTime />
    </Product>
    <Product>
      <PriceUpdateDate>2013/12/25 11:42</PriceUpdateDate>
      <ItemCode>7290006273246</ItemCode>
      <ItemType>1</ItemType>
      <ItemName>עוגת שמרים קינמון 380ג</ItemName>
      <ManufactureName>תה ויסוצקי (ישראל)בעמ</ManufactureName>
      <ManufactureCountry />
      <ManufactureItemDescription />
      <UnitQty>י"ח</UnitQty>
      <Quantity>380</Quantity>
      <UnitMeasure>ל  גרם</UnitMeasure>
      <BisWeighted>0</BisWeighted>
      <QtyInPackage>1</QtyInPackage>
      <ItemPrice>18.90</ItemPrice>
      <UnitOfMeasurePrice>4.97</UnitOfMeasurePrice>
      <AllowDiscount>1</AllowDiscount>
      <itemStatus>1</itemStatus>
      <LastUpdateDate />
      <LastUpdateTime />
    </Product>
    <Product>
      <PriceUpdateDate>2013/12/25 11:42</PriceUpdateDate>
      <ItemCode>7290006273284</ItemCode>
      <ItemType>1</ItemType>
      <ItemName>עוגת שמרים טעם אספרסו ושוקולד לבן</ItemName>
      <ManufactureName>תה ויסוצקי (ישראל)בעמ</ManufactureName>
      <ManufactureCountry />
      <ManufactureItemDescription />
      <UnitQty>י"ח</UnitQty>
      <Quantity>450</Quantity>
      <UnitMeasure>ל  גרם</UnitMeasure>
      <BisWeighted>0</BisWeighted>
      <QtyInPackage>1</QtyInPackage>
      <ItemPrice>18.90</ItemPrice>
      <UnitOfMeasurePrice>4.20</UnitOfMeasurePrice>
      <AllowDiscount>1</AllowDiscount>
      <itemStatus>1</itemStatus>
      <LastUpdateDate />
      <LastUpdateTime />
    </Product>
    <Product>
      <PriceUpdateDate>2018/11/26 10:37</PriceUpdateDate>
      <ItemCode>7290006364159</ItemCode>
      <ItemType>1</ItemType>
      <ItemName>מארז  פאנטה 1.5 ליטר (4 יח)</ItemName>
      <ManufactureName>חברה המרכזית להפצת משקאות בעמ</ManufactureName>
      <ManufactureCountry />
      <ManufactureItemDescription />
      <UnitQty>י"ח</UnitQty>
      <Quantity>6</Quantity>
      <UnitMeasure>ליטר</UnitMeasure>
      <BisWeighted>0</BisWeighted>
      <QtyInPackage>1</QtyInPackage>
      <ItemPrice>26.90</ItemPrice>
      <UnitOfMeasurePrice>4.48</UnitOfMeasurePrice>
      <AllowDiscount>1</AllowDiscount>
      <itemStatus>1</itemStatus>
      <LastUpdateDate />
      <LastUpdateTime />
    </Product>
    <Product>
      <PriceUpdateDate>2020/02/03 14:12</PriceUpdateDate>
      <ItemCode>7290006374738</ItemCode>
      <ItemType>1</ItemType>
      <ItemName>קונפיטורה תות יד מרדכי</ItemName>
      <ManufactureName>שטראוס גרופ בעמ</ManufactureName>
      <ManufactureCountry />
      <ManufactureItemDescription />
      <UnitQty>י"ח</UnitQty>
      <Quantity>340</Quantity>
      <UnitMeasure>ל  גרם</UnitMeasure>
      <BisWeighted>0</BisWeighted>
      <QtyInPackage>1</QtyInPackage>
      <ItemPrice>12.90</ItemPrice>
      <UnitOfMeasurePrice>3.79</UnitOfMeasurePrice>
      <AllowDiscount>1</AllowDiscount>
      <itemStatus>1</itemStatus>
      <LastUpdateDate />
      <LastUpdateTime />
    </Product>
    <Product>
      <PriceUpdateDate>2019/12/01 11:42</PriceUpdateDate>
      <ItemCode>7290006511928</ItemCode>
      <ItemType>1</ItemType>
      <ItemName>שלישית סרדינים בשמן צמחי</ItemName>
      <ManufactureName>ג.וילי פוד אינטרנשיונל בעמ</ManufactureName>
      <ManufactureCountry />
      <ManufactureItemDescription />
      <UnitQty>י"ח</UnitQty>
      <Quantity>360</Quantity>
      <UnitMeasure>ל  גרם</UnitMeasure>
      <BisWeighted>0</BisWeighted>
      <QtyInPackage>1</QtyInPackage>
      <ItemPrice>14.90</ItemPrice>
      <UnitOfMeasurePrice>4.14</UnitOfMeasurePrice>
      <AllowDiscount>1</AllowDiscount>
      <itemStatus>1</itemStatus>
      <LastUpdateDate />
      <LastUpdateTime />
    </Product>
    <Product>
      <PriceUpdateDate>2019/12/01 11:42</PriceUpdateDate>
      <ItemCode>7290006511935</ItemCode>
      <ItemType>1</ItemType>
      <ItemName>שלישית סרדינים בשמן פיקנטי צמחי</ItemName>
      <ManufactureName>ג.וילי פוד אינטרנשיונל בעמ</ManufactureName>
      <ManufactureCountry />
      <ManufactureItemDescription />
      <UnitQty>י"ח</UnitQty>
      <Quantity>360</Quantity>
      <UnitMeasure>ל  גרם</UnitMeasure>
      <BisWeighted>0</BisWeighted>
      <QtyInPackage>1</QtyInPackage>
      <ItemPrice>14.90</ItemPrice>
      <UnitOfMeasurePrice>4.14</UnitOfMeasurePrice>
      <AllowDiscount>1</AllowDiscount>
      <itemStatus>1</itemStatus>
      <LastUpdateDate />
      <LastUpdateTime />
    </Product>
    <Product>
      <PriceUpdateDate>2016/05/23 11:12</PriceUpdateDate>
      <ItemCode>7290006550972</ItemCode>
      <ItemType>1</ItemType>
      <ItemName>טחון בקר עטרה 1 ק"ג</ItemName>
      <ManufactureName>נטו מלינדה סחר בעמ</ManufactureName>
      <ManufactureCountry />
      <ManufactureItemDescription />
      <UnitQty>י"ח</UnitQty>
      <Quantity>1</Quantity>
      <UnitMeasure>ק"ג</UnitMeasure>
      <BisWeighted>0</BisWeighted>
      <QtyInPackage>1</QtyInPackage>
      <ItemPrice>29.90</ItemPrice>
      <UnitOfMeasurePrice>29.90</UnitOfMeasurePrice>
      <AllowDiscount>1</AllowDiscount>
      <itemStatus>1</itemStatus>
      <LastUpdateDate />
      <LastUpdateTime />
    </Product>
    <Product>
      <PriceUpdateDate>2017/11/28 10:06</PriceUpdateDate>
      <ItemCode>7290006618078</ItemCode>
      <ItemType>1</ItemType>
      <ItemName>אסטוניש מרסס לניקוי 750</ItemName>
      <ManufactureName>יעקב יעקבי ובניו בעמ</ManufactureName>
      <ManufactureCountry />
      <ManufactureItemDescription />
      <UnitQty>י"ח</UnitQty>
      <Quantity>750</Quantity>
      <UnitMeasure>ל  מ"ל</UnitMeasure>
      <BisWeighted>0</BisWeighted>
      <QtyInPackage>1</QtyInPackage>
      <ItemPrice>12.90</ItemPrice>
      <UnitOfMeasurePrice>1.72</UnitOfMeasurePrice>
      <AllowDiscount>1</AllowDiscount>
      <itemStatus>1</itemStatus>
      <LastUpdateDate />
      <LastUpdateTime />
    </Product>
    <Product>
      <PriceUpdateDate>2017/11/28 10:06</PriceUpdateDate>
      <ItemCode>7290006618085</ItemCode>
      <ItemType>1</ItemType>
      <ItemName>אסטוניש מרסס לאמבט 750</ItemName>
      <ManufactureName>יעקב יעקבי ובניו בעמ</ManufactureName>
      <ManufactureCountry />
      <ManufactureItemDescription />
      <UnitQty>י"ח</UnitQty>
      <Quantity>750</Quantity>
      <UnitMeasure>ל  מ"ל</UnitMeasure>
      <BisWeighted>0</BisWeighted>
      <QtyInPackage>1</QtyInPackage>
      <ItemPrice>12.90</ItemPrice>
      <UnitOfMeasurePrice>1.72</UnitOfMeasurePrice>
      <AllowDiscount>1</AllowDiscount>
      <itemStatus>1</itemStatus>
      <LastUpdateDate />
      <LastUpdateTime />
    </Product>
    <Product>
      <PriceUpdateDate>2014/07/13 10:07</PriceUpdateDate>
      <ItemCode>7290006644480</ItemCode>
      <ItemType>1</ItemType>
      <ItemName>תפוזינה תפוז 0.5 ליטר</ItemName>
      <ManufactureName>יפאורה שותפות מוגבלת לשיווק</ManufactureName>
      <ManufactureCountry />
      <ManufactureItemDescription />
      <UnitQty>י"ח</UnitQty>
      <Quantity>500</Quantity>
      <UnitMeasure>ל  מ"ל</UnitMeasure>
      <BisWeighted>0</BisWeighted>
      <QtyInPackage>1</QtyInPackage>
      <ItemPrice>4.20</ItemPrice>
      <UnitOfMeasurePrice>0.78</UnitOfMeasurePrice>
      <AllowDiscount>1</AllowDiscount>
      <itemStatus>1</itemStatus>
      <LastUpdateDate />
      <LastUpdateTime />
    </Product>
    <Product>
      <PriceUpdateDate>2014/07/13 10:07</PriceUpdateDate>
      <ItemCode>7290006644497</ItemCode>
      <ItemType>1</ItemType>
      <ItemName>תפוזינה אשכוליות 0.5 ליטר</ItemName>
      <ManufactureName>יפאורה שותפות מוגבלת לשיווק</ManufactureName>
      <ManufactureCountry />
      <ManufactureItemDescription />
      <UnitQty>י"ח</UnitQty>
      <Quantity>500</Quantity>
      <UnitMeasure>ל  מ"ל</UnitMeasure>
      <BisWeighted>0</BisWeighted>
      <QtyInPackage>1</QtyInPackage>
      <ItemPrice>4.20</ItemPrice>
      <UnitOfMeasurePrice>0.78</UnitOfMeasurePrice>
      <AllowDiscount>1</AllowDiscount>
      <itemStatus>1</itemStatus>
      <LastUpdateDate />
      <LastUpdateTime />
    </Product>
    <Product>
      <PriceUpdateDate>2014/07/13 10:07</PriceUpdateDate>
      <ItemCode>7290006644503</ItemCode>
      <ItemType>1</ItemType>
      <ItemName>תפוזינה לימון 500מ"ל</ItemName>
      <ManufactureName>יפאורה שותפות מוגבלת לשיווק</ManufactureName>
      <ManufactureCountry />
      <ManufactureItemDescription />
      <UnitQty>י"ח</UnitQty>
      <Quantity>500</Quantity>
      <UnitMeasure>ל  מ"ל</UnitMeasure>
      <BisWeighted>0</BisWeighted>
      <QtyInPackage>1</QtyInPackage>
      <ItemPrice>4.20</ItemPrice>
      <UnitOfMeasurePrice>0.78</UnitOfMeasurePrice>
      <AllowDiscount>1</AllowDiscount>
      <itemStatus>1</itemStatus>
      <LastUpdateDate />
      <LastUpdateTime />
    </Product>
    <Product>
      <PriceUpdateDate>2014/07/13 10:07</PriceUpdateDate>
      <ItemCode>7290006644510</ItemCode>
      <ItemType>1</ItemType>
      <ItemName>תפוזינה ענבים 0.5 ליטר</ItemName>
      <ManufactureName>יפאורה שותפות מוגבלת לשיווק</ManufactureName>
      <ManufactureCountry />
      <ManufactureItemDescription />
      <UnitQty>י"ח</UnitQty>
      <Quantity>500</Quantity>
      <UnitMeasure>ל  מ"ל</UnitMeasure>
      <BisWeighted>0</BisWeighted>
      <QtyInPackage>1</QtyInPackage>
      <ItemPrice>4.20</ItemPrice>
      <UnitOfMeasurePrice>0.78</UnitOfMeasurePrice>
      <AllowDiscount>1</AllowDiscount>
      <itemStatus>1</itemStatus>
      <LastUpdateDate />
      <LastUpdateTime />
    </Product>
    <Product>
      <PriceUpdateDate>2016/04/21 11:45</PriceUpdateDate>
      <ItemCode>7290006644527</ItemCode>
      <ItemType>1</ItemType>
      <ItemName>תפוזינה תות בננה 0.5 ליטר</ItemName>
      <ManufactureName>יפאורה שותפות מוגבלת לשיווק</ManufactureName>
      <ManufactureCountry />
      <ManufactureItemDescription />
      <UnitQty>י"ח</UnitQty>
      <Quantity>500</Quantity>
      <UnitMeasure>ל  מ"ל</UnitMeasure>
      <BisWeighted>0</BisWeighted>
      <QtyInPackage>1</QtyInPackage>
      <ItemPrice>4.20</ItemPrice>
      <UnitOfMeasurePrice>0.78</UnitOfMeasurePrice>
      <AllowDiscount>1</AllowDiscount>
      <itemStatus>1</itemStatus>
      <LastUpdateDate />
      <LastUpdateTime />
    </Product>
    <Product>
      <PriceUpdateDate>2014/01/19 10:40</PriceUpdateDate>
      <ItemCode>7290006644534</ItemCode>
      <ItemType>1</ItemType>
      <ItemName>תפוזינה 0.5</ItemName>
      <ManufactureName>יפאורה שותפות מוגבלת לשיווק</ManufactureName>
      <ManufactureCountry />
      <ManufactureItemDescription />
      <UnitQty>י"ח</UnitQty>
      <Quantity>500</Quantity>
      <UnitMeasure>ל  מ"ל</UnitMeasure>
      <BisWeighted>0</BisWeighted>
      <QtyInPackage>1</QtyInPackage>
      <ItemPrice>4.10</ItemPrice>
      <UnitOfMeasurePrice>0.76</UnitOfMeasurePrice>
      <AllowDiscount>1</AllowDiscount>
      <itemStatus>1</itemStatus>
      <LastUpdateDate />
      <LastUpdateTime />
    </Product>
    <Product>
      <PriceUpdateDate>2018/10/29 09:22</PriceUpdateDate>
      <ItemCode>7290006644732</ItemCode>
      <ItemType>1</ItemType>
      <ItemName>ספרינג פירות קיץ קרטונית</ItemName>
      <ManufactureName>יפאורה שותפות מוגבלת לשיווק</ManufactureName>
      <ManufactureCountry />
      <ManufactureItemDescription />
      <UnitQty>י"ח</UnitQty>
      <Quantity>1</Quantity>
      <UnitMeasure>ליטר</UnitMeasure>
      <BisWeighted>0</BisWeighted>
      <QtyInPackage>1</QtyInPackage>
      <ItemPrice>5.40</ItemPrice>
      <UnitOfMeasurePrice>5.40</UnitOfMeasurePrice>
      <AllowDiscount>1</AllowDiscount>
      <itemStatus>1</itemStatus>
      <LastUpdateDate />
      <LastUpdateTime />
    </Product>
    <Product>
      <PriceUpdateDate>2018/10/29 09:22</PriceUpdateDate>
      <ItemCode>7290006644848</ItemCode>
      <ItemType>1</ItemType>
      <ItemName>ספרינג תפוח דיאט</ItemName>
      <ManufactureName>יפאורה שותפות מוגבלת לשיווק</ManufactureName>
      <ManufactureCountry />
      <ManufactureItemDescription />
      <UnitQty>י"ח</UnitQty>
      <Quantity>1</Quantity>
      <UnitMeasure>ליטר</UnitMeasure>
      <BisWeighted>0</BisWeighted>
      <QtyInPackage>1</QtyInPackage>
      <ItemPrice>5.40</ItemPrice>
      <UnitOfMeasurePrice>5.40</UnitOfMeasurePrice>
      <AllowDiscount>1</AllowDiscount>
      <itemStatus>1</itemStatus>
      <LastUpdateDate />
      <LastUpdateTime />
    </Product>
    <Product>
      <PriceUpdateDate>2014/01/05 09:36</PriceUpdateDate>
      <ItemCode>7290006651723</ItemCode>
      <ItemType>1</ItemType>
      <ItemName>אלכוג ל שמירה על ידיים</ItemName>
      <ManufactureName>פישר תעשיות פרמבצטיות בעמ</ManufactureName>
      <ManufactureCountry />
      <ManufactureItemDescription />
      <UnitQty>י"ח</UnitQty>
      <Quantity>60</Quantity>
      <UnitMeasure>ל  מ"ל</UnitMeasure>
      <BisWeighted>0</BisWeighted>
      <QtyInPackage>1</QtyInPackage>
      <ItemPrice>11</ItemPrice>
      <UnitOfMeasurePrice>18.33</UnitOfMeasurePrice>
      <AllowDiscount>1</AllowDiscount>
      <itemStatus>1</itemStatus>
      <LastUpdateDate />
      <LastUpdateTime />
    </Product>
    <Product>
      <PriceUpdateDate>2016/09/28 18:02</PriceUpdateDate>
      <ItemCode>7290006653765</ItemCode>
      <ItemType>1</ItemType>
      <ItemName>פטוציני פרפקטו 500 ג</ItemName>
      <ManufactureName>קבוצת אוסם סחר-שות.מוגבלת</ManufactureName>
      <ManufactureCountry />
      <ManufactureItemDescription />
      <UnitQty>י"ח</UnitQty>
      <Quantity>500</Quantity>
      <UnitMeasure>ל  גרם</UnitMeasure>
      <BisWeighted>0</BisWeighted>
      <QtyInPackage>1</QtyInPackage>
      <ItemPrice>6.90</ItemPrice>
      <UnitOfMeasurePrice>1.38</UnitOfMeasurePrice>
      <AllowDiscount>1</AllowDiscount>
      <itemStatus>1</itemStatus>
      <LastUpdateDate />
      <LastUpdateTime />
    </Product>
    <Product>
      <PriceUpdateDate>2014/12/08 15:26</PriceUpdateDate>
      <ItemCode>7290006653857</ItemCode>
      <ItemType>1</ItemType>
      <ItemName>ארנבונים חטיף תפו"א 40גר.</ItemName>
      <ManufactureName>קבוצת אוסם סחר-שות.מוגבלת</ManufactureName>
      <ManufactureCountry />
      <ManufactureItemDescription />
      <UnitQty>י"ח</UnitQty>
      <Quantity>40</Quantity>
      <UnitMeasure>ל  גרם</UnitMeasure>
      <BisWeighted>0</BisWeighted>
      <QtyInPackage>1</QtyInPackage>
      <ItemPrice>5</ItemPrice>
      <UnitOfMeasurePrice>12.50</UnitOfMeasurePrice>
      <AllowDiscount>1</AllowDiscount>
      <itemStatus>1</itemStatus>
      <LastUpdateDate />
      <LastUpdateTime />
    </Product>
    <Product>
      <PriceUpdateDate>2019/06/07 09:10</PriceUpdateDate>
      <ItemCode>7290006664051</ItemCode>
      <ItemType>1</ItemType>
      <ItemName>אקטימל מארז משפ 14 יח טבעי</ItemName>
      <ManufactureName>שטראוס גרופ ***בעמ</ManufactureName>
      <ManufactureCountry />
      <ManufactureItemDescription />
      <UnitQty>י"ח</UnitQty>
      <Quantity>1.40</Quantity>
      <UnitMeasure>ליטר</UnitMeasure>
      <BisWeighted>0</BisWeighted>
      <QtyInPackage>1</QtyInPackage>
      <ItemPrice>30.90</ItemPrice>
      <UnitOfMeasurePrice>22.07</UnitOfMeasurePrice>
      <AllowDiscount>1</AllowDiscount>
      <itemStatus>1</itemStatus>
      <LastUpdateDate />
      <LastUpdateTime />
    </Product>
    <Product>
      <PriceUpdateDate>2016/05/27 09:34</PriceUpdateDate>
      <ItemCode>7290006664532</ItemCode>
      <ItemType>1</ItemType>
      <ItemName>דנונה תות 3%</ItemName>
      <ManufactureName>שטראוס גרופ ***בעמ</ManufactureName>
      <ManufactureCountry />
      <ManufactureItemDescription />
      <UnitQty>י"ח</UnitQty>
      <Quantity>150</Quantity>
      <UnitMeasure>ל  מ"ל</UnitMeasure>
      <BisWeighted>0</BisWeighted>
      <QtyInPackage>1</QtyInPackage>
      <ItemPrice>3.50</ItemPrice>
      <UnitOfMeasurePrice>2.33</UnitOfMeasurePrice>
      <AllowDiscount>1</AllowDiscount>
      <itemStatus>1</itemStatus>
      <LastUpdateDate />
      <LastUpdateTime />
    </Product>
    <Product>
      <PriceUpdateDate>2016/05/27 09:34</PriceUpdateDate>
      <ItemCode>7290006664693</ItemCode>
      <ItemType>1</ItemType>
      <ItemName>דנונה אפרסק 3%</ItemName>
      <ManufactureName>שטראוס גרופ ***בעמ</ManufactureName>
      <ManufactureCountry />
      <ManufactureItemDescription />
      <UnitQty>י"ח</UnitQty>
      <Quantity>150</Quantity>
      <UnitMeasure>ל  מ"ל</UnitMeasure>
      <BisWeighted>0</BisWeighted>
      <QtyInPackage>1</QtyInPackage>
      <ItemPrice>3.50</ItemPrice>
      <UnitOfMeasurePrice>2.33</UnitOfMeasurePrice>
      <AllowDiscount>1</AllowDiscount>
      <itemStatus>1</itemStatus>
      <LastUpdateDate />
      <LastUpdateTime />
    </Product>
    <Product>
      <PriceUpdateDate>2015/06/28 10:17</PriceUpdateDate>
      <ItemCode>6696595</ItemCode>
      <ItemType>0</ItemType>
      <ItemName>מסורת</ItemName>
      <ManufactureName>יקבי טפרברג 1870 בעמ</ManufactureName>
      <ManufactureCountry />
      <ManufactureItemDescription />
      <UnitQty>י"ח</UnitQty>
      <Quantity>1</Quantity>
      <UnitMeasure>ליטר</UnitMeasure>
      <BisWeighted>0</BisWeighted>
      <QtyInPackage>1</QtyInPackage>
      <ItemPrice>19.90</ItemPrice>
      <UnitOfMeasurePrice>19.90</UnitOfMeasurePrice>
      <AllowDiscount>1</AllowDiscount>
      <itemStatus>1</itemStatus>
      <LastUpdateDate />
      <LastUpdateTime />
    </Product>
    <Product>
      <PriceUpdateDate>2015/06/28 10:17</PriceUpdateDate>
      <ItemCode>6696717</ItemCode>
      <ItemType>0</ItemType>
      <ItemName>תירוש מוסקט לבן 1ליטר</ItemName>
      <ManufactureName>יקבי טפרברג 1870 בעמ</ManufactureName>
      <ManufactureCountry />
      <ManufactureItemDescription />
      <UnitQty>י"ח</UnitQty>
      <Quantity>1</Quantity>
      <UnitMeasure>ליטר</UnitMeasure>
      <BisWeighted>0</BisWeighted>
      <QtyInPackage>1</QtyInPackage>
      <ItemPrice>13.90</ItemPrice>
      <UnitOfMeasurePrice>13.90</UnitOfMeasurePrice>
      <AllowDiscount>1</AllowDiscount>
      <itemStatus>1</itemStatus>
      <LastUpdateDate />
      <LastUpdateTime />
    </Product>
    <Product>
      <PriceUpdateDate>2020/04/20 09:37</PriceUpdateDate>
      <ItemCode>6707123</ItemCode>
      <ItemType>0</ItemType>
      <ItemName>כבד עוף ארוז קפוא.</ItemName>
      <ManufactureName>נטו מלינדה סחר בעמ</ManufactureName>
      <ManufactureCountry />
      <ManufactureItemDescription />
      <UnitQty>ק"ג</UnitQty>
      <Quantity>1</Quantity>
      <UnitMeasure />
      <BisWeighted>1</BisWeighted>
      <QtyInPackage>1</QtyInPackage>
      <ItemPrice>14.90</ItemPrice>
      <UnitOfMeasurePrice>14.90</UnitOfMeasurePrice>
      <AllowDiscount>1</AllowDiscount>
      <itemStatus>1</itemStatus>
      <LastUpdateDate />
      <LastUpdateTime />
    </Product>
    <Product>
      <PriceUpdateDate>2015/12/03 11:49</PriceUpdateDate>
      <ItemCode>7290006712684</ItemCode>
      <ItemType>1</ItemType>
      <ItemName>ספיד סטיק-כחול</ItemName>
      <ManufactureName>ש.שסטוביץ בעמ</ManufactureName>
      <ManufactureCountry />
      <ManufactureItemDescription />
      <UnitQty>י"ח</UnitQty>
      <Quantity>51</Quantity>
      <UnitMeasure>ל  גרם</UnitMeasure>
      <BisWeighted>0</BisWeighted>
      <QtyInPackage>1</QtyInPackage>
      <ItemPrice>24.90</ItemPrice>
      <UnitOfMeasurePrice>48.82</UnitOfMeasurePrice>
      <AllowDiscount>1</AllowDiscount>
      <itemStatus>1</itemStatus>
      <LastUpdateDate />
      <LastUpdateTime />
    </Product>
    <Product>
      <PriceUpdateDate>2015/12/03 11:49</PriceUpdateDate>
      <ItemCode>7290006712691</ItemCode>
      <ItemType>1</ItemType>
      <ItemName>ספיד סטיק-כתום</ItemName>
      <ManufactureName>ש.שסטוביץ בעמ</ManufactureName>
      <ManufactureCountry />
      <ManufactureItemDescription />
      <UnitQty>י"ח</UnitQty>
      <Quantity>55</Quantity>
      <UnitMeasure>ל  גרם</UnitMeasure>
      <BisWeighted>0</BisWeighted>
      <QtyInPackage>1</QtyInPackage>
      <ItemPrice>24.90</ItemPrice>
      <UnitOfMeasurePrice>45.27</UnitOfMeasurePrice>
      <AllowDiscount>1</AllowDiscount>
      <itemStatus>1</itemStatus>
      <LastUpdateDate />
      <LastUpdateTime />
    </Product>
    <Product>
      <PriceUpdateDate>2015/11/08 11:31</PriceUpdateDate>
      <ItemCode>7290006712981</ItemCode>
      <ItemType>1</ItemType>
      <ItemName>משחת שיניים  ילדים ספיידרמן 50מ"ל</ItemName>
      <ManufactureName>ש.שסטוביץ בעמ</ManufactureName>
      <ManufactureCountry />
      <ManufactureItemDescription />
      <UnitQty>י"ח</UnitQty>
      <Quantity>50</Quantity>
      <UnitMeasure>ל  גרם</UnitMeasure>
      <BisWeighted>0</BisWeighted>
      <QtyInPackage>1</QtyInPackage>
      <ItemPrice>12.90</ItemPrice>
      <UnitOfMeasurePrice>25.80</UnitOfMeasurePrice>
      <AllowDiscount>1</AllowDiscount>
      <itemStatus>1</itemStatus>
      <LastUpdateDate />
      <LastUpdateTime />
    </Product>
    <Product>
      <PriceUpdateDate>2013/12/25 11:42</PriceUpdateDate>
      <ItemCode>7290006732668</ItemCode>
      <ItemType>1</ItemType>
      <ItemName>שושנים טריפל שוקולד 380גר</ItemName>
      <ManufactureName>תה ויסוצקי (ישראל)בעמ</ManufactureName>
      <ManufactureCountry />
      <ManufactureItemDescription />
      <UnitQty>י"ח</UnitQty>
      <Quantity>380</Quantity>
      <UnitMeasure>ל  גרם</UnitMeasure>
      <BisWeighted>0</BisWeighted>
      <QtyInPackage>1</QtyInPackage>
      <ItemPrice>18.90</ItemPrice>
      <UnitOfMeasurePrice>4.97</UnitOfMeasurePrice>
      <AllowDiscount>1</AllowDiscount>
      <itemStatus>1</itemStatus>
      <LastUpdateDate />
      <LastUpdateTime />
    </Product>
    <Product>
      <PriceUpdateDate>2019/03/06 08:56</PriceUpdateDate>
      <ItemCode>6738615</ItemCode>
      <ItemType>0</ItemType>
      <ItemName>קבב זהב 400גר`</ItemName>
      <ManufactureName>זוגלובק שיווק בעמ</ManufactureName>
      <ManufactureCountry />
      <ManufactureItemDescription />
      <UnitQty>י"ח</UnitQty>
      <Quantity>400</Quantity>
      <UnitMeasure>ל  גרם</UnitMeasure>
      <BisWeighted>0</BisWeighted>
      <QtyInPackage>1</QtyInPackage>
      <ItemPrice>22.90</ItemPrice>
      <UnitOfMeasurePrice>5.73</UnitOfMeasurePrice>
      <AllowDiscount>1</AllowDiscount>
      <itemStatus>1</itemStatus>
      <LastUpdateDate />
      <LastUpdateTime />
    </Product>
    <Product>
      <PriceUpdateDate>2016/03/07 09:13</PriceUpdateDate>
      <ItemCode>6739124</ItemCode>
      <ItemType>0</ItemType>
      <ItemName>בצק פילאס 500גר זוגלובק</ItemName>
      <ManufactureName>זוגלובק שיווק בעמ</ManufactureName>
      <ManufactureCountry />
      <ManufactureItemDescription />
      <UnitQty>י"ח</UnitQty>
      <Quantity>500</Quantity>
      <UnitMeasure>ל  גרם</UnitMeasure>
      <BisWeighted>0</BisWeighted>
      <QtyInPackage>1</QtyInPackage>
      <ItemPrice>17.90</ItemPrice>
      <UnitOfMeasurePrice>3.58</UnitOfMeasurePrice>
      <AllowDiscount>1</AllowDiscount>
      <itemStatus>1</itemStatus>
      <LastUpdateDate />
      <LastUpdateTime />
    </Product>
    <Product>
      <PriceUpdateDate>2015/08/12 14:29</PriceUpdateDate>
      <ItemCode>6739131</ItemCode>
      <ItemType>0</ItemType>
      <ItemName>בצק פילו 500גר זוגלובק</ItemName>
      <ManufactureName>זוגלובק שיווק בעמ</ManufactureName>
      <ManufactureCountry />
      <ManufactureItemDescription />
      <UnitQty>י"ח</UnitQty>
      <Quantity>500</Quantity>
      <UnitMeasure>ל  גרם</UnitMeasure>
      <BisWeighted>0</BisWeighted>
      <QtyInPackage>1</QtyInPackage>
      <ItemPrice>17.90</ItemPrice>
      <UnitOfMeasurePrice>3.58</UnitOfMeasurePrice>
      <AllowDiscount>1</AllowDiscount>
      <itemStatus>1</itemStatus>
      <LastUpdateDate />
      <LastUpdateTime />
    </Product>
    <Product>
      <PriceUpdateDate>2013/11/26 09:22</PriceUpdateDate>
      <ItemCode>6739247</ItemCode>
      <ItemType>0</ItemType>
      <ItemName>פסטרמה  איטלקית(שקיל)</ItemName>
      <ManufactureName>זוגלובק שיווק בעמ</ManufactureName>
      <ManufactureCountry />
      <ManufactureItemDescription />
      <UnitQty>ק"ג</UnitQty>
      <Quantity>1</Quantity>
      <UnitMeasure />
      <BisWeighted>1</BisWeighted>
      <QtyInPackage>1</QtyInPackage>
      <ItemPrice>76.90</ItemPrice>
      <UnitOfMeasurePrice>76.90</UnitOfMeasurePrice>
      <AllowDiscount>0</AllowDiscount>
      <itemStatus>1</itemStatus>
      <LastUpdateDate />
      <LastUpdateTime />
    </Product>
    <Product>
      <PriceUpdateDate>2014/01/03 13:46</PriceUpdateDate>
      <ItemCode>6739292</ItemCode>
      <ItemType>0</ItemType>
      <ItemName>פסטרמה תבור 330 ג</ItemName>
      <ManufactureName>זוגלובק שיווק בעמ</ManufactureName>
      <ManufactureCountry />
      <ManufactureItemDescription />
      <UnitQty>י"ח</UnitQty>
      <Quantity>330</Quantity>
      <UnitMeasure>ל  גרם</UnitMeasure>
      <BisWeighted>0</BisWeighted>
      <QtyInPackage>1</QtyInPackage>
      <ItemPrice>28.90</ItemPrice>
      <UnitOfMeasurePrice>8.76</UnitOfMeasurePrice>
      <AllowDiscount>1</AllowDiscount>
      <itemStatus>1</itemStatus>
      <LastUpdateDate />
      <LastUpdateTime />
    </Product>
    <Product>
      <PriceUpdateDate>2014/01/03 13:46</PriceUpdateDate>
      <ItemCode>7290006739346</ItemCode>
      <ItemType>1</ItemType>
      <ItemName>נקניקיות פרגיות</ItemName>
      <ManufactureName>זוגלובק שיווק בעמ</ManufactureName>
      <ManufactureCountry />
      <ManufactureItemDescription />
      <UnitQty>י"ח</UnitQty>
      <Quantity>400</Quantity>
      <UnitMeasure>ל  גרם</UnitMeasure>
      <BisWeighted>0</BisWeighted>
      <QtyInPackage>1</QtyInPackage>
      <ItemPrice>18.90</ItemPrice>
      <UnitOfMeasurePrice>4.73</UnitOfMeasurePrice>
      <AllowDiscount>1</AllowDiscount>
      <itemStatus>1</itemStatus>
      <LastUpdateDate />
      <LastUpdateTime />
    </Product>
    <Product>
      <PriceUpdateDate>2014/01/03 13:46</PriceUpdateDate>
      <ItemCode>7290006739414</ItemCode>
      <ItemType>1</ItemType>
      <ItemName>סלמי קוניאק 300גר`</ItemName>
      <ManufactureName>זוגלובק שיווק בעמ</ManufactureName>
      <ManufactureCountry />
      <ManufactureItemDescription />
      <UnitQty>י"ח</UnitQty>
      <Quantity>3.50</Quantity>
      <UnitMeasure>י"ח</UnitMeasure>
      <BisWeighted>0</BisWeighted>
      <QtyInPackage>1</QtyInPackage>
      <ItemPrice>29.90</ItemPrice>
      <UnitOfMeasurePrice>8.54</UnitOfMeasurePrice>
      <AllowDiscount>1</AllowDiscount>
      <itemStatus>1</itemStatus>
      <LastUpdateDate />
      <LastUpdateTime />
    </Product>
    <Product>
      <PriceUpdateDate>2014/01/03 13:46</PriceUpdateDate>
      <ItemCode>6739421</ItemCode>
      <ItemType>0</ItemType>
      <ItemName>מעושן איטלקי 300גר`</ItemName>
      <ManufactureName>זוגלובק שיווק בעמ</ManufactureName>
      <ManufactureCountry />
      <ManufactureItemDescription />
      <UnitQty>י"ח</UnitQty>
      <Quantity>300</Quantity>
      <UnitMeasure>ל  גרם</UnitMeasure>
      <BisWeighted>0</BisWeighted>
      <QtyInPackage>1</QtyInPackage>
      <ItemPrice>29.90</ItemPrice>
      <UnitOfMeasurePrice>9.97</UnitOfMeasurePrice>
      <AllowDiscount>1</AllowDiscount>
      <itemStatus>1</itemStatus>
      <LastUpdateDate />
      <LastUpdateTime />
    </Product>
    <Product>
      <PriceUpdateDate>2014/01/03 13:46</PriceUpdateDate>
      <ItemCode>6739544</ItemCode>
      <ItemType>0</ItemType>
      <ItemName>כתף בקר 300גר`</ItemName>
      <ManufactureName>זוגלובק שיווק בעמ</ManufactureName>
      <ManufactureCountry />
      <ManufactureItemDescription />
      <UnitQty>י"ח</UnitQty>
      <Quantity>300</Quantity>
      <UnitMeasure>ל  גרם</UnitMeasure>
      <BisWeighted>0</BisWeighted>
      <QtyInPackage>1</QtyInPackage>
      <ItemPrice>31.90</ItemPrice>
      <UnitOfMeasurePrice>10.63</UnitOfMeasurePrice>
      <AllowDiscount>1</AllowDiscount>
      <itemStatus>1</itemStatus>
      <LastUpdateDate />
      <LastUpdateTime />
    </Product>
    <Product>
      <PriceUpdateDate>2016/08/14 13:23</PriceUpdateDate>
      <ItemCode>6740212</ItemCode>
      <ItemType>0</ItemType>
      <ItemName>נקניקיות עוף ללא גלוטן זוגלובק (שקיל)</ItemName>
      <ManufactureName>זוגלובק שיווק בעמ</ManufactureName>
      <ManufactureCountry />
      <ManufactureItemDescription />
      <UnitQty>ק"ג</UnitQty>
      <Quantity>1000</Quantity>
      <UnitMeasure>ל  גרם</UnitMeasure>
      <BisWeighted>1</BisWeighted>
      <QtyInPackage>1</QtyInPackage>
      <ItemPrice>23.90</ItemPrice>
      <UnitOfMeasurePrice>2.39</UnitOfMeasurePrice>
      <AllowDiscount>1</AllowDiscount>
      <itemStatus>1</itemStatus>
      <LastUpdateDate />
      <LastUpdateTime />
    </Product>
    <Product>
      <PriceUpdateDate>2014/01/03 13:46</PriceUpdateDate>
      <ItemCode>7290006741363</ItemCode>
      <ItemType>1</ItemType>
      <ItemName>בורקס תפו"א בד"צ 800 ג`</ItemName>
      <ManufactureName>זוגלובק שיווק בעמ</ManufactureName>
      <ManufactureCountry />
      <ManufactureItemDescription />
      <UnitQty>י"ח</UnitQty>
      <Quantity>800</Quantity>
      <UnitMeasure>ל  גרם</UnitMeasure>
      <BisWeighted>0</BisWeighted>
      <QtyInPackage>1</QtyInPackage>
      <ItemPrice>18.90</ItemPrice>
      <UnitOfMeasurePrice>2.36</UnitOfMeasurePrice>
      <AllowDiscount>1</AllowDiscount>
      <itemStatus>1</itemStatus>
      <LastUpdateDate />
      <LastUpdateTime />
    </Product>
    <Product>
      <PriceUpdateDate>2014/01/03 13:46</PriceUpdateDate>
      <ItemCode>7290006741387</ItemCode>
      <ItemType>1</ItemType>
      <ItemName>מלאווח תימני 700 גרם זוגלובק</ItemName>
      <ManufactureName>זוגלובק שיווק בעמ</ManufactureName>
      <ManufactureCountry />
      <ManufactureItemDescription />
      <UnitQty>י"ח</UnitQty>
      <Quantity>700</Quantity>
      <UnitMeasure>ל  גרם</UnitMeasure>
      <BisWeighted>0</BisWeighted>
      <QtyInPackage>1</QtyInPackage>
      <ItemPrice>15.90</ItemPrice>
      <UnitOfMeasurePrice>2.27</UnitOfMeasurePrice>
      <AllowDiscount>1</AllowDiscount>
      <itemStatus>1</itemStatus>
      <LastUpdateDate />
      <LastUpdateTime />
    </Product>
    <Product>
      <PriceUpdateDate>2019/12/10 08:56</PriceUpdateDate>
      <ItemCode>7290006742162</ItemCode>
      <ItemType>1</ItemType>
      <ItemName>המבורגר מזרחי</ItemName>
      <ManufactureName>זוגלובק שיווק בעמ</ManufactureName>
      <ManufactureCountry />
      <ManufactureItemDescription />
      <UnitQty>י"ח</UnitQty>
      <Quantity>400</Quantity>
      <UnitMeasure>ל  גרם</UnitMeasure>
      <BisWeighted>0</BisWeighted>
      <QtyInPackage>1</QtyInPackage>
      <ItemPrice>21.90</ItemPrice>
      <UnitOfMeasurePrice>5.48</UnitOfMeasurePrice>
      <AllowDiscount>1</AllowDiscount>
      <itemStatus>1</itemStatus>
      <LastUpdateDate />
      <LastUpdateTime />
    </Product>
    <Product>
      <PriceUpdateDate>2019/03/06 08:56</PriceUpdateDate>
      <ItemCode>7290006742179</ItemCode>
      <ItemType>1</ItemType>
      <ItemName>קבב מזרחי</ItemName>
      <ManufactureName>זוגלובק שיווק בעמ</ManufactureName>
      <ManufactureCountry />
      <ManufactureItemDescription />
      <UnitQty>י"ח</UnitQty>
      <Quantity>400</Quantity>
      <UnitMeasure>ל  גרם</UnitMeasure>
      <BisWeighted>0</BisWeighted>
      <QtyInPackage>1</QtyInPackage>
      <ItemPrice>22.90</ItemPrice>
      <UnitOfMeasurePrice>5.73</UnitOfMeasurePrice>
      <AllowDiscount>1</AllowDiscount>
      <itemStatus>1</itemStatus>
      <LastUpdateDate />
      <LastUpdateTime />
    </Product>
    <Product>
      <PriceUpdateDate>2015/12/09 14:39</PriceUpdateDate>
      <ItemCode>6742278</ItemCode>
      <ItemType>0</ItemType>
      <ItemName>פסטרממיה צלויה על לבנים 330גר`</ItemName>
      <ManufactureName>זוגלובק שיווק בעמ</ManufactureName>
      <ManufactureCountry />
      <ManufactureItemDescription />
      <UnitQty>י"ח</UnitQty>
      <Quantity>330</Quantity>
      <UnitMeasure>ל  גרם</UnitMeasure>
      <BisWeighted>0</BisWeighted>
      <QtyInPackage>1</QtyInPackage>
      <ItemPrice>25.90</ItemPrice>
      <UnitOfMeasurePrice>7.85</UnitOfMeasurePrice>
      <AllowDiscount>1</AllowDiscount>
      <itemStatus>1</itemStatus>
      <LastUpdateDate />
      <LastUpdateTime />
    </Product>
    <Product>
      <PriceUpdateDate>2015/12/09 14:39</PriceUpdateDate>
      <ItemCode>6742292</ItemCode>
      <ItemType>0</ItemType>
      <ItemName>פסטרממיה בדבש 330גר`</ItemName>
      <ManufactureName>זוגלובק שיווק בעמ</ManufactureName>
      <ManufactureCountry />
      <ManufactureItemDescription />
      <UnitQty>י"ח</UnitQty>
      <Quantity>330</Quantity>
      <UnitMeasure>ל  גרם</UnitMeasure>
      <BisWeighted>0</BisWeighted>
      <QtyInPackage>1</QtyInPackage>
      <ItemPrice>25.90</ItemPrice>
      <UnitOfMeasurePrice>7.85</UnitOfMeasurePrice>
      <AllowDiscount>1</AllowDiscount>
      <itemStatus>1</itemStatus>
      <LastUpdateDate />
      <LastUpdateTime />
    </Product>
    <Product>
      <PriceUpdateDate>2015/12/09 14:39</PriceUpdateDate>
      <ItemCode>6742308</ItemCode>
      <ItemType>0</ItemType>
      <ItemName>חזה עוף ברביקיו 1%  330גר`</ItemName>
      <ManufactureName>זוגלובק שיווק בעמ</ManufactureName>
      <ManufactureCountry />
      <ManufactureItemDescription />
      <UnitQty>י"ח</UnitQty>
      <Quantity>330</Quantity>
      <UnitMeasure>ל  גרם</UnitMeasure>
      <BisWeighted>0</BisWeighted>
      <QtyInPackage>1</QtyInPackage>
      <ItemPrice>25.90</ItemPrice>
      <UnitOfMeasurePrice>7.85</UnitOfMeasurePrice>
      <AllowDiscount>1</AllowDiscount>
      <itemStatus>1</itemStatus>
      <LastUpdateDate />
      <LastUpdateTime />
    </Product>
    <Product>
      <PriceUpdateDate>2015/12/09 14:39</PriceUpdateDate>
      <ItemCode>6742315</ItemCode>
      <ItemType>0</ItemType>
      <ItemName>חזה הודו ברביקיו 330גר`</ItemName>
      <ManufactureName>זוגלובק שיווק בעמ</ManufactureName>
      <ManufactureCountry />
      <ManufactureItemDescription />
      <UnitQty>י"ח</UnitQty>
      <Quantity>330</Quantity>
      <UnitMeasure>ל  גרם</UnitMeasure>
      <BisWeighted>0</BisWeighted>
      <QtyInPackage>1</QtyInPackage>
      <ItemPrice>25.90</ItemPrice>
      <UnitOfMeasurePrice>7.85</UnitOfMeasurePrice>
      <AllowDiscount>1</AllowDiscount>
      <itemStatus>1</itemStatus>
      <LastUpdateDate />
      <LastUpdateTime />
    </Product>
    <Product>
      <PriceUpdateDate>2015/12/09 14:39</PriceUpdateDate>
      <ItemCode>6742339</ItemCode>
      <ItemType>0</ItemType>
      <ItemName>פסטרמה חזה עוף 330גר`</ItemName>
      <ManufactureName>זוגלובק שיווק בעמ</ManufactureName>
      <ManufactureCountry />
      <ManufactureItemDescription />
      <UnitQty>י"ח</UnitQty>
      <Quantity>330</Quantity>
      <UnitMeasure>ל  גרם</UnitMeasure>
      <BisWeighted>0</BisWeighted>
      <QtyInPackage>1</QtyInPackage>
      <ItemPrice>25.90</ItemPrice>
      <UnitOfMeasurePrice>7.85</UnitOfMeasurePrice>
      <AllowDiscount>1</AllowDiscount>
      <itemStatus>1</itemStatus>
      <LastUpdateDate />
      <LastUpdateTime />
    </Product>
    <Product>
      <PriceUpdateDate>2013/12/04 10:42</PriceUpdateDate>
      <ItemCode>6764065</ItemCode>
      <ItemType>0</ItemType>
      <ItemName>נשר מאלט }500 חוזר{</ItemName>
      <ManufactureName>טמפו משקאות בעמ</ManufactureName>
      <ManufactureCountry />
      <ManufactureItemDescription />
      <UnitQty>י"ח</UnitQty>
      <Quantity>500</Quantity>
      <UnitMeasure>ל  מ"ל</UnitMeasure>
      <BisWeighted>0</BisWeighted>
      <QtyInPackage>1</QtyInPackage>
      <ItemPrice>5</ItemPrice>
      <UnitOfMeasurePrice>0.76</UnitOfMeasurePrice>
      <AllowDiscount>1</AllowDiscount>
      <itemStatus>1</itemStatus>
      <LastUpdateDate />
      <LastUpdateTime />
    </Product>
    <Product>
      <PriceUpdateDate>2019/12/24 08:04</PriceUpdateDate>
      <ItemCode>6764072</ItemCode>
      <ItemType>0</ItemType>
      <ItemName>גולדסטאר 500  מ"ל}חוזר{</ItemName>
      <ManufactureName>טמפו משקאות בעמ</ManufactureName>
      <ManufactureCountry />
      <ManufactureItemDescription />
      <UnitQty>י"ח</UnitQty>
      <Quantity>500</Quantity>
      <UnitMeasure>ל  מ"ל</UnitMeasure>
      <BisWeighted>0</BisWeighted>
      <QtyInPackage>1</QtyInPackage>
      <ItemPrice>7.90</ItemPrice>
      <UnitOfMeasurePrice>1.34</UnitOfMeasurePrice>
      <AllowDiscount>1</AllowDiscount>
      <itemStatus>1</itemStatus>
      <LastUpdateDate />
      <LastUpdateTime />
    </Product>
    <Product>
      <PriceUpdateDate>2018/12/12 13:31</PriceUpdateDate>
      <ItemCode>6764102</ItemCode>
      <ItemType>0</ItemType>
      <ItemName>גולדסטאר מארז 1/6 500מ"ל חוזר</ItemName>
      <ManufactureName>טמפו משקאות בעמ</ManufactureName>
      <ManufactureCountry />
      <ManufactureItemDescription />
      <UnitQty>י"ח</UnitQty>
      <Quantity>3</Quantity>
      <UnitMeasure>ליטר</UnitMeasure>
      <BisWeighted>0</BisWeighted>
      <QtyInPackage>1</QtyInPackage>
      <ItemPrice>45</ItemPrice>
      <UnitOfMeasurePrice>12.60</UnitOfMeasurePrice>
      <AllowDiscount>1</AllowDiscount>
      <itemStatus>1</itemStatus>
      <LastUpdateDate />
      <LastUpdateTime />
    </Product>
    <Product>
      <PriceUpdateDate>2018/10/25 08:20</PriceUpdateDate>
      <ItemCode>6764157</ItemCode>
      <ItemType>0</ItemType>
      <ItemName>בירה גולדסטאר לא מסונן חוזר 500מ"ל</ItemName>
      <ManufactureName>טמפו משקאות בעמ</ManufactureName>
      <ManufactureCountry />
      <ManufactureItemDescription />
      <UnitQty>י"ח</UnitQty>
      <Quantity>500</Quantity>
      <UnitMeasure>ל  מ"ל</UnitMeasure>
      <BisWeighted>0</BisWeighted>
      <QtyInPackage>1</QtyInPackage>
      <ItemPrice>7.50</ItemPrice>
      <UnitOfMeasurePrice>1.26</UnitOfMeasurePrice>
      <AllowDiscount>1</AllowDiscount>
      <itemStatus>1</itemStatus>
      <LastUpdateDate />
      <LastUpdateTime />
    </Product>
    <Product>
      <PriceUpdateDate>2018/12/12 13:31</PriceUpdateDate>
      <ItemCode>7290006764164</ItemCode>
      <ItemType>1</ItemType>
      <ItemName>בירה גולדסטאר לא מסונן  חוזר 1/6 500מ</ItemName>
      <ManufactureName>טמפו משקאות בעמ</ManufactureName>
      <ManufactureCountry />
      <ManufactureItemDescription />
      <UnitQty>י"ח</UnitQty>
      <Quantity>3</Quantity>
      <UnitMeasure>ליטר</UnitMeasure>
      <BisWeighted>0</BisWeighted>
      <QtyInPackage>1</QtyInPackage>
      <ItemPrice>45</ItemPrice>
      <UnitOfMeasurePrice>12.60</UnitOfMeasurePrice>
      <AllowDiscount>1</AllowDiscount>
      <itemStatus>1</itemStatus>
      <LastUpdateDate />
      <LastUpdateTime />
    </Product>
    <Product>
      <PriceUpdateDate>2013/12/04 10:42</PriceUpdateDate>
      <ItemCode>7290006764348</ItemCode>
      <ItemType>1</ItemType>
      <ItemName>מאלטסטאר 1.5 ל</ItemName>
      <ManufactureName>טמפו משקאות בעמ</ManufactureName>
      <ManufactureCountry />
      <ManufactureItemDescription />
      <UnitQty>י"ח</UnitQty>
      <Quantity>1.50</Quantity>
      <UnitMeasure>ליטר</UnitMeasure>
      <BisWeighted>0</BisWeighted>
      <QtyInPackage>1</QtyInPackage>
      <ItemPrice>7.90</ItemPrice>
      <UnitOfMeasurePrice>5.27</UnitOfMeasurePrice>
      <AllowDiscount>1</AllowDiscount>
      <itemStatus>1</itemStatus>
      <LastUpdateDate />
      <LastUpdateTime />
    </Product>
    <Product>
      <PriceUpdateDate>2018/12/12 13:31</PriceUpdateDate>
      <ItemCode>7290006764676</ItemCode>
      <ItemType>1</ItemType>
      <ItemName>ג אמפ תפוחים 1.5 ליטר</ItemName>
      <ManufactureName>טמפו משקאות בעמ</ManufactureName>
      <ManufactureCountry />
      <ManufactureItemDescription />
      <UnitQty>י"ח</UnitQty>
      <Quantity>1.50</Quantity>
      <UnitMeasure>ליטר</UnitMeasure>
      <BisWeighted>0</BisWeighted>
      <QtyInPackage>1</QtyInPackage>
      <ItemPrice>5.90</ItemPrice>
      <UnitOfMeasurePrice>3.93</UnitOfMeasurePrice>
      <AllowDiscount>1</AllowDiscount>
      <itemStatus>1</itemStatus>
      <LastUpdateDate />
      <LastUpdateTime />
    </Product>
    <Product>
      <PriceUpdateDate>2017/01/31 11:20</PriceUpdateDate>
      <ItemCode>7290006764713</ItemCode>
      <ItemType>1</ItemType>
      <ItemName>מירנדה 1.5 שישיה</ItemName>
      <ManufactureName>טמפו משקאות בעמ</ManufactureName>
      <ManufactureCountry />
      <ManufactureItemDescription />
      <UnitQty>י"ח</UnitQty>
      <Quantity>9</Quantity>
      <UnitMeasure>ליטר</UnitMeasure>
      <BisWeighted>0</BisWeighted>
      <QtyInPackage>1</QtyInPackage>
      <ItemPrice>29.90</ItemPrice>
      <UnitOfMeasurePrice>3.32</UnitOfMeasurePrice>
      <AllowDiscount>1</AllowDiscount>
      <itemStatus>1</itemStatus>
      <LastUpdateDate />
      <LastUpdateTime />
    </Product>
    <Product>
      <PriceUpdateDate>2013/12/04 10:42</PriceUpdateDate>
      <ItemCode>6764737</ItemCode>
      <ItemType>0</ItemType>
      <ItemName>נשר מאלט 500  דיאט}חוזר{</ItemName>
      <ManufactureName>טמפו משקאות בעמ</ManufactureName>
      <ManufactureCountry />
      <ManufactureItemDescription />
      <UnitQty>י"ח</UnitQty>
      <Quantity>500</Quantity>
      <UnitMeasure>ל  מ"ל</UnitMeasure>
      <BisWeighted>0</BisWeighted>
      <QtyInPackage>1</QtyInPackage>
      <ItemPrice>5</ItemPrice>
      <UnitOfMeasurePrice>0.76</UnitOfMeasurePrice>
      <AllowDiscount>1</AllowDiscount>
      <itemStatus>1</itemStatus>
      <LastUpdateDate />
      <LastUpdateTime />
    </Product>
    <Product>
      <PriceUpdateDate>2014/10/05 13:28</PriceUpdateDate>
      <ItemCode>7290006788009</ItemCode>
      <ItemType>1</ItemType>
      <ItemName>שמפו 10   לשיער רגיל 700</ItemName>
      <ManufactureName>החב הדרומית לשיווק</ManufactureName>
      <ManufactureCountry />
      <ManufactureItemDescription />
      <UnitQty>י"ח</UnitQty>
      <Quantity>700</Quantity>
      <UnitMeasure>ל  מ"ל</UnitMeasure>
      <BisWeighted>0</BisWeighted>
      <QtyInPackage>1</QtyInPackage>
      <ItemPrice>11.90</ItemPrice>
      <UnitOfMeasurePrice>1.70</UnitOfMeasurePrice>
      <AllowDiscount>1</AllowDiscount>
      <itemStatus>1</itemStatus>
      <LastUpdateDate />
      <LastUpdateTime />
    </Product>
    <Product>
      <PriceUpdateDate>2014/10/05 13:28</PriceUpdateDate>
      <ItemCode>7290006788016</ItemCode>
      <ItemType>1</ItemType>
      <ItemName>שמפו 10   לשיער יבש 700</ItemName>
      <ManufactureName>החב הדרומית לשיווק</ManufactureName>
      <ManufactureCountry />
      <ManufactureItemDescription />
      <UnitQty>י"ח</UnitQty>
      <Quantity>700</Quantity>
      <UnitMeasure>ל  מ"ל</UnitMeasure>
      <BisWeighted>0</BisWeighted>
      <QtyInPackage>1</QtyInPackage>
      <ItemPrice>11.90</ItemPrice>
      <UnitOfMeasurePrice>1.70</UnitOfMeasurePrice>
      <AllowDiscount>1</AllowDiscount>
      <itemStatus>1</itemStatus>
      <LastUpdateDate />
      <LastUpdateTime />
    </Product>
    <Product>
      <PriceUpdateDate>2014/10/05 13:28</PriceUpdateDate>
      <ItemCode>7290006788023</ItemCode>
      <ItemType>1</ItemType>
      <ItemName>שמפו 10  לשיער צבוע 700</ItemName>
      <ManufactureName>החב הדרומית לשיווק</ManufactureName>
      <ManufactureCountry />
      <ManufactureItemDescription />
      <UnitQty>י"ח</UnitQty>
      <Quantity>700</Quantity>
      <UnitMeasure>ל  מ"ל</UnitMeasure>
      <BisWeighted>0</BisWeighted>
      <QtyInPackage>1</QtyInPackage>
      <ItemPrice>11.90</ItemPrice>
      <UnitOfMeasurePrice>1.70</UnitOfMeasurePrice>
      <AllowDiscount>1</AllowDiscount>
      <itemStatus>1</itemStatus>
      <LastUpdateDate />
      <LastUpdateTime />
    </Product>
    <Product>
      <PriceUpdateDate>2014/10/05 13:28</PriceUpdateDate>
      <ItemCode>7290006788030</ItemCode>
      <ItemType>1</ItemType>
      <ItemName>שמפו 10  שיער מתולתל 700</ItemName>
      <ManufactureName>החב הדרומית לשיווק</ManufactureName>
      <ManufactureCountry />
      <ManufactureItemDescription />
      <UnitQty>י"ח</UnitQty>
      <Quantity>700</Quantity>
      <UnitMeasure>ל  מ"ל</UnitMeasure>
      <BisWeighted>0</BisWeighted>
      <QtyInPackage>1</QtyInPackage>
      <ItemPrice>11.90</ItemPrice>
      <UnitOfMeasurePrice>1.70</UnitOfMeasurePrice>
      <AllowDiscount>1</AllowDiscount>
      <itemStatus>1</itemStatus>
      <LastUpdateDate />
      <LastUpdateTime />
    </Product>
    <Product>
      <PriceUpdateDate>2014/10/05 13:28</PriceUpdateDate>
      <ItemCode>7290006788054</ItemCode>
      <ItemType>1</ItemType>
      <ItemName>שמפו 10  סירוק קל 700</ItemName>
      <ManufactureName>החב הדרומית לשיווק</ManufactureName>
      <ManufactureCountry />
      <ManufactureItemDescription />
      <UnitQty>י"ח</UnitQty>
      <Quantity>700</Quantity>
      <UnitMeasure>ל  מ"ל</UnitMeasure>
      <BisWeighted>0</BisWeighted>
      <QtyInPackage>1</QtyInPackage>
      <ItemPrice>11.90</ItemPrice>
      <UnitOfMeasurePrice>1.70</UnitOfMeasurePrice>
      <AllowDiscount>1</AllowDiscount>
      <itemStatus>1</itemStatus>
      <LastUpdateDate />
      <LastUpdateTime />
    </Product>
    <Product>
      <PriceUpdateDate>2014/10/05 13:28</PriceUpdateDate>
      <ItemCode>7290006788061</ItemCode>
      <ItemType>1</ItemType>
      <ItemName>מרכך 10  לשיער רגיל 700</ItemName>
      <ManufactureName>החב הדרומית לשיווק</ManufactureName>
      <ManufactureCountry />
      <ManufactureItemDescription />
      <UnitQty>י"ח</UnitQty>
      <Quantity>700</Quantity>
      <UnitMeasure>ל  מ"ל</UnitMeasure>
      <BisWeighted>0</BisWeighted>
      <QtyInPackage>1</QtyInPackage>
      <ItemPrice>11.90</ItemPrice>
      <UnitOfMeasurePrice>1.70</UnitOfMeasurePrice>
      <AllowDiscount>1</AllowDiscount>
      <itemStatus>1</itemStatus>
      <LastUpdateDate />
      <LastUpdateTime />
    </Product>
    <Product>
      <PriceUpdateDate>2014/10/05 13:28</PriceUpdateDate>
      <ItemCode>7290006788078</ItemCode>
      <ItemType>1</ItemType>
      <ItemName>מרכך 10   לשיער יבש 700</ItemName>
      <ManufactureName>החב הדרומית לשיווק</ManufactureName>
      <ManufactureCountry />
      <ManufactureItemDescription />
      <UnitQty>י"ח</UnitQty>
      <Quantity>700</Quantity>
      <UnitMeasure>ל  מ"ל</UnitMeasure>
      <BisWeighted>0</BisWeighted>
      <QtyInPackage>1</QtyInPackage>
      <ItemPrice>11.90</ItemPrice>
      <UnitOfMeasurePrice>1.70</UnitOfMeasurePrice>
      <AllowDiscount>1</AllowDiscount>
      <itemStatus>1</itemStatus>
      <LastUpdateDate />
      <LastUpdateTime />
    </Product>
    <Product>
      <PriceUpdateDate>2014/10/05 13:28</PriceUpdateDate>
      <ItemCode>7290006788085</ItemCode>
      <ItemType>1</ItemType>
      <ItemName>מרכך 10   לשיער צבוע 700</ItemName>
      <ManufactureName>החב הדרומית לשיווק</ManufactureName>
      <ManufactureCountry />
      <ManufactureItemDescription />
      <UnitQty>י"ח</UnitQty>
      <Quantity>700</Quantity>
      <UnitMeasure>ל  מ"ל</UnitMeasure>
      <BisWeighted>0</BisWeighted>
      <QtyInPackage>1</QtyInPackage>
      <ItemPrice>11.90</ItemPrice>
      <UnitOfMeasurePrice>1.70</UnitOfMeasurePrice>
      <AllowDiscount>1</AllowDiscount>
      <itemStatus>1</itemStatus>
      <LastUpdateDate />
      <LastUpdateTime />
    </Product>
    <Product>
      <PriceUpdateDate>2014/10/05 13:28</PriceUpdateDate>
      <ItemCode>7290006788092</ItemCode>
      <ItemType>1</ItemType>
      <ItemName>מרכך 10  מתולתל 700</ItemName>
      <ManufactureName>החב הדרומית לשיווק</ManufactureName>
      <ManufactureCountry />
      <ManufactureItemDescription />
      <UnitQty>י"ח</UnitQty>
      <Quantity>700</Quantity>
      <UnitMeasure>ל  מ"ל</UnitMeasure>
      <BisWeighted>0</BisWeighted>
      <QtyInPackage>1</QtyInPackage>
      <ItemPrice>11.90</ItemPrice>
      <UnitOfMeasurePrice>1.70</UnitOfMeasurePrice>
      <AllowDiscount>1</AllowDiscount>
      <itemStatus>1</itemStatus>
      <LastUpdateDate />
      <LastUpdateTime />
    </Product>
    <Product>
      <PriceUpdateDate>2014/10/05 13:28</PriceUpdateDate>
      <ItemCode>7290006788689</ItemCode>
      <ItemType>1</ItemType>
      <ItemName>שמפו 10 2 ב-1</ItemName>
      <ManufactureName>החב הדרומית לשיווק</ManufactureName>
      <ManufactureCountry />
      <ManufactureItemDescription />
      <UnitQty>י"ח</UnitQty>
      <Quantity>700</Quantity>
      <UnitMeasure>ל  מ"ל</UnitMeasure>
      <BisWeighted>0</BisWeighted>
      <QtyInPackage>1</QtyInPackage>
      <ItemPrice>11.90</ItemPrice>
      <UnitOfMeasurePrice>1.70</UnitOfMeasurePrice>
      <AllowDiscount>1</AllowDiscount>
      <itemStatus>1</itemStatus>
      <LastUpdateDate />
      <LastUpdateTime />
    </Product>
    <Product>
      <PriceUpdateDate>2015/09/02 10:06</PriceUpdateDate>
      <ItemCode>7290006805355</ItemCode>
      <ItemType>1</ItemType>
      <ItemName>תערובת לכדורי שוקולד</ItemName>
      <ManufactureName>ליימן שליסל</ManufactureName>
      <ManufactureCountry />
      <ManufactureItemDescription />
      <UnitQty>י"ח</UnitQty>
      <Quantity>500</Quantity>
      <UnitMeasure>ל  גרם</UnitMeasure>
      <BisWeighted>0</BisWeighted>
      <QtyInPackage>1</QtyInPackage>
      <ItemPrice>17.90</ItemPrice>
      <UnitOfMeasurePrice>3.58</UnitOfMeasurePrice>
      <AllowDiscount>1</AllowDiscount>
      <itemStatus>1</itemStatus>
      <LastUpdateDate />
      <LastUpdateTime />
    </Product>
    <Product>
      <PriceUpdateDate>2019/08/11 12:53</PriceUpdateDate>
      <ItemCode>6805362</ItemCode>
      <ItemType>0</ItemType>
      <ItemName>חצי בגט</ItemName>
      <ManufactureName>ג נרל מילס ישראל בעמ ~~~</ManufactureName>
      <ManufactureCountry />
      <ManufactureItemDescription />
      <UnitQty>י"ח</UnitQty>
      <Quantity>1</Quantity>
      <UnitMeasure />
      <BisWeighted>0</BisWeighted>
      <QtyInPackage>1</QtyInPackage>
      <ItemPrice>2.90</ItemPrice>
      <UnitOfMeasurePrice>2.90</UnitOfMeasurePrice>
      <AllowDiscount>1</AllowDiscount>
      <itemStatus>1</itemStatus>
      <LastUpdateDate />
      <LastUpdateTime />
    </Product>
    <Product>
      <PriceUpdateDate>2013/12/04 14:47</PriceUpdateDate>
      <ItemCode>7290006805850</ItemCode>
      <ItemType>1</ItemType>
      <ItemName>תערובת לפנקייק</ItemName>
      <ManufactureName>ליימן שליסל</ManufactureName>
      <ManufactureCountry />
      <ManufactureItemDescription />
      <UnitQty>י"ח</UnitQty>
      <Quantity>500</Quantity>
      <UnitMeasure>ל  גרם</UnitMeasure>
      <BisWeighted>0</BisWeighted>
      <QtyInPackage>1</QtyInPackage>
      <ItemPrice>17.90</ItemPrice>
      <UnitOfMeasurePrice>3.58</UnitOfMeasurePrice>
      <AllowDiscount>1</AllowDiscount>
      <itemStatus>1</itemStatus>
      <LastUpdateDate />
      <LastUpdateTime />
    </Product>
    <Product>
      <PriceUpdateDate>2014/01/29 10:36</PriceUpdateDate>
      <ItemCode>7290006822642</ItemCode>
      <ItemType>1</ItemType>
      <ItemName>פריגת ענבים ירוקים קיווי</ItemName>
      <ManufactureName>חברה המרכזית להפצת משקאות בעמ</ManufactureName>
      <ManufactureCountry />
      <ManufactureItemDescription />
      <UnitQty>י"ח</UnitQty>
      <Quantity>1.50</Quantity>
      <UnitMeasure>ליטר</UnitMeasure>
      <BisWeighted>0</BisWeighted>
      <QtyInPackage>1</QtyInPackage>
      <ItemPrice>6.90</ItemPrice>
      <UnitOfMeasurePrice>4.60</UnitOfMeasurePrice>
      <AllowDiscount>1</AllowDiscount>
      <itemStatus>1</itemStatus>
      <LastUpdateDate />
      <LastUpdateTime />
    </Product>
    <Product>
      <PriceUpdateDate>2017/01/03 11:04</PriceUpdateDate>
      <ItemCode>7290006822840</ItemCode>
      <ItemType>1</ItemType>
      <ItemName>מאלטי 1.5 ליטר</ItemName>
      <ManufactureName>חברה המרכזית להפצת משקאות בעמ</ManufactureName>
      <ManufactureCountry />
      <ManufactureItemDescription />
      <UnitQty>י"ח</UnitQty>
      <Quantity>1.50</Quantity>
      <UnitMeasure>ליטר</UnitMeasure>
      <BisWeighted>0</BisWeighted>
      <QtyInPackage>1</QtyInPackage>
      <ItemPrice>7.50</ItemPrice>
      <UnitOfMeasurePrice>5</UnitOfMeasurePrice>
      <AllowDiscount>1</AllowDiscount>
      <itemStatus>1</itemStatus>
      <LastUpdateDate />
      <LastUpdateTime />
    </Product>
    <Product>
      <PriceUpdateDate>2017/01/03 11:04</PriceUpdateDate>
      <ItemCode>7290006822857</ItemCode>
      <ItemType>1</ItemType>
      <ItemName>מאלטי דיאט 1.5 ליטר</ItemName>
      <ManufactureName>חברה המרכזית להפצת משקאות בעמ</ManufactureName>
      <ManufactureCountry />
      <ManufactureItemDescription />
      <UnitQty>י"ח</UnitQty>
      <Quantity>1.50</Quantity>
      <UnitMeasure>ליטר</UnitMeasure>
      <BisWeighted>0</BisWeighted>
      <QtyInPackage>1</QtyInPackage>
      <ItemPrice>7.50</ItemPrice>
      <UnitOfMeasurePrice>5</UnitOfMeasurePrice>
      <AllowDiscount>1</AllowDiscount>
      <itemStatus>1</itemStatus>
      <LastUpdateDate />
      <LastUpdateTime />
    </Product>
    <Product>
      <PriceUpdateDate>2015/04/14 09:53</PriceUpdateDate>
      <ItemCode>6941008</ItemCode>
      <ItemType>0</ItemType>
      <ItemName>כפות ח.פ100.יח שווה</ItemName>
      <ManufactureName>ח.כהן סוכנות מזון ומשקאות בע</ManufactureName>
      <ManufactureCountry />
      <ManufactureItemDescription />
      <UnitQty>י"ח</UnitQty>
      <Quantity>1</Quantity>
      <UnitMeasure />
      <BisWeighted>0</BisWeighted>
      <QtyInPackage>1</QtyInPackage>
      <ItemPrice>6.90</ItemPrice>
      <UnitOfMeasurePrice>6.90</UnitOfMeasurePrice>
      <AllowDiscount>1</AllowDiscount>
      <itemStatus>1</itemStatus>
      <LastUpdateDate />
      <LastUpdateTime />
    </Product>
    <Product>
      <PriceUpdateDate>2016/04/07 09:39</PriceUpdateDate>
      <ItemCode>6941015</ItemCode>
      <ItemType>0</ItemType>
      <ItemName>כפיות קטנות שווה</ItemName>
      <ManufactureName>ח.כהן סוכנות מזון ומשקאות בע</ManufactureName>
      <ManufactureCountry />
      <ManufactureItemDescription />
      <UnitQty>י"ח</UnitQty>
      <Quantity>1</Quantity>
      <UnitMeasure />
      <BisWeighted>0</BisWeighted>
      <QtyInPackage>1</QtyInPackage>
      <ItemPrice>4.90</ItemPrice>
      <UnitOfMeasurePrice>4.90</UnitOfMeasurePrice>
      <AllowDiscount>1</AllowDiscount>
      <itemStatus>1</itemStatus>
      <LastUpdateDate />
      <LastUpdateTime />
    </Product>
    <Product>
      <PriceUpdateDate>2015/10/25 12:23</PriceUpdateDate>
      <ItemCode>6941022</ItemCode>
      <ItemType>0</ItemType>
      <ItemName>סכינים ח.פ100. שווה</ItemName>
      <ManufactureName>ח.כהן סוכנות מזון ומשקאות בע</ManufactureName>
      <ManufactureCountry />
      <ManufactureItemDescription />
      <UnitQty>י"ח</UnitQty>
      <Quantity>1</Quantity>
      <UnitMeasure />
      <BisWeighted>0</BisWeighted>
      <QtyInPackage>1</QtyInPackage>
      <ItemPrice>6.90</ItemPrice>
      <UnitOfMeasurePrice>6.90</UnitOfMeasurePrice>
      <AllowDiscount>1</AllowDiscount>
      <itemStatus>1</itemStatus>
      <LastUpdateDate />
      <LastUpdateTime />
    </Product>
    <Product>
      <PriceUpdateDate>2015/10/25 12:23</PriceUpdateDate>
      <ItemCode>6941039</ItemCode>
      <ItemType>0</ItemType>
      <ItemName>סכום חד פעמי 100 יחידות שווה</ItemName>
      <ManufactureName>ח.כהן סוכנות מזון ומשקאות בע</ManufactureName>
      <ManufactureCountry />
      <ManufactureItemDescription />
      <UnitQty>י"ח</UnitQty>
      <Quantity>1</Quantity>
      <UnitMeasure />
      <BisWeighted>0</BisWeighted>
      <QtyInPackage>1</QtyInPackage>
      <ItemPrice>6.90</ItemPrice>
      <UnitOfMeasurePrice>6.90</UnitOfMeasurePrice>
      <AllowDiscount>1</AllowDiscount>
      <itemStatus>1</itemStatus>
      <LastUpdateDate />
      <LastUpdateTime />
    </Product>
    <Product>
      <PriceUpdateDate>2014/03/17 18:00</PriceUpdateDate>
      <ItemCode>7290006941138</ItemCode>
      <ItemType>1</ItemType>
      <ItemName>לפתניה 25 יח  המותג</ItemName>
      <ManufactureName>דין שיווק *****</ManufactureName>
      <ManufactureCountry />
      <ManufactureItemDescription />
      <UnitQty>י"ח</UnitQty>
      <Quantity>2500</Quantity>
      <UnitMeasure>ל  גרם</UnitMeasure>
      <BisWeighted>0</BisWeighted>
      <QtyInPackage>1</QtyInPackage>
      <ItemPrice>2.50</ItemPrice>
      <UnitOfMeasurePrice>0.10</UnitOfMeasurePrice>
      <AllowDiscount>1</AllowDiscount>
      <itemStatus>1</itemStatus>
      <LastUpdateDate />
      <LastUpdateTime />
    </Product>
    <Product>
      <PriceUpdateDate>2014/12/28 09:15</PriceUpdateDate>
      <ItemCode>7290006941145</ItemCode>
      <ItemType>1</ItemType>
      <ItemName>מרקיה 25 יח  המותג</ItemName>
      <ManufactureName>דין שיווק *****</ManufactureName>
      <ManufactureCountry />
      <ManufactureItemDescription />
      <UnitQty>י"ח</UnitQty>
      <Quantity>25</Quantity>
      <UnitMeasure>י"ח</UnitMeasure>
      <BisWeighted>0</BisWeighted>
      <QtyInPackage>1</QtyInPackage>
      <ItemPrice>4.90</ItemPrice>
      <UnitOfMeasurePrice>0.20</UnitOfMeasurePrice>
      <AllowDiscount>1</AllowDiscount>
      <itemStatus>1</itemStatus>
      <LastUpdateDate />
      <LastUpdateTime />
    </Product>
    <Product>
      <PriceUpdateDate>2014/03/17 18:00</PriceUpdateDate>
      <ItemCode>7290006941220</ItemCode>
      <ItemType>1</ItemType>
      <ItemName>צלחת קטנה צבעוני המותג 25</ItemName>
      <ManufactureName>דין שיווק *****</ManufactureName>
      <ManufactureCountry />
      <ManufactureItemDescription />
      <UnitQty>י"ח</UnitQty>
      <Quantity>25</Quantity>
      <UnitMeasure>י"ח</UnitMeasure>
      <BisWeighted>0</BisWeighted>
      <QtyInPackage>1</QtyInPackage>
      <ItemPrice>5.40</ItemPrice>
      <UnitOfMeasurePrice>0.22</UnitOfMeasurePrice>
      <AllowDiscount>1</AllowDiscount>
      <itemStatus>1</itemStatus>
      <LastUpdateDate />
      <LastUpdateTime />
    </Product>
    <Product>
      <PriceUpdateDate>2016/04/12 09:32</PriceUpdateDate>
      <ItemCode>7290006941237</ItemCode>
      <ItemType>1</ItemType>
      <ItemName>לפתניה צבעוני המותג 25 יח</ItemName>
      <ManufactureName>דין שיווק *****</ManufactureName>
      <ManufactureCountry />
      <ManufactureItemDescription />
      <UnitQty>י"ח</UnitQty>
      <Quantity>25</Quantity>
      <UnitMeasure>י"ח</UnitMeasure>
      <BisWeighted>0</BisWeighted>
      <QtyInPackage>1</QtyInPackage>
      <ItemPrice>4.20</ItemPrice>
      <UnitOfMeasurePrice>0.17</UnitOfMeasurePrice>
      <AllowDiscount>1</AllowDiscount>
      <itemStatus>1</itemStatus>
      <LastUpdateDate />
      <LastUpdateTime />
    </Product>
    <Product>
      <PriceUpdateDate>2016/04/12 09:32</PriceUpdateDate>
      <ItemCode>7290006941244</ItemCode>
      <ItemType>1</ItemType>
      <ItemName>מרקיה צבעוני 25 המותג ח.פ</ItemName>
      <ManufactureName>דין שיווק *****</ManufactureName>
      <ManufactureCountry />
      <ManufactureItemDescription />
      <UnitQty>י"ח</UnitQty>
      <Quantity>25</Quantity>
      <UnitMeasure>י"ח</UnitMeasure>
      <BisWeighted>0</BisWeighted>
      <QtyInPackage>1</QtyInPackage>
      <ItemPrice>6.90</ItemPrice>
      <UnitOfMeasurePrice>0.28</UnitOfMeasurePrice>
      <AllowDiscount>1</AllowDiscount>
      <itemStatus>1</itemStatus>
      <LastUpdateDate />
      <LastUpdateTime />
    </Product>
    <Product>
      <PriceUpdateDate>2014/03/17 18:00</PriceUpdateDate>
      <ItemCode>7290006941251</ItemCode>
      <ItemType>1</ItemType>
      <ItemName>קעריות אובליות צבע המותג</ItemName>
      <ManufactureName>דין שיווק *****</ManufactureName>
      <ManufactureCountry />
      <ManufactureItemDescription />
      <UnitQty>י"ח</UnitQty>
      <Quantity>25</Quantity>
      <UnitMeasure>י"ח</UnitMeasure>
      <BisWeighted>0</BisWeighted>
      <QtyInPackage>1</QtyInPackage>
      <ItemPrice>4.40</ItemPrice>
      <UnitOfMeasurePrice>0.18</UnitOfMeasurePrice>
      <AllowDiscount>1</AllowDiscount>
      <itemStatus>1</itemStatus>
      <LastUpdateDate />
      <LastUpdateTime />
    </Product>
    <Product>
      <PriceUpdateDate>2015/06/09 09:40</PriceUpdateDate>
      <ItemCode>6941350</ItemCode>
      <ItemType>0</ItemType>
      <ItemName>צלחות קטנות 100יח</ItemName>
      <ManufactureName>דין שיווק *****</ManufactureName>
      <ManufactureCountry />
      <ManufactureItemDescription />
      <UnitQty>י"ח</UnitQty>
      <Quantity>1</Quantity>
      <UnitMeasure />
      <BisWeighted>0</BisWeighted>
      <QtyInPackage>1</QtyInPackage>
      <ItemPrice>10.90</ItemPrice>
      <UnitOfMeasurePrice>10.90</UnitOfMeasurePrice>
      <AllowDiscount>1</AllowDiscount>
      <itemStatus>1</itemStatus>
      <LastUpdateDate />
      <LastUpdateTime />
    </Product>
    <Product>
      <PriceUpdateDate>2015/02/01 11:46</PriceUpdateDate>
      <ItemCode>6941367</ItemCode>
      <ItemType>0</ItemType>
      <ItemName>צלחות גדולות 100יח</ItemName>
      <ManufactureName>דין שיווק *****</ManufactureName>
      <ManufactureCountry />
      <ManufactureItemDescription />
      <UnitQty>י"ח</UnitQty>
      <Quantity>1</Quantity>
      <UnitMeasure />
      <BisWeighted>0</BisWeighted>
      <QtyInPackage>1</QtyInPackage>
      <ItemPrice>13.90</ItemPrice>
      <UnitOfMeasurePrice>13.90</UnitOfMeasurePrice>
      <AllowDiscount>1</AllowDiscount>
      <itemStatus>1</itemStatus>
      <LastUpdateDate />
      <LastUpdateTime />
    </Product>
    <Product>
      <PriceUpdateDate>2018/08/27 13:24</PriceUpdateDate>
      <ItemCode>6941374</ItemCode>
      <ItemType>0</ItemType>
      <ItemName>צלחות עמוקות 100יח</ItemName>
      <ManufactureName>דין שיווק *****</ManufactureName>
      <ManufactureCountry />
      <ManufactureItemDescription />
      <UnitQty>י"ח</UnitQty>
      <Quantity>1</Quantity>
      <UnitMeasure />
      <BisWeighted>0</BisWeighted>
      <QtyInPackage>1</QtyInPackage>
      <ItemPrice>21.90</ItemPrice>
      <UnitOfMeasurePrice>21.90</UnitOfMeasurePrice>
      <AllowDiscount>1</AllowDiscount>
      <itemStatus>1</itemStatus>
      <LastUpdateDate />
      <LastUpdateTime />
    </Product>
    <Product>
      <PriceUpdateDate>2014/12/08 15:26</PriceUpdateDate>
      <ItemCode>7290006984647</ItemCode>
      <ItemType>1</ItemType>
      <ItemName>חטיפי פריכונים מלוח גלי</ItemName>
      <ManufactureName>קבוצת אוסם סחר-שות.מוגבלת</ManufactureName>
      <ManufactureCountry />
      <ManufactureItemDescription />
      <UnitQty>י"ח</UnitQty>
      <Quantity>100</Quantity>
      <UnitMeasure>ל  גרם</UnitMeasure>
      <BisWeighted>0</BisWeighted>
      <QtyInPackage>1</QtyInPackage>
      <ItemPrice>7.60</ItemPrice>
      <UnitOfMeasurePrice>7.60</UnitOfMeasurePrice>
      <AllowDiscount>1</AllowDiscount>
      <itemStatus>1</itemStatus>
      <LastUpdateDate />
      <LastUpdateTime />
    </Product>
    <Product>
      <PriceUpdateDate>2018/09/02 10:36</PriceUpdateDate>
      <ItemCode>8101264</ItemCode>
      <ItemType>0</ItemType>
      <ItemName>זרעי צ יה 150ג</ItemName>
      <ManufactureName>א.ל.יצור ושיווקתבלינים בעמ</ManufactureName>
      <ManufactureCountry />
      <ManufactureItemDescription />
      <UnitQty>י"ח</UnitQty>
      <Quantity>150</Quantity>
      <UnitMeasure>ל  גרם</UnitMeasure>
      <BisWeighted>0</BisWeighted>
      <QtyInPackage>1</QtyInPackage>
      <ItemPrice>13.90</ItemPrice>
      <UnitOfMeasurePrice>9.27</UnitOfMeasurePrice>
      <AllowDiscount>1</AllowDiscount>
      <itemStatus>1</itemStatus>
      <LastUpdateDate />
      <LastUpdateTime />
    </Product>
    <Product>
      <PriceUpdateDate>2018/12/17 10:51</PriceUpdateDate>
      <ItemCode>7290008116541</ItemCode>
      <ItemType>1</ItemType>
      <ItemName>ליסטרין קול מינט 500</ItemName>
      <ManufactureName>שקד תבל בעמ</ManufactureName>
      <ManufactureCountry />
      <ManufactureItemDescription />
      <UnitQty>י"ח</UnitQty>
      <Quantity>500</Quantity>
      <UnitMeasure>ל  מ"ל</UnitMeasure>
      <BisWeighted>0</BisWeighted>
      <QtyInPackage>1</QtyInPackage>
      <ItemPrice>26.90</ItemPrice>
      <UnitOfMeasurePrice>5.38</UnitOfMeasurePrice>
      <AllowDiscount>1</AllowDiscount>
      <itemStatus>1</itemStatus>
      <LastUpdateDate />
      <LastUpdateTime />
    </Product>
    <Product>
      <PriceUpdateDate>2018/12/17 10:51</PriceUpdateDate>
      <ItemCode>7290008116565</ItemCode>
      <ItemType>1</ItemType>
      <ItemName>ליסטרין פרש ברט 500</ItemName>
      <ManufactureName>שקד תבל בעמ</ManufactureName>
      <ManufactureCountry />
      <ManufactureItemDescription />
      <UnitQty>י"ח</UnitQty>
      <Quantity>500</Quantity>
      <UnitMeasure>ל  מ"ל</UnitMeasure>
      <BisWeighted>0</BisWeighted>
      <QtyInPackage>1</QtyInPackage>
      <ItemPrice>26.90</ItemPrice>
      <UnitOfMeasurePrice>5.38</UnitOfMeasurePrice>
      <AllowDiscount>1</AllowDiscount>
      <itemStatus>1</itemStatus>
      <LastUpdateDate />
      <LastUpdateTime />
    </Product>
    <Product>
      <PriceUpdateDate>2015/04/14 09:53</PriceUpdateDate>
      <ItemCode>7290008154222</ItemCode>
      <ItemType>1</ItemType>
      <ItemName>שניצלונים]עוף  טוב[</ItemName>
      <ManufactureName>קבוצת אוסם סחר-שות.מוגבלת</ManufactureName>
      <ManufactureCountry />
      <ManufactureItemDescription />
      <UnitQty>י"ח</UnitQty>
      <Quantity>700</Quantity>
      <UnitMeasure>ל  גרם</UnitMeasure>
      <BisWeighted>0</BisWeighted>
      <QtyInPackage>1</QtyInPackage>
      <ItemPrice>17.90</ItemPrice>
      <UnitOfMeasurePrice>2.56</UnitOfMeasurePrice>
      <AllowDiscount>1</AllowDiscount>
      <itemStatus>1</itemStatus>
      <LastUpdateDate />
      <LastUpdateTime />
    </Product>
    <Product>
      <PriceUpdateDate>2015/02/02 11:46</PriceUpdateDate>
      <ItemCode>7290008175210</ItemCode>
      <ItemType>1</ItemType>
      <ItemName>פרמזנו מגורדת 90 ג ויליפוד</ItemName>
      <ManufactureName>ג.וילי פוד אינטרנשיונל בעמ</ManufactureName>
      <ManufactureCountry />
      <ManufactureItemDescription />
      <UnitQty>י"ח</UnitQty>
      <Quantity>90</Quantity>
      <UnitMeasure>ל  גרם</UnitMeasure>
      <BisWeighted>0</BisWeighted>
      <QtyInPackage>1</QtyInPackage>
      <ItemPrice>17.90</ItemPrice>
      <UnitOfMeasurePrice>19.89</UnitOfMeasurePrice>
      <AllowDiscount>1</AllowDiscount>
      <itemStatus>1</itemStatus>
      <LastUpdateDate />
      <LastUpdateTime />
    </Product>
    <Product>
      <PriceUpdateDate>2015/02/02 11:46</PriceUpdateDate>
      <ItemCode>7290008175692</ItemCode>
      <ItemType>1</ItemType>
      <ItemName>אטריות להקפצה נודלס 400</ItemName>
      <ManufactureName>ג.וילי פוד אינטרנשיונל בעמ</ManufactureName>
      <ManufactureCountry />
      <ManufactureItemDescription />
      <UnitQty>י"ח</UnitQty>
      <Quantity>400</Quantity>
      <UnitMeasure>ל  גרם</UnitMeasure>
      <BisWeighted>0</BisWeighted>
      <QtyInPackage>1</QtyInPackage>
      <ItemPrice>4.90</ItemPrice>
      <UnitOfMeasurePrice>1.23</UnitOfMeasurePrice>
      <AllowDiscount>1</AllowDiscount>
      <itemStatus>1</itemStatus>
      <LastUpdateDate />
      <LastUpdateTime />
    </Product>
    <Product>
      <PriceUpdateDate>2017/02/08 10:00</PriceUpdateDate>
      <ItemCode>7290008190640</ItemCode>
      <ItemType>1</ItemType>
      <ItemName>אגו במילוי אגוזים שוק.לבן</ItemName>
      <ManufactureName>כרמית תעשיות ממתקים בעמ</ManufactureName>
      <ManufactureCountry />
      <ManufactureItemDescription />
      <UnitQty>י"ח</UnitQty>
      <Quantity>130</Quantity>
      <UnitMeasure>ל  גרם</UnitMeasure>
      <BisWeighted>0</BisWeighted>
      <QtyInPackage>1</QtyInPackage>
      <ItemPrice>6.90</ItemPrice>
      <UnitOfMeasurePrice>5.31</UnitOfMeasurePrice>
      <AllowDiscount>1</AllowDiscount>
      <itemStatus>1</itemStatus>
      <LastUpdateDate />
      <LastUpdateTime />
    </Product>
    <Product>
      <PriceUpdateDate>2017/02/08 10:00</PriceUpdateDate>
      <ItemCode>7290008190657</ItemCode>
      <ItemType>1</ItemType>
      <ItemName>אגו מילוי מוס קפוצ ינו</ItemName>
      <ManufactureName>כרמית תעשיות ממתקים בעמ</ManufactureName>
      <ManufactureCountry />
      <ManufactureItemDescription />
      <UnitQty>י"ח</UnitQty>
      <Quantity>130</Quantity>
      <UnitMeasure>ל  גרם</UnitMeasure>
      <BisWeighted>0</BisWeighted>
      <QtyInPackage>1</QtyInPackage>
      <ItemPrice>6.90</ItemPrice>
      <UnitOfMeasurePrice>5.31</UnitOfMeasurePrice>
      <AllowDiscount>1</AllowDiscount>
      <itemStatus>1</itemStatus>
      <LastUpdateDate />
      <LastUpdateTime />
    </Product>
    <Product>
      <PriceUpdateDate>2017/02/08 10:00</PriceUpdateDate>
      <ItemCode>7290008190664</ItemCode>
      <ItemType>1</ItemType>
      <ItemName>אגו חלב-אצבעות   ופל</ItemName>
      <ManufactureName>כרמית תעשיות ממתקים בעמ</ManufactureName>
      <ManufactureCountry />
      <ManufactureItemDescription />
      <UnitQty>י"ח</UnitQty>
      <Quantity>130</Quantity>
      <UnitMeasure>ל  גרם</UnitMeasure>
      <BisWeighted>0</BisWeighted>
      <QtyInPackage>1</QtyInPackage>
      <ItemPrice>6.90</ItemPrice>
      <UnitOfMeasurePrice>5.31</UnitOfMeasurePrice>
      <AllowDiscount>1</AllowDiscount>
      <itemStatus>1</itemStatus>
      <LastUpdateDate />
      <LastUpdateTime />
    </Product>
    <Product>
      <PriceUpdateDate>2016/10/30 13:54</PriceUpdateDate>
      <ItemCode>8211145</ItemCode>
      <ItemType>0</ItemType>
      <ItemName>גבינה גאודה נטו</ItemName>
      <ManufactureName>נטו מלינדה סחר בעמ</ManufactureName>
      <ManufactureCountry />
      <ManufactureItemDescription />
      <UnitQty>ק"ג</UnitQty>
      <Quantity>4.50</Quantity>
      <UnitMeasure>ק"ג</UnitMeasure>
      <BisWeighted>1</BisWeighted>
      <QtyInPackage>1</QtyInPackage>
      <ItemPrice>87.90</ItemPrice>
      <UnitOfMeasurePrice>19.53</UnitOfMeasurePrice>
      <AllowDiscount>1</AllowDiscount>
      <itemStatus>1</itemStatus>
      <LastUpdateDate />
      <LastUpdateTime />
    </Product>
    <Product>
      <PriceUpdateDate>2016/05/01 12:33</PriceUpdateDate>
      <ItemCode>7290008343466</ItemCode>
      <ItemType>1</ItemType>
      <ItemName>בצק פילו 500 גרם</ItemName>
      <ManufactureName>נטו מלינדה סחר בעמ</ManufactureName>
      <ManufactureCountry />
      <ManufactureItemDescription />
      <UnitQty>י"ח</UnitQty>
      <Quantity>500</Quantity>
      <UnitMeasure>ל  גרם</UnitMeasure>
      <BisWeighted>0</BisWeighted>
      <QtyInPackage>1</QtyInPackage>
      <ItemPrice>21.90</ItemPrice>
      <UnitOfMeasurePrice>4.38</UnitOfMeasurePrice>
      <AllowDiscount>1</AllowDiscount>
      <itemStatus>1</itemStatus>
      <LastUpdateDate />
      <LastUpdateTime />
    </Product>
    <Product>
      <PriceUpdateDate>2016/05/01 12:33</PriceUpdateDate>
      <ItemCode>7290008343503</ItemCode>
      <ItemType>1</ItemType>
      <ItemName>ג חנון אפוי 650 ג</ItemName>
      <ManufactureName>נטו מלינדה סחר בעמ</ManufactureName>
      <ManufactureCountry />
      <ManufactureItemDescription />
      <UnitQty>י"ח</UnitQty>
      <Quantity>650</Quantity>
      <UnitMeasure>ל  גרם</UnitMeasure>
      <BisWeighted>0</BisWeighted>
      <QtyInPackage>1</QtyInPackage>
      <ItemPrice>21.90</ItemPrice>
      <UnitOfMeasurePrice>3.37</UnitOfMeasurePrice>
      <AllowDiscount>1</AllowDiscount>
      <itemStatus>1</itemStatus>
      <LastUpdateDate />
      <LastUpdateTime />
    </Product>
    <Product>
      <PriceUpdateDate>2013/06/23 11:13</PriceUpdateDate>
      <ItemCode>7290008343510</ItemCode>
      <ItemType>1</ItemType>
      <ItemName>מיני ג חנון אפוי 650 ג</ItemName>
      <ManufactureName>נטו מלינדה סחר בעמ</ManufactureName>
      <ManufactureCountry />
      <ManufactureItemDescription />
      <UnitQty>י"ח</UnitQty>
      <Quantity>650</Quantity>
      <UnitMeasure>ל  גרם</UnitMeasure>
      <BisWeighted>0</BisWeighted>
      <QtyInPackage>1</QtyInPackage>
      <ItemPrice>22.70</ItemPrice>
      <UnitOfMeasurePrice>3.49</UnitOfMeasurePrice>
      <AllowDiscount>1</AllowDiscount>
      <itemStatus>1</itemStatus>
      <LastUpdateDate />
      <LastUpdateTime />
    </Product>
    <Product>
      <PriceUpdateDate>2014/03/18 14:37</PriceUpdateDate>
      <ItemCode>7290008345422</ItemCode>
      <ItemType>1</ItemType>
      <ItemName>מג יק טעם עוף שומשום</ItemName>
      <ManufactureName>נטו מלינדה סחר בעמ</ManufactureName>
      <ManufactureCountry />
      <ManufactureItemDescription />
      <UnitQty>י"ח</UnitQty>
      <Quantity>60</Quantity>
      <UnitMeasure>ל  גרם</UnitMeasure>
      <BisWeighted>0</BisWeighted>
      <QtyInPackage>1</QtyInPackage>
      <ItemPrice>3.90</ItemPrice>
      <UnitOfMeasurePrice>6.50</UnitOfMeasurePrice>
      <AllowDiscount>1</AllowDiscount>
      <itemStatus>1</itemStatus>
      <LastUpdateDate />
      <LastUpdateTime />
    </Product>
    <Product>
      <PriceUpdateDate>2014/01/19 10:40</PriceUpdateDate>
      <ItemCode>7290008345460</ItemCode>
      <ItemType>1</ItemType>
      <ItemName>מג יק טעם עוף עם קוסקוס</ItemName>
      <ManufactureName>נטו מלינדה סחר בעמ</ManufactureName>
      <ManufactureCountry />
      <ManufactureItemDescription />
      <UnitQty>י"ח</UnitQty>
      <Quantity>60</Quantity>
      <UnitMeasure>ל  גרם</UnitMeasure>
      <BisWeighted>0</BisWeighted>
      <QtyInPackage>1</QtyInPackage>
      <ItemPrice>5</ItemPrice>
      <UnitOfMeasurePrice>8.33</UnitOfMeasurePrice>
      <AllowDiscount>1</AllowDiscount>
      <itemStatus>1</itemStatus>
      <LastUpdateDate />
      <LastUpdateTime />
    </Product>
    <Product>
      <PriceUpdateDate>2019/05/07 08:46</PriceUpdateDate>
      <ItemCode>8347891</ItemCode>
      <ItemType>0</ItemType>
      <ItemName>פילה אמנון גדלים שונים נטו דלידג</ItemName>
      <ManufactureName>נטו מלינדה סחר בעמ</ManufactureName>
      <ManufactureCountry />
      <ManufactureItemDescription />
      <UnitQty>ק"ג</UnitQty>
      <Quantity>1</Quantity>
      <UnitMeasure>ק"ג</UnitMeasure>
      <BisWeighted>1</BisWeighted>
      <QtyInPackage>1</QtyInPackage>
      <ItemPrice>32.90</ItemPrice>
      <UnitOfMeasurePrice>32.90</UnitOfMeasurePrice>
      <AllowDiscount>1</AllowDiscount>
      <itemStatus>1</itemStatus>
      <LastUpdateDate />
      <LastUpdateTime />
    </Product>
    <Product>
      <PriceUpdateDate>2016/05/20 08:44</PriceUpdateDate>
      <ItemCode>8403238</ItemCode>
      <ItemType>0</ItemType>
      <ItemName>ברי איסיני שקיל. רבנות נטו</ItemName>
      <ManufactureName>נטו מלינדה סחר בעמ</ManufactureName>
      <ManufactureCountry />
      <ManufactureItemDescription />
      <UnitQty>ק"ג</UnitQty>
      <Quantity>250</Quantity>
      <UnitMeasure>ל  גרם</UnitMeasure>
      <BisWeighted>1</BisWeighted>
      <QtyInPackage>1</QtyInPackage>
      <ItemPrice>130</ItemPrice>
      <UnitOfMeasurePrice>52</UnitOfMeasurePrice>
      <AllowDiscount>1</AllowDiscount>
      <itemStatus>1</itemStatus>
      <LastUpdateDate />
      <LastUpdateTime />
    </Product>
    <Product>
      <PriceUpdateDate>2020/01/26 09:51</PriceUpdateDate>
      <ItemCode>8403900</ItemCode>
      <ItemType>0</ItemType>
      <ItemName>גאודה עגבניות וזיתים  שקיל</ItemName>
      <ManufactureName>נטו מלינדה סחר בעמ</ManufactureName>
      <ManufactureCountry />
      <ManufactureItemDescription />
      <UnitQty>ק"ג</UnitQty>
      <Quantity>1</Quantity>
      <UnitMeasure />
      <BisWeighted>1</BisWeighted>
      <QtyInPackage>1</QtyInPackage>
      <ItemPrice>99.90</ItemPrice>
      <UnitOfMeasurePrice>99.90</UnitOfMeasurePrice>
      <AllowDiscount>1</AllowDiscount>
      <itemStatus>1</itemStatus>
      <LastUpdateDate />
      <LastUpdateTime />
    </Product>
    <Product>
      <PriceUpdateDate>2020/01/26 09:51</PriceUpdateDate>
      <ItemCode>8403917</ItemCode>
      <ItemType>0</ItemType>
      <ItemName>גאודה פסטו ירוק  שקיל</ItemName>
      <ManufactureName>נטו מלינדה סחר בעמ</ManufactureName>
      <ManufactureCountry />
      <ManufactureItemDescription />
      <UnitQty>ק"ג</UnitQty>
      <Quantity>1</Quantity>
      <UnitMeasure />
      <BisWeighted>1</BisWeighted>
      <QtyInPackage>1</QtyInPackage>
      <ItemPrice>144</ItemPrice>
      <UnitOfMeasurePrice>144</UnitOfMeasurePrice>
      <AllowDiscount>1</AllowDiscount>
      <itemStatus>1</itemStatus>
      <LastUpdateDate />
      <LastUpdateTime />
    </Product>
    <Product>
      <PriceUpdateDate>2020/01/26 09:51</PriceUpdateDate>
      <ItemCode>8403924</ItemCode>
      <ItemType>0</ItemType>
      <ItemName>גאודה פסטו אדום  שקיל</ItemName>
      <ManufactureName>נטו מלינדה סחר בעמ</ManufactureName>
      <ManufactureCountry />
      <ManufactureItemDescription />
      <UnitQty>ק"ג</UnitQty>
      <Quantity>1</Quantity>
      <UnitMeasure />
      <BisWeighted>1</BisWeighted>
      <QtyInPackage>1</QtyInPackage>
      <ItemPrice>144</ItemPrice>
      <UnitOfMeasurePrice>144</UnitOfMeasurePrice>
      <AllowDiscount>1</AllowDiscount>
      <itemStatus>1</itemStatus>
      <LastUpdateDate />
      <LastUpdateTime />
    </Product>
    <Product>
      <PriceUpdateDate>2020/01/26 09:51</PriceUpdateDate>
      <ItemCode>8403931</ItemCode>
      <ItemType>0</ItemType>
      <ItemName>גאודה כמון שקיל</ItemName>
      <ManufactureName>נטו מלינדה סחר בעמ</ManufactureName>
      <ManufactureCountry />
      <ManufactureItemDescription />
      <UnitQty>ק"ג</UnitQty>
      <Quantity>1</Quantity>
      <UnitMeasure />
      <BisWeighted>1</BisWeighted>
      <QtyInPackage>1</QtyInPackage>
      <ItemPrice>99.90</ItemPrice>
      <UnitOfMeasurePrice>99.90</UnitOfMeasurePrice>
      <AllowDiscount>1</AllowDiscount>
      <itemStatus>1</itemStatus>
      <LastUpdateDate />
      <LastUpdateTime />
    </Product>
    <Product>
      <PriceUpdateDate>2019/02/13 13:33</PriceUpdateDate>
      <ItemCode>7290008443616</ItemCode>
      <ItemType>1</ItemType>
      <ItemName>מרכך נקה 7 מייצב יבש אדום</ItemName>
      <ManufactureName>החב הדרומית לשיווק</ManufactureName>
      <ManufactureCountry />
      <ManufactureItemDescription />
      <UnitQty>י"ח</UnitQty>
      <Quantity>750</Quantity>
      <UnitMeasure>ל  מ"ל</UnitMeasure>
      <BisWeighted>0</BisWeighted>
      <QtyInPackage>1</QtyInPackage>
      <ItemPrice>10.90</ItemPrice>
      <UnitOfMeasurePrice>1.45</UnitOfMeasurePrice>
      <AllowDiscount>1</AllowDiscount>
      <itemStatus>1</itemStatus>
      <LastUpdateDate />
      <LastUpdateTime />
    </Product>
    <Product>
      <PriceUpdateDate>2019/02/13 13:33</PriceUpdateDate>
      <ItemCode>7290008443623</ItemCode>
      <ItemType>1</ItemType>
      <ItemName>שמפו לשיער לגבר נקה 7 750 מ"ל</ItemName>
      <ManufactureName>החב הדרומית לשיווק</ManufactureName>
      <ManufactureCountry />
      <ManufactureItemDescription />
      <UnitQty>י"ח</UnitQty>
      <Quantity>750</Quantity>
      <UnitMeasure>ל  מ"ל</UnitMeasure>
      <BisWeighted>0</BisWeighted>
      <QtyInPackage>1</QtyInPackage>
      <ItemPrice>10.90</ItemPrice>
      <UnitOfMeasurePrice>1.45</UnitOfMeasurePrice>
      <AllowDiscount>1</AllowDiscount>
      <itemStatus>1</itemStatus>
      <LastUpdateDate />
      <LastUpdateTime />
    </Product>
    <Product>
      <PriceUpdateDate>2019/02/13 13:33</PriceUpdateDate>
      <ItemCode>7290008443630</ItemCode>
      <ItemType>1</ItemType>
      <ItemName>שמפו נקה -7 לשיער מתולתל סגול</ItemName>
      <ManufactureName>החב הדרומית לשיווק</ManufactureName>
      <ManufactureCountry />
      <ManufactureItemDescription />
      <UnitQty>י"ח</UnitQty>
      <Quantity>750</Quantity>
      <UnitMeasure>ל  מ"ל</UnitMeasure>
      <BisWeighted>0</BisWeighted>
      <QtyInPackage>1</QtyInPackage>
      <ItemPrice>10.90</ItemPrice>
      <UnitOfMeasurePrice>1.45</UnitOfMeasurePrice>
      <AllowDiscount>1</AllowDiscount>
      <itemStatus>1</itemStatus>
      <LastUpdateDate />
      <LastUpdateTime />
    </Product>
    <Product>
      <PriceUpdateDate>2019/02/13 13:33</PriceUpdateDate>
      <ItemCode>7290008443647</ItemCode>
      <ItemType>1</ItemType>
      <ItemName>מרכך נקה 7 מייצב מתולתל סגול</ItemName>
      <ManufactureName>החב הדרומית לשיווק</ManufactureName>
      <ManufactureCountry />
      <ManufactureItemDescription />
      <UnitQty>י"ח</UnitQty>
      <Quantity>750</Quantity>
      <UnitMeasure>ל  מ"ל</UnitMeasure>
      <BisWeighted>0</BisWeighted>
      <QtyInPackage>1</QtyInPackage>
      <ItemPrice>10.90</ItemPrice>
      <UnitOfMeasurePrice>1.45</UnitOfMeasurePrice>
      <AllowDiscount>1</AllowDiscount>
      <itemStatus>1</itemStatus>
      <LastUpdateDate />
      <LastUpdateTime />
    </Product>
    <Product>
      <PriceUpdateDate>2013/12/25 11:42</PriceUpdateDate>
      <ItemCode>7290008454209</ItemCode>
      <ItemType>1</ItemType>
      <ItemName>עוגת שמרים פרג</ItemName>
      <ManufactureName>תה ויסוצקי (ישראל)בעמ</ManufactureName>
      <ManufactureCountry />
      <ManufactureItemDescription />
      <UnitQty>י"ח</UnitQty>
      <Quantity>450</Quantity>
      <UnitMeasure>ל  גרם</UnitMeasure>
      <BisWeighted>0</BisWeighted>
      <QtyInPackage>1</QtyInPackage>
      <ItemPrice>18.90</ItemPrice>
      <UnitOfMeasurePrice>4.20</UnitOfMeasurePrice>
      <AllowDiscount>1</AllowDiscount>
      <itemStatus>1</itemStatus>
      <LastUpdateDate />
      <LastUpdateTime />
    </Product>
    <Product>
      <PriceUpdateDate>2013/12/25 11:42</PriceUpdateDate>
      <ItemCode>7290008454810</ItemCode>
      <ItemType>1</ItemType>
      <ItemName>שמרים חלווה</ItemName>
      <ManufactureName>תה ויסוצקי (ישראל)בעמ</ManufactureName>
      <ManufactureCountry />
      <ManufactureItemDescription />
      <UnitQty>י"ח</UnitQty>
      <Quantity>450</Quantity>
      <UnitMeasure>ל  גרם</UnitMeasure>
      <BisWeighted>0</BisWeighted>
      <QtyInPackage>1</QtyInPackage>
      <ItemPrice>18.90</ItemPrice>
      <UnitOfMeasurePrice>4.20</UnitOfMeasurePrice>
      <AllowDiscount>1</AllowDiscount>
      <itemStatus>1</itemStatus>
      <LastUpdateDate />
      <LastUpdateTime />
    </Product>
    <Product>
      <PriceUpdateDate>2014/01/03 13:46</PriceUpdateDate>
      <ItemCode>8461047</ItemCode>
      <ItemType>0</ItemType>
      <ItemName>גבינה ברי לרוסטיק</ItemName>
      <ManufactureName>נטו מלינדה סחר בעמ</ManufactureName>
      <ManufactureCountry />
      <ManufactureItemDescription />
      <UnitQty>ק"ג</UnitQty>
      <Quantity>1</Quantity>
      <UnitMeasure />
      <BisWeighted>1</BisWeighted>
      <QtyInPackage>1</QtyInPackage>
      <ItemPrice>126.20</ItemPrice>
      <UnitOfMeasurePrice>126.20</UnitOfMeasurePrice>
      <AllowDiscount>1</AllowDiscount>
      <itemStatus>1</itemStatus>
      <LastUpdateDate />
      <LastUpdateTime />
    </Product>
    <Product>
      <PriceUpdateDate>2013/06/23 11:13</PriceUpdateDate>
      <ItemCode>8461177</ItemCode>
      <ItemType>0</ItemType>
      <ItemName>חלומי צאן 200גר נטו</ItemName>
      <ManufactureName>נטו מלינדה סחר בעמ</ManufactureName>
      <ManufactureCountry />
      <ManufactureItemDescription />
      <UnitQty>י"ח</UnitQty>
      <Quantity>200</Quantity>
      <UnitMeasure>ל  גרם</UnitMeasure>
      <BisWeighted>0</BisWeighted>
      <QtyInPackage>1</QtyInPackage>
      <ItemPrice>24.20</ItemPrice>
      <UnitOfMeasurePrice>12.10</UnitOfMeasurePrice>
      <AllowDiscount>1</AllowDiscount>
      <itemStatus>1</itemStatus>
      <LastUpdateDate />
      <LastUpdateTime />
    </Product>
    <Product>
      <PriceUpdateDate>2020/03/19 07:24</PriceUpdateDate>
      <ItemCode>8461283</ItemCode>
      <ItemType>0</ItemType>
      <ItemName>טריפל צ`דר 200גרם.</ItemName>
      <ManufactureName>נטו מלינדה סחר בעמ</ManufactureName>
      <ManufactureCountry />
      <ManufactureItemDescription />
      <UnitQty>י"ח</UnitQty>
      <Quantity>200</Quantity>
      <UnitMeasure>ל  גרם</UnitMeasure>
      <BisWeighted>0</BisWeighted>
      <QtyInPackage>1</QtyInPackage>
      <ItemPrice>20.90</ItemPrice>
      <UnitOfMeasurePrice>10.45</UnitOfMeasurePrice>
      <AllowDiscount>1</AllowDiscount>
      <itemStatus>1</itemStatus>
      <LastUpdateDate />
      <LastUpdateTime />
    </Product>
    <Product>
      <PriceUpdateDate>2016/03/13 13:25</PriceUpdateDate>
      <ItemCode>7290008462204</ItemCode>
      <ItemType>1</ItemType>
      <ItemName>חרדל דיג ון</ItemName>
      <ManufactureName>נטו מלינדה סחר בעמ</ManufactureName>
      <ManufactureCountry />
      <ManufactureItemDescription />
      <UnitQty>י"ח</UnitQty>
      <Quantity>380</Quantity>
      <UnitMeasure>ל  גרם</UnitMeasure>
      <BisWeighted>0</BisWeighted>
      <QtyInPackage>1</QtyInPackage>
      <ItemPrice>15.90</ItemPrice>
      <UnitOfMeasurePrice>4.18</UnitOfMeasurePrice>
      <AllowDiscount>1</AllowDiscount>
      <itemStatus>1</itemStatus>
      <LastUpdateDate />
      <LastUpdateTime />
    </Product>
    <Product>
      <PriceUpdateDate>2014/01/03 13:46</PriceUpdateDate>
      <ItemCode>7290008462259</ItemCode>
      <ItemType>1</ItemType>
      <ItemName>חרדל גרגירים 380 גרם</ItemName>
      <ManufactureName>נטו מלינדה סחר בעמ</ManufactureName>
      <ManufactureCountry />
      <ManufactureItemDescription />
      <UnitQty>י"ח</UnitQty>
      <Quantity>380</Quantity>
      <UnitMeasure>ל  גרם</UnitMeasure>
      <BisWeighted>0</BisWeighted>
      <QtyInPackage>1</QtyInPackage>
      <ItemPrice>16.10</ItemPrice>
      <UnitOfMeasurePrice>4.24</UnitOfMeasurePrice>
      <AllowDiscount>1</AllowDiscount>
      <itemStatus>1</itemStatus>
      <LastUpdateDate />
      <LastUpdateTime />
    </Product>
    <Product>
      <PriceUpdateDate>2013/06/09 11:44</PriceUpdateDate>
      <ItemCode>8464406</ItemCode>
      <ItemType>0</ItemType>
      <ItemName>פחית פפסי מקס 330מ"ל</ItemName>
      <ManufactureName>טמפו משקאות בעמ</ManufactureName>
      <ManufactureCountry />
      <ManufactureItemDescription />
      <UnitQty>י"ח</UnitQty>
      <Quantity>330</Quantity>
      <UnitMeasure>ל  מ"ל</UnitMeasure>
      <BisWeighted>0</BisWeighted>
      <QtyInPackage>1</QtyInPackage>
      <ItemPrice>3.30</ItemPrice>
      <UnitOfMeasurePrice>0.91</UnitOfMeasurePrice>
      <AllowDiscount>1</AllowDiscount>
      <itemStatus>1</itemStatus>
      <LastUpdateDate />
      <LastUpdateTime />
    </Product>
    <Product>
      <PriceUpdateDate>2017/05/04 09:25</PriceUpdateDate>
      <ItemCode>8464697</ItemCode>
      <ItemType>0</ItemType>
      <ItemName>מכבי שישייה 7.9% 330מ"ל בקבוק</ItemName>
      <ManufactureName>טמפו משקאות בעמ</ManufactureName>
      <ManufactureCountry />
      <ManufactureItemDescription />
      <UnitQty>י"ח</UnitQty>
      <Quantity>1.98</Quantity>
      <UnitMeasure>ליטר</UnitMeasure>
      <BisWeighted>0</BisWeighted>
      <QtyInPackage>1</QtyInPackage>
      <ItemPrice>40.70</ItemPrice>
      <UnitOfMeasurePrice>19.65</UnitOfMeasurePrice>
      <AllowDiscount>1</AllowDiscount>
      <itemStatus>1</itemStatus>
      <LastUpdateDate />
      <LastUpdateTime />
    </Product>
    <Product>
      <PriceUpdateDate>2019/12/19 08:16</PriceUpdateDate>
      <ItemCode>8464703</ItemCode>
      <ItemType>0</ItemType>
      <ItemName>מכבי שישייה 330מ"ל בקבוק</ItemName>
      <ManufactureName>טמפו משקאות בעמ</ManufactureName>
      <ManufactureCountry />
      <ManufactureItemDescription />
      <UnitQty>י"ח</UnitQty>
      <Quantity>1.98</Quantity>
      <UnitMeasure>ליטר</UnitMeasure>
      <BisWeighted>0</BisWeighted>
      <QtyInPackage>1</QtyInPackage>
      <ItemPrice>36.90</ItemPrice>
      <UnitOfMeasurePrice>17.73</UnitOfMeasurePrice>
      <AllowDiscount>1</AllowDiscount>
      <itemStatus>1</itemStatus>
      <LastUpdateDate />
      <LastUpdateTime />
    </Product>
    <Product>
      <PriceUpdateDate>2018/11/15 09:36</PriceUpdateDate>
      <ItemCode>8464741</ItemCode>
      <ItemType>0</ItemType>
      <ItemName>גולדסטאטר  330 מייל שישייה.</ItemName>
      <ManufactureName>טמפו משקאות בעמ</ManufactureName>
      <ManufactureCountry />
      <ManufactureItemDescription />
      <UnitQty>י"ח</UnitQty>
      <Quantity>1980</Quantity>
      <UnitMeasure>ל  מ"ל</UnitMeasure>
      <BisWeighted>0</BisWeighted>
      <QtyInPackage>1</QtyInPackage>
      <ItemPrice>39.90</ItemPrice>
      <UnitOfMeasurePrice>1.92</UnitOfMeasurePrice>
      <AllowDiscount>1</AllowDiscount>
      <itemStatus>1</itemStatus>
      <LastUpdateDate />
      <LastUpdateTime />
    </Product>
    <Product>
      <PriceUpdateDate>2018/10/24 09:36</PriceUpdateDate>
      <ItemCode>8578844</ItemCode>
      <ItemType>0</ItemType>
      <ItemName>כפות לבן 100יח שווה</ItemName>
      <ManufactureName>ח.כהן סוכנות מזון ומשקאות בע</ManufactureName>
      <ManufactureCountry />
      <ManufactureItemDescription />
      <UnitQty>י"ח</UnitQty>
      <Quantity>100</Quantity>
      <UnitMeasure>י"ח</UnitMeasure>
      <BisWeighted>0</BisWeighted>
      <QtyInPackage>1</QtyInPackage>
      <ItemPrice>6.90</ItemPrice>
      <UnitOfMeasurePrice>0.07</UnitOfMeasurePrice>
      <AllowDiscount>1</AllowDiscount>
      <itemStatus>1</itemStatus>
      <LastUpdateDate />
      <LastUpdateTime />
    </Product>
    <Product>
      <PriceUpdateDate>2019/02/18 09:18</PriceUpdateDate>
      <ItemCode>8578851</ItemCode>
      <ItemType>0</ItemType>
      <ItemName>כפיות קטנות שווה</ItemName>
      <ManufactureName>ח.כהן סוכנות מזון ומשקאות בע</ManufactureName>
      <ManufactureCountry />
      <ManufactureItemDescription />
      <UnitQty>י"ח</UnitQty>
      <Quantity>1</Quantity>
      <UnitMeasure />
      <BisWeighted>0</BisWeighted>
      <QtyInPackage>1</QtyInPackage>
      <ItemPrice>4.90</ItemPrice>
      <UnitOfMeasurePrice>4.90</UnitOfMeasurePrice>
      <AllowDiscount>1</AllowDiscount>
      <itemStatus>1</itemStatus>
      <LastUpdateDate />
      <LastUpdateTime />
    </Product>
    <Product>
      <PriceUpdateDate>2018/02/06 13:28</PriceUpdateDate>
      <ItemCode>8578899</ItemCode>
      <ItemType>0</ItemType>
      <ItemName>מזלגות   שקוף"שווה"50</ItemName>
      <ManufactureName>ח.כהן סוכנות מזון ומשקאות בע</ManufactureName>
      <ManufactureCountry />
      <ManufactureItemDescription />
      <UnitQty>י"ח</UnitQty>
      <Quantity>50</Quantity>
      <UnitMeasure>י"ח</UnitMeasure>
      <BisWeighted>0</BisWeighted>
      <QtyInPackage>1</QtyInPackage>
      <ItemPrice>7.90</ItemPrice>
      <UnitOfMeasurePrice>0.16</UnitOfMeasurePrice>
      <AllowDiscount>1</AllowDiscount>
      <itemStatus>1</itemStatus>
      <LastUpdateDate />
      <LastUpdateTime />
    </Product>
    <Product>
      <PriceUpdateDate>2018/02/06 13:28</PriceUpdateDate>
      <ItemCode>8578905</ItemCode>
      <ItemType>0</ItemType>
      <ItemName>סכינים   שקוף"שווה"50</ItemName>
      <ManufactureName>ח.כהן סוכנות מזון ומשקאות בע</ManufactureName>
      <ManufactureCountry />
      <ManufactureItemDescription />
      <UnitQty>י"ח</UnitQty>
      <Quantity>50</Quantity>
      <UnitMeasure>י"ח</UnitMeasure>
      <BisWeighted>0</BisWeighted>
      <QtyInPackage>1</QtyInPackage>
      <ItemPrice>7.90</ItemPrice>
      <UnitOfMeasurePrice>0.16</UnitOfMeasurePrice>
      <AllowDiscount>1</AllowDiscount>
      <itemStatus>1</itemStatus>
      <LastUpdateDate />
      <LastUpdateTime />
    </Product>
    <Product>
      <PriceUpdateDate>2018/02/06 13:28</PriceUpdateDate>
      <ItemCode>8579001</ItemCode>
      <ItemType>0</ItemType>
      <ItemName>כפות   שקוף"שווה"50</ItemName>
      <ManufactureName>ח.כהן סוכנות מזון ומשקאות בע</ManufactureName>
      <ManufactureCountry />
      <ManufactureItemDescription />
      <UnitQty>י"ח</UnitQty>
      <Quantity>50</Quantity>
      <UnitMeasure>י"ח</UnitMeasure>
      <BisWeighted>0</BisWeighted>
      <QtyInPackage>1</QtyInPackage>
      <ItemPrice>7.90</ItemPrice>
      <UnitOfMeasurePrice>0.16</UnitOfMeasurePrice>
      <AllowDiscount>1</AllowDiscount>
      <itemStatus>1</itemStatus>
      <LastUpdateDate />
      <LastUpdateTime />
    </Product>
    <Product>
      <PriceUpdateDate>2014/04/23 10:19</PriceUpdateDate>
      <ItemCode>7290008634298</ItemCode>
      <ItemType>1</ItemType>
      <ItemName>סדין למיטת תינוק</ItemName>
      <ManufactureName>אינטרסן (1996) בעמ</ManufactureName>
      <ManufactureCountry />
      <ManufactureItemDescription />
      <UnitQty>י"ח</UnitQty>
      <Quantity>1</Quantity>
      <UnitMeasure />
      <BisWeighted>0</BisWeighted>
      <QtyInPackage>1</QtyInPackage>
      <ItemPrice>13.90</ItemPrice>
      <UnitOfMeasurePrice>13.90</UnitOfMeasurePrice>
      <AllowDiscount>1</AllowDiscount>
      <itemStatus>1</itemStatus>
      <LastUpdateDate />
      <LastUpdateTime />
    </Product>
    <Product>
      <PriceUpdateDate>2019/03/07 08:31</PriceUpdateDate>
      <ItemCode>8695543</ItemCode>
      <ItemType>0</ItemType>
      <ItemName>כדורי גבינה מוצרלה מעדניה.</ItemName>
      <ManufactureName>ג.וילי פוד אינטרנשיונל בעמ</ManufactureName>
      <ManufactureCountry />
      <ManufactureItemDescription />
      <UnitQty>ק"ג</UnitQty>
      <Quantity>1</Quantity>
      <UnitMeasure>ק"ג</UnitMeasure>
      <BisWeighted>1</BisWeighted>
      <QtyInPackage>1</QtyInPackage>
      <ItemPrice>64.90</ItemPrice>
      <UnitOfMeasurePrice>64.90</UnitOfMeasurePrice>
      <AllowDiscount>0</AllowDiscount>
      <itemStatus>1</itemStatus>
      <LastUpdateDate />
      <LastUpdateTime />
    </Product>
    <Product>
      <PriceUpdateDate>2018/12/11 16:06</PriceUpdateDate>
      <ItemCode>7290008747424</ItemCode>
      <ItemType>1</ItemType>
      <ItemName>שוקולד פרה עם תות 100 ג</ItemName>
      <ManufactureName>שטראוס גרופ בעמ</ManufactureName>
      <ManufactureCountry />
      <ManufactureItemDescription />
      <UnitQty>י"ח</UnitQty>
      <Quantity>100</Quantity>
      <UnitMeasure>ל  גרם</UnitMeasure>
      <BisWeighted>0</BisWeighted>
      <QtyInPackage>1</QtyInPackage>
      <ItemPrice>5.90</ItemPrice>
      <UnitOfMeasurePrice>5.90</UnitOfMeasurePrice>
      <AllowDiscount>1</AllowDiscount>
      <itemStatus>1</itemStatus>
      <LastUpdateDate />
      <LastUpdateTime />
    </Product>
    <Product>
      <PriceUpdateDate>2015/07/05 11:02</PriceUpdateDate>
      <ItemCode>7290008747431</ItemCode>
      <ItemType>1</ItemType>
      <ItemName>שוקולד חלב בטעם תות</ItemName>
      <ManufactureName>שטראוס גרופ בעמ</ManufactureName>
      <ManufactureCountry />
      <ManufactureItemDescription />
      <UnitQty>י"ח</UnitQty>
      <Quantity>50</Quantity>
      <UnitMeasure>ל  גרם</UnitMeasure>
      <BisWeighted>0</BisWeighted>
      <QtyInPackage>1</QtyInPackage>
      <ItemPrice>3.90</ItemPrice>
      <UnitOfMeasurePrice>7.80</UnitOfMeasurePrice>
      <AllowDiscount>1</AllowDiscount>
      <itemStatus>1</itemStatus>
      <LastUpdateDate />
      <LastUpdateTime />
    </Product>
    <Product>
      <PriceUpdateDate>2018/12/11 16:06</PriceUpdateDate>
      <ItemCode>7290008750400</ItemCode>
      <ItemType>1</ItemType>
      <ItemName>פרה לבן עם עוגיות</ItemName>
      <ManufactureName>שטראוס גרופ בעמ</ManufactureName>
      <ManufactureCountry />
      <ManufactureItemDescription />
      <UnitQty>י"ח</UnitQty>
      <Quantity>100</Quantity>
      <UnitMeasure>ל  גרם</UnitMeasure>
      <BisWeighted>0</BisWeighted>
      <QtyInPackage>1</QtyInPackage>
      <ItemPrice>5.90</ItemPrice>
      <UnitOfMeasurePrice>5.90</UnitOfMeasurePrice>
      <AllowDiscount>1</AllowDiscount>
      <itemStatus>1</itemStatus>
      <LastUpdateDate />
      <LastUpdateTime />
    </Product>
    <Product>
      <PriceUpdateDate>2018/12/11 16:06</PriceUpdateDate>
      <ItemCode>7290008750677</ItemCode>
      <ItemType>1</ItemType>
      <ItemName>פרה במילוי תות מגדים</ItemName>
      <ManufactureName>שטראוס גרופ בעמ</ManufactureName>
      <ManufactureCountry />
      <ManufactureItemDescription />
      <UnitQty>י"ח</UnitQty>
      <Quantity>100</Quantity>
      <UnitMeasure>ל  גרם</UnitMeasure>
      <BisWeighted>0</BisWeighted>
      <QtyInPackage>1</QtyInPackage>
      <ItemPrice>5.90</ItemPrice>
      <UnitOfMeasurePrice>5.90</UnitOfMeasurePrice>
      <AllowDiscount>1</AllowDiscount>
      <itemStatus>1</itemStatus>
      <LastUpdateDate />
      <LastUpdateTime />
    </Product>
    <Product>
      <PriceUpdateDate>2018/12/11 16:06</PriceUpdateDate>
      <ItemCode>7290008753982</ItemCode>
      <ItemType>1</ItemType>
      <ItemName>שוקולד אוורירי חלב</ItemName>
      <ManufactureName>שטראוס גרופ בעמ</ManufactureName>
      <ManufactureCountry />
      <ManufactureItemDescription />
      <UnitQty>י"ח</UnitQty>
      <Quantity>100</Quantity>
      <UnitMeasure>ל  גרם</UnitMeasure>
      <BisWeighted>0</BisWeighted>
      <QtyInPackage>1</QtyInPackage>
      <ItemPrice>5.90</ItemPrice>
      <UnitOfMeasurePrice>5.90</UnitOfMeasurePrice>
      <AllowDiscount>1</AllowDiscount>
      <itemStatus>1</itemStatus>
      <LastUpdateDate />
      <LastUpdateTime />
    </Product>
    <Product>
      <PriceUpdateDate>2015/11/16 13:02</PriceUpdateDate>
      <ItemCode>8754682</ItemCode>
      <ItemType>0</ItemType>
      <ItemName>רולדה קוקוס</ItemName>
      <ManufactureName>שטראוס גרופ בעמ</ManufactureName>
      <ManufactureCountry />
      <ManufactureItemDescription />
      <UnitQty>י"ח</UnitQty>
      <Quantity>350</Quantity>
      <UnitMeasure>ל  גרם</UnitMeasure>
      <BisWeighted>0</BisWeighted>
      <QtyInPackage>1</QtyInPackage>
      <ItemPrice>16.90</ItemPrice>
      <UnitOfMeasurePrice>4.83</UnitOfMeasurePrice>
      <AllowDiscount>1</AllowDiscount>
      <itemStatus>1</itemStatus>
      <LastUpdateDate />
      <LastUpdateTime />
    </Product>
    <Product>
      <PriceUpdateDate>2018/10/29 09:22</PriceUpdateDate>
      <ItemCode>7290008757980</ItemCode>
      <ItemType>1</ItemType>
      <ItemName>ספרינג רימונים קרטונית</ItemName>
      <ManufactureName>יפאורה שותפות מוגבלת לשיווק</ManufactureName>
      <ManufactureCountry />
      <ManufactureItemDescription />
      <UnitQty>י"ח</UnitQty>
      <Quantity>1</Quantity>
      <UnitMeasure>ליטר</UnitMeasure>
      <BisWeighted>0</BisWeighted>
      <QtyInPackage>1</QtyInPackage>
      <ItemPrice>5.40</ItemPrice>
      <UnitOfMeasurePrice>5.40</UnitOfMeasurePrice>
      <AllowDiscount>1</AllowDiscount>
      <itemStatus>1</itemStatus>
      <LastUpdateDate />
      <LastUpdateTime />
    </Product>
    <Product>
      <PriceUpdateDate>2014/12/08 15:26</PriceUpdateDate>
      <ItemCode>7290008775311</ItemCode>
      <ItemType>1</ItemType>
      <ItemName>רוטב וינגרט 290 מ"ל</ItemName>
      <ManufactureName>קבוצת אוסם סחר-שות.מוגבלת</ManufactureName>
      <ManufactureCountry />
      <ManufactureItemDescription />
      <UnitQty>י"ח</UnitQty>
      <Quantity>375</Quantity>
      <UnitMeasure>ל  גרם</UnitMeasure>
      <BisWeighted>0</BisWeighted>
      <QtyInPackage>1</QtyInPackage>
      <ItemPrice>10.90</ItemPrice>
      <UnitOfMeasurePrice>2.91</UnitOfMeasurePrice>
      <AllowDiscount>1</AllowDiscount>
      <itemStatus>1</itemStatus>
      <LastUpdateDate />
      <LastUpdateTime />
    </Product>
    <Product>
      <PriceUpdateDate>2014/06/30 16:02</PriceUpdateDate>
      <ItemCode>7290008775755</ItemCode>
      <ItemType>1</ItemType>
      <ItemName>רוטב חרדל ודבש לסלט 290מ"ל</ItemName>
      <ManufactureName>קבוצת אוסם סחר-שות.מוגבלת</ManufactureName>
      <ManufactureCountry />
      <ManufactureItemDescription />
      <UnitQty>י"ח</UnitQty>
      <Quantity>290</Quantity>
      <UnitMeasure>ל  מ"ל</UnitMeasure>
      <BisWeighted>0</BisWeighted>
      <QtyInPackage>1</QtyInPackage>
      <ItemPrice>12</ItemPrice>
      <UnitOfMeasurePrice>4.14</UnitOfMeasurePrice>
      <AllowDiscount>1</AllowDiscount>
      <itemStatus>1</itemStatus>
      <LastUpdateDate />
      <LastUpdateTime />
    </Product>
    <Product>
      <PriceUpdateDate>2016/09/28 18:02</PriceUpdateDate>
      <ItemCode>7290008775892</ItemCode>
      <ItemType>1</ItemType>
      <ItemName>פרפקטו ספגטי</ItemName>
      <ManufactureName>קבוצת אוסם סחר-שות.מוגבלת</ManufactureName>
      <ManufactureCountry />
      <ManufactureItemDescription />
      <UnitQty>י"ח</UnitQty>
      <Quantity>500</Quantity>
      <UnitMeasure>ל  גרם</UnitMeasure>
      <BisWeighted>0</BisWeighted>
      <QtyInPackage>1</QtyInPackage>
      <ItemPrice>6.90</ItemPrice>
      <UnitOfMeasurePrice>1.38</UnitOfMeasurePrice>
      <AllowDiscount>1</AllowDiscount>
      <itemStatus>1</itemStatus>
      <LastUpdateDate />
      <LastUpdateTime />
    </Product>
    <Product>
      <PriceUpdateDate>2018/12/05 10:42</PriceUpdateDate>
      <ItemCode>7290008792226</ItemCode>
      <ItemType>1</ItemType>
      <ItemName>נייר טואלט 32גלילים טאצ</ItemName>
      <ManufactureName>שניב תעשיות נייר בעמ</ManufactureName>
      <ManufactureCountry />
      <ManufactureItemDescription />
      <UnitQty>י"ח</UnitQty>
      <Quantity>1969</Quantity>
      <UnitMeasure>ל  גרם</UnitMeasure>
      <BisWeighted>0</BisWeighted>
      <QtyInPackage>1</QtyInPackage>
      <ItemPrice>26.90</ItemPrice>
      <UnitOfMeasurePrice>1.37</UnitOfMeasurePrice>
      <AllowDiscount>1</AllowDiscount>
      <itemStatus>1</itemStatus>
      <LastUpdateDate />
      <LastUpdateTime />
    </Product>
    <Product>
      <PriceUpdateDate>2019/09/24 14:31</PriceUpdateDate>
      <ItemCode>8792264</ItemCode>
      <ItemType>0</ItemType>
      <ItemName>מפיות  טאצ `100יח`צבעוני</ItemName>
      <ManufactureName>שניב תעשיות נייר בעמ</ManufactureName>
      <ManufactureCountry />
      <ManufactureItemDescription />
      <UnitQty>י"ח</UnitQty>
      <Quantity>100</Quantity>
      <UnitMeasure>י"ח</UnitMeasure>
      <BisWeighted>0</BisWeighted>
      <QtyInPackage>1</QtyInPackage>
      <ItemPrice>4.90</ItemPrice>
      <UnitOfMeasurePrice>0.05</UnitOfMeasurePrice>
      <AllowDiscount>1</AllowDiscount>
      <itemStatus>1</itemStatus>
      <LastUpdateDate />
      <LastUpdateTime />
    </Product>
    <Product>
      <PriceUpdateDate>2019/05/17 08:57</PriceUpdateDate>
      <ItemCode>8801089</ItemCode>
      <ItemType>0</ItemType>
      <ItemName>קברנה סוביניון PC 375מ"ל</ItemName>
      <ManufactureName>אגודת הכורמים -כרמל מזרחי</ManufactureName>
      <ManufactureCountry />
      <ManufactureItemDescription />
      <UnitQty>י"ח</UnitQty>
      <Quantity>375</Quantity>
      <UnitMeasure>ל  מ"ל</UnitMeasure>
      <BisWeighted>0</BisWeighted>
      <QtyInPackage>1</QtyInPackage>
      <ItemPrice>19.90</ItemPrice>
      <UnitOfMeasurePrice>5.23</UnitOfMeasurePrice>
      <AllowDiscount>1</AllowDiscount>
      <itemStatus>1</itemStatus>
      <LastUpdateDate />
      <LastUpdateTime />
    </Product>
    <Product>
      <PriceUpdateDate>2019/06/21 08:04</PriceUpdateDate>
      <ItemCode>8801522</ItemCode>
      <ItemType>0</ItemType>
      <ItemName>K.D קונקורד</ItemName>
      <ManufactureName>אגודת הכורמים -כרמל מזרחי</ManufactureName>
      <ManufactureCountry />
      <ManufactureItemDescription />
      <UnitQty>י"ח</UnitQty>
      <Quantity>750</Quantity>
      <UnitMeasure>ל  מ"ל</UnitMeasure>
      <BisWeighted>0</BisWeighted>
      <QtyInPackage>1</QtyInPackage>
      <ItemPrice>21.90</ItemPrice>
      <UnitOfMeasurePrice>2.88</UnitOfMeasurePrice>
      <AllowDiscount>1</AllowDiscount>
      <itemStatus>1</itemStatus>
      <LastUpdateDate />
      <LastUpdateTime />
    </Product>
    <Product>
      <PriceUpdateDate>2019/06/21 08:04</PriceUpdateDate>
      <ItemCode>8801539</ItemCode>
      <ItemType>0</ItemType>
      <ItemName>K.D כרמל 120.</ItemName>
      <ManufactureName>אגודת הכורמים -כרמל מזרחי</ManufactureName>
      <ManufactureCountry />
      <ManufactureItemDescription />
      <UnitQty>י"ח</UnitQty>
      <Quantity>750</Quantity>
      <UnitMeasure>ל  מ"ל</UnitMeasure>
      <BisWeighted>0</BisWeighted>
      <QtyInPackage>1</QtyInPackage>
      <ItemPrice>21.90</ItemPrice>
      <UnitOfMeasurePrice>2.88</UnitOfMeasurePrice>
      <AllowDiscount>1</AllowDiscount>
      <itemStatus>1</itemStatus>
      <LastUpdateDate />
      <LastUpdateTime />
    </Product>
    <Product>
      <PriceUpdateDate>2019/06/21 08:04</PriceUpdateDate>
      <ItemCode>8801546</ItemCode>
      <ItemType>0</ItemType>
      <ItemName>K.D מוסקט כרמל 0.75 ל</ItemName>
      <ManufactureName>אגודת הכורמים -כרמל מזרחי</ManufactureName>
      <ManufactureCountry />
      <ManufactureItemDescription />
      <UnitQty>י"ח</UnitQty>
      <Quantity>750</Quantity>
      <UnitMeasure>ל  מ"ל</UnitMeasure>
      <BisWeighted>0</BisWeighted>
      <QtyInPackage>1</QtyInPackage>
      <ItemPrice>21.90</ItemPrice>
      <UnitOfMeasurePrice>2.88</UnitOfMeasurePrice>
      <AllowDiscount>1</AllowDiscount>
      <itemStatus>1</itemStatus>
      <LastUpdateDate />
      <LastUpdateTime />
    </Product>
    <Product>
      <PriceUpdateDate>2014/10/14 14:38</PriceUpdateDate>
      <ItemCode>8801843</ItemCode>
      <ItemType>0</ItemType>
      <ItemName>סלקטד קברנה  סובניון 0.75</ItemName>
      <ManufactureName>אגודת הכורמים -כרמל מזרחי</ManufactureName>
      <ManufactureCountry />
      <ManufactureItemDescription />
      <UnitQty>י"ח</UnitQty>
      <Quantity>750</Quantity>
      <UnitMeasure>ל  מ"ל</UnitMeasure>
      <BisWeighted>0</BisWeighted>
      <QtyInPackage>1</QtyInPackage>
      <ItemPrice>27</ItemPrice>
      <UnitOfMeasurePrice>3.56</UnitOfMeasurePrice>
      <AllowDiscount>1</AllowDiscount>
      <itemStatus>1</itemStatus>
      <LastUpdateDate />
      <LastUpdateTime />
    </Product>
    <Product>
      <PriceUpdateDate>2014/10/14 14:38</PriceUpdateDate>
      <ItemCode>8801850</ItemCode>
      <ItemType>0</ItemType>
      <ItemName>סלקטד ריזלינג 0.75 ל</ItemName>
      <ManufactureName>אגודת הכורמים -כרמל מזרחי</ManufactureName>
      <ManufactureCountry />
      <ManufactureItemDescription />
      <UnitQty>י"ח</UnitQty>
      <Quantity>750</Quantity>
      <UnitMeasure>ל  מ"ל</UnitMeasure>
      <BisWeighted>0</BisWeighted>
      <QtyInPackage>1</QtyInPackage>
      <ItemPrice>27</ItemPrice>
      <UnitOfMeasurePrice>3.56</UnitOfMeasurePrice>
      <AllowDiscount>1</AllowDiscount>
      <itemStatus>1</itemStatus>
      <LastUpdateDate />
      <LastUpdateTime />
    </Product>
    <Product>
      <PriceUpdateDate>2017/05/09 10:50</PriceUpdateDate>
      <ItemCode>8802291</ItemCode>
      <ItemType>0</ItemType>
      <ItemName>PC מרלו פ.קולקשיין 750מ"ל</ItemName>
      <ManufactureName>אגודת הכורמים -כרמל מזרחי</ManufactureName>
      <ManufactureCountry />
      <ManufactureItemDescription />
      <UnitQty>י"ח</UnitQty>
      <Quantity>750</Quantity>
      <UnitMeasure>ל  מ"ל</UnitMeasure>
      <BisWeighted>0</BisWeighted>
      <QtyInPackage>1</QtyInPackage>
      <ItemPrice>36.90</ItemPrice>
      <UnitOfMeasurePrice>4.88</UnitOfMeasurePrice>
      <AllowDiscount>1</AllowDiscount>
      <itemStatus>1</itemStatus>
      <LastUpdateDate />
      <LastUpdateTime />
    </Product>
    <Product>
      <PriceUpdateDate>2017/05/09 10:50</PriceUpdateDate>
      <ItemCode>8802895</ItemCode>
      <ItemType>0</ItemType>
      <ItemName>PC קברנה סובניון 0.75 ל</ItemName>
      <ManufactureName>אגודת הכורמים -כרמל מזרחי</ManufactureName>
      <ManufactureCountry />
      <ManufactureItemDescription />
      <UnitQty>י"ח</UnitQty>
      <Quantity>750</Quantity>
      <UnitMeasure>ל  מ"ל</UnitMeasure>
      <BisWeighted>0</BisWeighted>
      <QtyInPackage>1</QtyInPackage>
      <ItemPrice>36.90</ItemPrice>
      <UnitOfMeasurePrice>4.88</UnitOfMeasurePrice>
      <AllowDiscount>1</AllowDiscount>
      <itemStatus>1</itemStatus>
      <LastUpdateDate />
      <LastUpdateTime />
    </Product>
    <Product>
      <PriceUpdateDate>2014/10/06 17:26</PriceUpdateDate>
      <ItemCode>8803014</ItemCode>
      <ItemType>0</ItemType>
      <ItemName>כרמל הוק 750 מ"ל</ItemName>
      <ManufactureName>אגודת הכורמים -כרמל מזרחי</ManufactureName>
      <ManufactureCountry />
      <ManufactureItemDescription />
      <UnitQty>י"ח</UnitQty>
      <Quantity>750</Quantity>
      <UnitMeasure>ל  מ"ל</UnitMeasure>
      <BisWeighted>0</BisWeighted>
      <QtyInPackage>1</QtyInPackage>
      <ItemPrice>21.90</ItemPrice>
      <UnitOfMeasurePrice>2.88</UnitOfMeasurePrice>
      <AllowDiscount>1</AllowDiscount>
      <itemStatus>1</itemStatus>
      <LastUpdateDate />
      <LastUpdateTime />
    </Product>
    <Product>
      <PriceUpdateDate>2018/07/15 15:22</PriceUpdateDate>
      <ItemCode>8803021</ItemCode>
      <ItemType>0</ItemType>
      <ItemName>יין אדום עתיק 750</ItemName>
      <ManufactureName>אגודת הכורמים -כרמל מזרחי</ManufactureName>
      <ManufactureCountry />
      <ManufactureItemDescription />
      <UnitQty>י"ח</UnitQty>
      <Quantity>750</Quantity>
      <UnitMeasure>ל  מ"ל</UnitMeasure>
      <BisWeighted>0</BisWeighted>
      <QtyInPackage>1</QtyInPackage>
      <ItemPrice>23.90</ItemPrice>
      <UnitOfMeasurePrice>3.15</UnitOfMeasurePrice>
      <AllowDiscount>1</AllowDiscount>
      <itemStatus>1</itemStatus>
      <LastUpdateDate />
      <LastUpdateTime />
    </Product>
    <Product>
      <PriceUpdateDate>2017/10/16 12:49</PriceUpdateDate>
      <ItemCode>8803090</ItemCode>
      <ItemType>0</ItemType>
      <ItemName>הסדרה האזורית מרלו 750מייל</ItemName>
      <ManufactureName>אגודת הכורמים -כרמל מזרחי</ManufactureName>
      <ManufactureCountry />
      <ManufactureItemDescription />
      <UnitQty>י"ח</UnitQty>
      <Quantity>750</Quantity>
      <UnitMeasure>ל  מ"ל</UnitMeasure>
      <BisWeighted>0</BisWeighted>
      <QtyInPackage>1</QtyInPackage>
      <ItemPrice>59.90</ItemPrice>
      <UnitOfMeasurePrice>7.95</UnitOfMeasurePrice>
      <AllowDiscount>1</AllowDiscount>
      <itemStatus>1</itemStatus>
      <LastUpdateDate />
      <LastUpdateTime />
    </Product>
    <Product>
      <PriceUpdateDate>2017/10/16 12:49</PriceUpdateDate>
      <ItemCode>8804189</ItemCode>
      <ItemType>0</ItemType>
      <ItemName>הסדרה אזורית  קברנה סובניון 750מ"ל</ItemName>
      <ManufactureName>אגודת הכורמים -כרמל מזרחי</ManufactureName>
      <ManufactureCountry />
      <ManufactureItemDescription />
      <UnitQty>י"ח</UnitQty>
      <Quantity>750</Quantity>
      <UnitMeasure>ל  מ"ל</UnitMeasure>
      <BisWeighted>0</BisWeighted>
      <QtyInPackage>1</QtyInPackage>
      <ItemPrice>59.90</ItemPrice>
      <UnitOfMeasurePrice>7.95</UnitOfMeasurePrice>
      <AllowDiscount>1</AllowDiscount>
      <itemStatus>1</itemStatus>
      <LastUpdateDate />
      <LastUpdateTime />
    </Product>
    <Product>
      <PriceUpdateDate>2014/10/14 14:38</PriceUpdateDate>
      <ItemCode>8804271</ItemCode>
      <ItemType>0</ItemType>
      <ItemName>יין אדום יבש SELECTED0</ItemName>
      <ManufactureName>אגודת הכורמים -כרמל מזרחי</ManufactureName>
      <ManufactureCountry />
      <ManufactureItemDescription />
      <UnitQty>י"ח</UnitQty>
      <Quantity>750</Quantity>
      <UnitMeasure>ל  מ"ל</UnitMeasure>
      <BisWeighted>0</BisWeighted>
      <QtyInPackage>1</QtyInPackage>
      <ItemPrice>27</ItemPrice>
      <UnitOfMeasurePrice>3.56</UnitOfMeasurePrice>
      <AllowDiscount>1</AllowDiscount>
      <itemStatus>1</itemStatus>
      <LastUpdateDate />
      <LastUpdateTime />
    </Product>
    <Product>
      <PriceUpdateDate>2017/05/09 10:50</PriceUpdateDate>
      <ItemCode>8804332</ItemCode>
      <ItemType>0</ItemType>
      <ItemName>PC  שיראז 750מ"ל</ItemName>
      <ManufactureName>אגודת הכורמים -כרמל מזרחי</ManufactureName>
      <ManufactureCountry />
      <ManufactureItemDescription />
      <UnitQty>י"ח</UnitQty>
      <Quantity>750</Quantity>
      <UnitMeasure>ל  מ"ל</UnitMeasure>
      <BisWeighted>0</BisWeighted>
      <QtyInPackage>1</QtyInPackage>
      <ItemPrice>36.90</ItemPrice>
      <UnitOfMeasurePrice>4.88</UnitOfMeasurePrice>
      <AllowDiscount>1</AllowDiscount>
      <itemStatus>1</itemStatus>
      <LastUpdateDate />
      <LastUpdateTime />
    </Product>
    <Product>
      <PriceUpdateDate>2017/03/15 12:02</PriceUpdateDate>
      <ItemCode>8804455</ItemCode>
      <ItemType>0</ItemType>
      <ItemName>יין רוזה חצי יבש 750מ"ל אזורית</ItemName>
      <ManufactureName>אגודת הכורמים -כרמל מזרחי</ManufactureName>
      <ManufactureCountry />
      <ManufactureItemDescription />
      <UnitQty>י"ח</UnitQty>
      <Quantity>750</Quantity>
      <UnitMeasure>ל  מ"ל</UnitMeasure>
      <BisWeighted>0</BisWeighted>
      <QtyInPackage>1</QtyInPackage>
      <ItemPrice>59.90</ItemPrice>
      <UnitOfMeasurePrice>7.95</UnitOfMeasurePrice>
      <AllowDiscount>1</AllowDiscount>
      <itemStatus>1</itemStatus>
      <LastUpdateDate />
      <LastUpdateTime />
    </Product>
    <Product>
      <PriceUpdateDate>2017/05/08 14:15</PriceUpdateDate>
      <ItemCode>8804462</ItemCode>
      <ItemType>0</ItemType>
      <ItemName>PC מוסקט קינוח</ItemName>
      <ManufactureName>אגודת הכורמים -כרמל מזרחי</ManufactureName>
      <ManufactureCountry />
      <ManufactureItemDescription />
      <UnitQty>י"ח</UnitQty>
      <Quantity>500</Quantity>
      <UnitMeasure>ל  מ"ל</UnitMeasure>
      <BisWeighted>0</BisWeighted>
      <QtyInPackage>1</QtyInPackage>
      <ItemPrice>36.90</ItemPrice>
      <UnitOfMeasurePrice>7.32</UnitOfMeasurePrice>
      <AllowDiscount>1</AllowDiscount>
      <itemStatus>1</itemStatus>
      <LastUpdateDate />
      <LastUpdateTime />
    </Product>
    <Product>
      <PriceUpdateDate>2017/03/15 10:14</PriceUpdateDate>
      <ItemCode>8804745</ItemCode>
      <ItemType>0</ItemType>
      <ItemName>הסדרה האזורית גוורצטרמינר לבן חצי יבש</ItemName>
      <ManufactureName>אגודת הכורמים -כרמל מזרחי</ManufactureName>
      <ManufactureCountry />
      <ManufactureItemDescription />
      <UnitQty>י"ח</UnitQty>
      <Quantity>750</Quantity>
      <UnitMeasure>ל  מ"ל</UnitMeasure>
      <BisWeighted>0</BisWeighted>
      <QtyInPackage>1</QtyInPackage>
      <ItemPrice>59.90</ItemPrice>
      <UnitOfMeasurePrice>7.95</UnitOfMeasurePrice>
      <AllowDiscount>1</AllowDiscount>
      <itemStatus>1</itemStatus>
      <LastUpdateDate />
      <LastUpdateTime />
    </Product>
    <Product>
      <PriceUpdateDate>2017/05/09 10:50</PriceUpdateDate>
      <ItemCode>8804752</ItemCode>
      <ItemType>0</ItemType>
      <ItemName>יין ברוט לבן יבש 750מ"ל</ItemName>
      <ManufactureName>אגודת הכורמים -כרמל מזרחי</ManufactureName>
      <ManufactureCountry />
      <ManufactureItemDescription />
      <UnitQty>י"ח</UnitQty>
      <Quantity>750</Quantity>
      <UnitMeasure>ל  מ"ל</UnitMeasure>
      <BisWeighted>0</BisWeighted>
      <QtyInPackage>1</QtyInPackage>
      <ItemPrice>36.90</ItemPrice>
      <UnitOfMeasurePrice>4.88</UnitOfMeasurePrice>
      <AllowDiscount>1</AllowDiscount>
      <itemStatus>1</itemStatus>
      <LastUpdateDate />
      <LastUpdateTime />
    </Product>
    <Product>
      <PriceUpdateDate>2015/03/26 08:44</PriceUpdateDate>
      <ItemCode>8804769</ItemCode>
      <ItemType>0</ItemType>
      <ItemName>סלקטד קברנה/מרלו/שירז  750מ"ל</ItemName>
      <ManufactureName>אגודת הכורמים -כרמל מזרחי</ManufactureName>
      <ManufactureCountry />
      <ManufactureItemDescription />
      <UnitQty>י"ח</UnitQty>
      <Quantity>750</Quantity>
      <UnitMeasure>ל  מ"ל</UnitMeasure>
      <BisWeighted>0</BisWeighted>
      <QtyInPackage>1</QtyInPackage>
      <ItemPrice>27</ItemPrice>
      <UnitOfMeasurePrice>3.56</UnitOfMeasurePrice>
      <AllowDiscount>1</AllowDiscount>
      <itemStatus>1</itemStatus>
      <LastUpdateDate />
      <LastUpdateTime />
    </Product>
    <Product>
      <PriceUpdateDate>2014/10/14 14:38</PriceUpdateDate>
      <ItemCode>8805049</ItemCode>
      <ItemType>0</ItemType>
      <ItemName>סלקטד רוזה  0.75 ל</ItemName>
      <ManufactureName>אגודת הכורמים -כרמל מזרחי</ManufactureName>
      <ManufactureCountry />
      <ManufactureItemDescription />
      <UnitQty>י"ח</UnitQty>
      <Quantity>750</Quantity>
      <UnitMeasure>ל  מ"ל</UnitMeasure>
      <BisWeighted>0</BisWeighted>
      <QtyInPackage>1</QtyInPackage>
      <ItemPrice>27</ItemPrice>
      <UnitOfMeasurePrice>3.56</UnitOfMeasurePrice>
      <AllowDiscount>1</AllowDiscount>
      <itemStatus>1</itemStatus>
      <LastUpdateDate />
      <LastUpdateTime />
    </Product>
    <Product>
      <PriceUpdateDate>2014/10/14 14:38</PriceUpdateDate>
      <ItemCode>8805384</ItemCode>
      <ItemType>0</ItemType>
      <ItemName>.יין מוסקטו   סלקטד 750מ"ל</ItemName>
      <ManufactureName>אגודת הכורמים -כרמל מזרחי</ManufactureName>
      <ManufactureCountry />
      <ManufactureItemDescription />
      <UnitQty>י"ח</UnitQty>
      <Quantity>750</Quantity>
      <UnitMeasure>ל  מ"ל</UnitMeasure>
      <BisWeighted>0</BisWeighted>
      <QtyInPackage>1</QtyInPackage>
      <ItemPrice>27</ItemPrice>
      <UnitOfMeasurePrice>3.56</UnitOfMeasurePrice>
      <AllowDiscount>1</AllowDiscount>
      <itemStatus>1</itemStatus>
      <LastUpdateDate />
      <LastUpdateTime />
    </Product>
    <Product>
      <PriceUpdateDate>2015/03/26 08:44</PriceUpdateDate>
      <ItemCode>8805520</ItemCode>
      <ItemType>0</ItemType>
      <ItemName>סלקטד קברנה מרלו  0.75 ל</ItemName>
      <ManufactureName>אגודת הכורמים -כרמל מזרחי</ManufactureName>
      <ManufactureCountry />
      <ManufactureItemDescription />
      <UnitQty>י"ח</UnitQty>
      <Quantity>750</Quantity>
      <UnitMeasure>ל  מ"ל</UnitMeasure>
      <BisWeighted>0</BisWeighted>
      <QtyInPackage>1</QtyInPackage>
      <ItemPrice>27</ItemPrice>
      <UnitOfMeasurePrice>3.56</UnitOfMeasurePrice>
      <AllowDiscount>1</AllowDiscount>
      <itemStatus>1</itemStatus>
      <LastUpdateDate />
      <LastUpdateTime />
    </Product>
    <Product>
      <PriceUpdateDate>2017/10/16 12:49</PriceUpdateDate>
      <ItemCode>8805964</ItemCode>
      <ItemType>0</ItemType>
      <ItemName>הסדרה האזורית קברנה שיראז 750 מייל</ItemName>
      <ManufactureName>אגודת הכורמים -כרמל מזרחי</ManufactureName>
      <ManufactureCountry />
      <ManufactureItemDescription />
      <UnitQty>י"ח</UnitQty>
      <Quantity>750</Quantity>
      <UnitMeasure>ל  מ"ל</UnitMeasure>
      <BisWeighted>0</BisWeighted>
      <QtyInPackage>1</QtyInPackage>
      <ItemPrice>59.90</ItemPrice>
      <UnitOfMeasurePrice>7.95</UnitOfMeasurePrice>
      <AllowDiscount>1</AllowDiscount>
      <itemStatus>1</itemStatus>
      <LastUpdateDate />
      <LastUpdateTime />
    </Product>
    <Product>
      <PriceUpdateDate>2020/03/26 14:13</PriceUpdateDate>
      <ItemCode>8835992</ItemCode>
      <ItemType>0</ItemType>
      <ItemName>פילה נסיכת הנילוס פרוס</ItemName>
      <ManufactureName>בלדי בעמ</ManufactureName>
      <ManufactureCountry />
      <ManufactureItemDescription />
      <UnitQty>ק"ג</UnitQty>
      <Quantity>1</Quantity>
      <UnitMeasure>ק"ג</UnitMeasure>
      <BisWeighted>1</BisWeighted>
      <QtyInPackage>1</QtyInPackage>
      <ItemPrice>59.90</ItemPrice>
      <UnitOfMeasurePrice>59.90</UnitOfMeasurePrice>
      <AllowDiscount>1</AllowDiscount>
      <itemStatus>1</itemStatus>
      <LastUpdateDate />
      <LastUpdateTime />
    </Product>
    <Product>
      <PriceUpdateDate>2015/02/01 10:38</PriceUpdateDate>
      <ItemCode>8836005</ItemCode>
      <ItemType>0</ItemType>
      <ItemName>יין קריניאן אדום יבש</ItemName>
      <ManufactureName>יקבי טפרברג 1870 בעמ</ManufactureName>
      <ManufactureCountry />
      <ManufactureItemDescription />
      <UnitQty>י"ח</UnitQty>
      <Quantity>750</Quantity>
      <UnitMeasure>ל  מ"ל</UnitMeasure>
      <BisWeighted>0</BisWeighted>
      <QtyInPackage>1</QtyInPackage>
      <ItemPrice>18.90</ItemPrice>
      <UnitOfMeasurePrice>2.48</UnitOfMeasurePrice>
      <AllowDiscount>1</AllowDiscount>
      <itemStatus>1</itemStatus>
      <LastUpdateDate />
      <LastUpdateTime />
    </Product>
    <Product>
      <PriceUpdateDate>2013/12/18 20:35</PriceUpdateDate>
      <ItemCode>8836036</ItemCode>
      <ItemType>0</ItemType>
      <ItemName>יין גראנש 1 ליטר</ItemName>
      <ManufactureName>יקבי טפרברג 1870 בעמ</ManufactureName>
      <ManufactureCountry />
      <ManufactureItemDescription />
      <UnitQty>י"ח</UnitQty>
      <Quantity>750</Quantity>
      <UnitMeasure>ל  מ"ל</UnitMeasure>
      <BisWeighted>0</BisWeighted>
      <QtyInPackage>1</QtyInPackage>
      <ItemPrice>21</ItemPrice>
      <UnitOfMeasurePrice>2.76</UnitOfMeasurePrice>
      <AllowDiscount>1</AllowDiscount>
      <itemStatus>1</itemStatus>
      <LastUpdateDate />
      <LastUpdateTime />
    </Product>
    <Product>
      <PriceUpdateDate>2015/02/01 10:38</PriceUpdateDate>
      <ItemCode>8836043</ItemCode>
      <ItemType>0</ItemType>
      <ItemName>יין סימיון 1 ליטר</ItemName>
      <ManufactureName>יקבי טפרברג 1870 בעמ</ManufactureName>
      <ManufactureCountry />
      <ManufactureItemDescription />
      <UnitQty>י"ח</UnitQty>
      <Quantity>1</Quantity>
      <UnitMeasure>ליטר</UnitMeasure>
      <BisWeighted>0</BisWeighted>
      <QtyInPackage>1</QtyInPackage>
      <ItemPrice>18.90</ItemPrice>
      <UnitOfMeasurePrice>18.90</UnitOfMeasurePrice>
      <AllowDiscount>1</AllowDiscount>
      <itemStatus>1</itemStatus>
      <LastUpdateDate />
      <LastUpdateTime />
    </Product>
    <Product>
      <PriceUpdateDate>2015/06/28 10:17</PriceUpdateDate>
      <ItemCode>8836265</ItemCode>
      <ItemType>0</ItemType>
      <ItemName>מוסקט אלכסנדרוני}נינווה{</ItemName>
      <ManufactureName>יקבי טפרברג 1870 בעמ</ManufactureName>
      <ManufactureCountry />
      <ManufactureItemDescription />
      <UnitQty>י"ח</UnitQty>
      <Quantity>750</Quantity>
      <UnitMeasure>ל  מ"ל</UnitMeasure>
      <BisWeighted>0</BisWeighted>
      <QtyInPackage>1</QtyInPackage>
      <ItemPrice>22.90</ItemPrice>
      <UnitOfMeasurePrice>3.01</UnitOfMeasurePrice>
      <AllowDiscount>1</AllowDiscount>
      <itemStatus>1</itemStatus>
      <LastUpdateDate />
      <LastUpdateTime />
    </Product>
    <Product>
      <PriceUpdateDate>2015/06/28 10:17</PriceUpdateDate>
      <ItemCode>8836272</ItemCode>
      <ItemType>0</ItemType>
      <ItemName>מוסקט המבורגרי}נינווה{</ItemName>
      <ManufactureName>יקבי טפרברג 1870 בעמ</ManufactureName>
      <ManufactureCountry />
      <ManufactureItemDescription />
      <UnitQty>י"ח</UnitQty>
      <Quantity>750</Quantity>
      <UnitMeasure>ל  מ"ל</UnitMeasure>
      <BisWeighted>0</BisWeighted>
      <QtyInPackage>1</QtyInPackage>
      <ItemPrice>22.90</ItemPrice>
      <UnitOfMeasurePrice>3.01</UnitOfMeasurePrice>
      <AllowDiscount>1</AllowDiscount>
      <itemStatus>1</itemStatus>
      <LastUpdateDate />
      <LastUpdateTime />
    </Product>
    <Product>
      <PriceUpdateDate>2015/06/28 10:17</PriceUpdateDate>
      <ItemCode>8836401</ItemCode>
      <ItemType>0</ItemType>
      <ItemName>יין ישן נושן 1 ליטר</ItemName>
      <ManufactureName>יקבי טפרברג 1870 בעמ</ManufactureName>
      <ManufactureCountry />
      <ManufactureItemDescription />
      <UnitQty>י"ח</UnitQty>
      <Quantity>1</Quantity>
      <UnitMeasure>ליטר</UnitMeasure>
      <BisWeighted>0</BisWeighted>
      <QtyInPackage>1</QtyInPackage>
      <ItemPrice>19.90</ItemPrice>
      <UnitOfMeasurePrice>19.90</UnitOfMeasurePrice>
      <AllowDiscount>1</AllowDiscount>
      <itemStatus>1</itemStatus>
      <LastUpdateDate />
      <LastUpdateTime />
    </Product>
    <Product>
      <PriceUpdateDate>2015/06/28 10:17</PriceUpdateDate>
      <ItemCode>8836425</ItemCode>
      <ItemType>0</ItemType>
      <ItemName>יין אפרת קל</ItemName>
      <ManufactureName>יקבי טפרברג 1870 בעמ</ManufactureName>
      <ManufactureCountry />
      <ManufactureItemDescription />
      <UnitQty>י"ח</UnitQty>
      <Quantity>1</Quantity>
      <UnitMeasure>ליטר</UnitMeasure>
      <BisWeighted>0</BisWeighted>
      <QtyInPackage>1</QtyInPackage>
      <ItemPrice>19.90</ItemPrice>
      <UnitOfMeasurePrice>19.90</UnitOfMeasurePrice>
      <AllowDiscount>1</AllowDiscount>
      <itemStatus>1</itemStatus>
      <LastUpdateDate />
      <LastUpdateTime />
    </Product>
    <Product>
      <PriceUpdateDate>2018/03/06 09:39</PriceUpdateDate>
      <ItemCode>7290008849562</ItemCode>
      <ItemType>1</ItemType>
      <ItemName>רוטב עוף חריף</ItemName>
      <ManufactureName>גורי מוצרי צריכה בעמ</ManufactureName>
      <ManufactureCountry />
      <ManufactureItemDescription />
      <UnitQty>י"ח</UnitQty>
      <Quantity>310</Quantity>
      <UnitMeasure>ל  גרם</UnitMeasure>
      <BisWeighted>0</BisWeighted>
      <QtyInPackage>1</QtyInPackage>
      <ItemPrice>13.90</ItemPrice>
      <UnitOfMeasurePrice>4.48</UnitOfMeasurePrice>
      <AllowDiscount>1</AllowDiscount>
      <itemStatus>1</itemStatus>
      <LastUpdateDate />
      <LastUpdateTime />
    </Product>
    <Product>
      <PriceUpdateDate>2018/01/11 09:34</PriceUpdateDate>
      <ItemCode>7290008849579</ItemCode>
      <ItemType>1</ItemType>
      <ItemName>רוטב לבשל כנפיים</ItemName>
      <ManufactureName>גורי מוצרי צריכה בעמ</ManufactureName>
      <ManufactureCountry />
      <ManufactureItemDescription />
      <UnitQty>י"ח</UnitQty>
      <Quantity>320</Quantity>
      <UnitMeasure>ל  גרם</UnitMeasure>
      <BisWeighted>0</BisWeighted>
      <QtyInPackage>1</QtyInPackage>
      <ItemPrice>13.90</ItemPrice>
      <UnitOfMeasurePrice>4.34</UnitOfMeasurePrice>
      <AllowDiscount>1</AllowDiscount>
      <itemStatus>1</itemStatus>
      <LastUpdateDate />
      <LastUpdateTime />
    </Product>
    <Product>
      <PriceUpdateDate>2018/01/11 09:34</PriceUpdateDate>
      <ItemCode>7290008849586</ItemCode>
      <ItemType>1</ItemType>
      <ItemName>רוטב ריבת בצל</ItemName>
      <ManufactureName>גורי מוצרי צריכה בעמ</ManufactureName>
      <ManufactureCountry />
      <ManufactureItemDescription />
      <UnitQty>י"ח</UnitQty>
      <Quantity>310</Quantity>
      <UnitMeasure>ל  גרם</UnitMeasure>
      <BisWeighted>0</BisWeighted>
      <QtyInPackage>1</QtyInPackage>
      <ItemPrice>13.90</ItemPrice>
      <UnitOfMeasurePrice>4.48</UnitOfMeasurePrice>
      <AllowDiscount>1</AllowDiscount>
      <itemStatus>1</itemStatus>
      <LastUpdateDate />
      <LastUpdateTime />
    </Product>
    <Product>
      <PriceUpdateDate>2018/01/11 09:34</PriceUpdateDate>
      <ItemCode>7290008849609</ItemCode>
      <ItemType>1</ItemType>
      <ItemName>רוטב כרעיים עוף</ItemName>
      <ManufactureName>גורי מוצרי צריכה בעמ</ManufactureName>
      <ManufactureCountry />
      <ManufactureItemDescription />
      <UnitQty>י"ח</UnitQty>
      <Quantity>275</Quantity>
      <UnitMeasure>ל  מ"ל</UnitMeasure>
      <BisWeighted>0</BisWeighted>
      <QtyInPackage>1</QtyInPackage>
      <ItemPrice>13.90</ItemPrice>
      <UnitOfMeasurePrice>5.05</UnitOfMeasurePrice>
      <AllowDiscount>1</AllowDiscount>
      <itemStatus>1</itemStatus>
      <LastUpdateDate />
      <LastUpdateTime />
    </Product>
    <Product>
      <PriceUpdateDate>2014/01/29 10:36</PriceUpdateDate>
      <ItemCode>7290008909150</ItemCode>
      <ItemType>1</ItemType>
      <ItemName>פריגת 1.5 ליטר צלול</ItemName>
      <ManufactureName>חברה המרכזית להפצת משקאות בעמ</ManufactureName>
      <ManufactureCountry />
      <ManufactureItemDescription />
      <UnitQty>י"ח</UnitQty>
      <Quantity>150</Quantity>
      <UnitMeasure>ל  מ"ל</UnitMeasure>
      <BisWeighted>0</BisWeighted>
      <QtyInPackage>1</QtyInPackage>
      <ItemPrice>6.90</ItemPrice>
      <UnitOfMeasurePrice>4.60</UnitOfMeasurePrice>
      <AllowDiscount>1</AllowDiscount>
      <itemStatus>1</itemStatus>
      <LastUpdateDate />
      <LastUpdateTime />
    </Product>
    <Product>
      <PriceUpdateDate>2014/01/29 10:36</PriceUpdateDate>
      <ItemCode>7290008909167</ItemCode>
      <ItemType>1</ItemType>
      <ItemName>פריגת 1.5 ליטר ענבים</ItemName>
      <ManufactureName>חברה המרכזית להפצת משקאות בעמ</ManufactureName>
      <ManufactureCountry />
      <ManufactureItemDescription />
      <UnitQty>י"ח</UnitQty>
      <Quantity>1.50</Quantity>
      <UnitMeasure>ליטר</UnitMeasure>
      <BisWeighted>0</BisWeighted>
      <QtyInPackage>1</QtyInPackage>
      <ItemPrice>6.90</ItemPrice>
      <UnitOfMeasurePrice>4.60</UnitOfMeasurePrice>
      <AllowDiscount>1</AllowDiscount>
      <itemStatus>1</itemStatus>
      <LastUpdateDate />
      <LastUpdateTime />
    </Product>
    <Product>
      <PriceUpdateDate>2014/01/29 10:36</PriceUpdateDate>
      <ItemCode>7290008909174</ItemCode>
      <ItemType>1</ItemType>
      <ItemName>פריגת 1.5 ליטר מוסקט</ItemName>
      <ManufactureName>חברה המרכזית להפצת משקאות בעמ</ManufactureName>
      <ManufactureCountry />
      <ManufactureItemDescription />
      <UnitQty>י"ח</UnitQty>
      <Quantity>1.50</Quantity>
      <UnitMeasure>ליטר</UnitMeasure>
      <BisWeighted>0</BisWeighted>
      <QtyInPackage>1</QtyInPackage>
      <ItemPrice>6.90</ItemPrice>
      <UnitOfMeasurePrice>4.60</UnitOfMeasurePrice>
      <AllowDiscount>1</AllowDiscount>
      <itemStatus>1</itemStatus>
      <LastUpdateDate />
      <LastUpdateTime />
    </Product>
    <Product>
      <PriceUpdateDate>2014/01/29 10:36</PriceUpdateDate>
      <ItemCode>7290008909419</ItemCode>
      <ItemType>1</ItemType>
      <ItemName>פריגת 1.5 ליטר צלול</ItemName>
      <ManufactureName>חברה המרכזית להפצת משקאות בעמ</ManufactureName>
      <ManufactureCountry />
      <ManufactureItemDescription />
      <UnitQty>י"ח</UnitQty>
      <Quantity>1.50</Quantity>
      <UnitMeasure>ליטר</UnitMeasure>
      <BisWeighted>0</BisWeighted>
      <QtyInPackage>1</QtyInPackage>
      <ItemPrice>6.90</ItemPrice>
      <UnitOfMeasurePrice>4.60</UnitOfMeasurePrice>
      <AllowDiscount>1</AllowDiscount>
      <itemStatus>1</itemStatus>
      <LastUpdateDate />
      <LastUpdateTime />
    </Product>
    <Product>
      <PriceUpdateDate>2014/01/19 10:40</PriceUpdateDate>
      <ItemCode>7290008909433</ItemCode>
      <ItemType>1</ItemType>
      <ItemName>נסטי מנגו 0.5 ליטר</ItemName>
      <ManufactureName>חברה המרכזית להפצת משקאות בעמ</ManufactureName>
      <ManufactureCountry />
      <ManufactureItemDescription />
      <UnitQty>י"ח</UnitQty>
      <Quantity>500</Quantity>
      <UnitMeasure>ל  מ"ל</UnitMeasure>
      <BisWeighted>0</BisWeighted>
      <QtyInPackage>1</QtyInPackage>
      <ItemPrice>6.30</ItemPrice>
      <UnitOfMeasurePrice>1.20</UnitOfMeasurePrice>
      <AllowDiscount>1</AllowDiscount>
      <itemStatus>1</itemStatus>
      <LastUpdateDate />
      <LastUpdateTime />
    </Product>
    <Product>
      <PriceUpdateDate>2018/03/20 11:08</PriceUpdateDate>
      <ItemCode>7290008909723</ItemCode>
      <ItemType>1</ItemType>
      <ItemName>טובורג רד שישיה מהדורה חדשה</ItemName>
      <ManufactureName>חברה המרכזית להפצת משקאות בעמ</ManufactureName>
      <ManufactureCountry />
      <ManufactureItemDescription />
      <UnitQty>י"ח</UnitQty>
      <Quantity>1.98</Quantity>
      <UnitMeasure>ליטר</UnitMeasure>
      <BisWeighted>0</BisWeighted>
      <QtyInPackage>1</QtyInPackage>
      <ItemPrice>36.70</ItemPrice>
      <UnitOfMeasurePrice>17.63</UnitOfMeasurePrice>
      <AllowDiscount>1</AllowDiscount>
      <itemStatus>1</itemStatus>
      <LastUpdateDate />
      <LastUpdateTime />
    </Product>
    <Product>
      <PriceUpdateDate>2013/12/24 14:35</PriceUpdateDate>
      <ItemCode>7290008945172</ItemCode>
      <ItemType>1</ItemType>
      <ItemName>גלילונית לפח 40 יח</ItemName>
      <ManufactureName>דנשר (1963) בעמ</ManufactureName>
      <ManufactureCountry />
      <ManufactureItemDescription />
      <UnitQty>י"ח</UnitQty>
      <Quantity>40</Quantity>
      <UnitMeasure>י"ח</UnitMeasure>
      <BisWeighted>0</BisWeighted>
      <QtyInPackage>1</QtyInPackage>
      <ItemPrice>16.90</ItemPrice>
      <UnitOfMeasurePrice>0.42</UnitOfMeasurePrice>
      <AllowDiscount>1</AllowDiscount>
      <itemStatus>1</itemStatus>
      <LastUpdateDate />
      <LastUpdateTime />
    </Product>
    <Product>
      <PriceUpdateDate>2015/04/29 10:48</PriceUpdateDate>
      <ItemCode>7290008945202</ItemCode>
      <ItemType>1</ItemType>
      <ItemName>גלילונית לאשפה 50 יחידות 75/90</ItemName>
      <ManufactureName>דנשר (1963) בעמ</ManufactureName>
      <ManufactureCountry />
      <ManufactureItemDescription />
      <UnitQty>י"ח</UnitQty>
      <Quantity>1</Quantity>
      <UnitMeasure />
      <BisWeighted>0</BisWeighted>
      <QtyInPackage>1</QtyInPackage>
      <ItemPrice>14.90</ItemPrice>
      <UnitOfMeasurePrice>14.90</UnitOfMeasurePrice>
      <AllowDiscount>1</AllowDiscount>
      <itemStatus>1</itemStatus>
      <LastUpdateDate />
      <LastUpdateTime />
    </Product>
    <Product>
      <PriceUpdateDate>2015/08/19 10:46</PriceUpdateDate>
      <ItemCode>7290010003785</ItemCode>
      <ItemType>1</ItemType>
      <ItemName>פירורי לחם זהוב 200גר</ItemName>
      <ManufactureName>א.ל.יצור ושיווקתבלינים בעמ</ManufactureName>
      <ManufactureCountry />
      <ManufactureItemDescription />
      <UnitQty>י"ח</UnitQty>
      <Quantity>200</Quantity>
      <UnitMeasure>ל  גרם</UnitMeasure>
      <BisWeighted>0</BisWeighted>
      <QtyInPackage>1</QtyInPackage>
      <ItemPrice>3.90</ItemPrice>
      <UnitOfMeasurePrice>1.95</UnitOfMeasurePrice>
      <AllowDiscount>1</AllowDiscount>
      <itemStatus>1</itemStatus>
      <LastUpdateDate />
      <LastUpdateTime />
    </Product>
    <Product>
      <PriceUpdateDate>2017/07/23 13:23</PriceUpdateDate>
      <ItemCode>7290012975202</ItemCode>
      <ItemType>1</ItemType>
      <ItemName>מרקיה"שווה"לבן 25</ItemName>
      <ManufactureName>ח.כהן סוכנות מזון ומשקאות בע</ManufactureName>
      <ManufactureCountry />
      <ManufactureItemDescription />
      <UnitQty>י"ח</UnitQty>
      <Quantity>2500</Quantity>
      <UnitMeasure>ל  גרם</UnitMeasure>
      <BisWeighted>0</BisWeighted>
      <QtyInPackage>1</QtyInPackage>
      <ItemPrice>5.20</ItemPrice>
      <UnitOfMeasurePrice>0.21</UnitOfMeasurePrice>
      <AllowDiscount>1</AllowDiscount>
      <itemStatus>1</itemStatus>
      <LastUpdateDate />
      <LastUpdateTime />
    </Product>
    <Product>
      <PriceUpdateDate>2016/04/21 11:45</PriceUpdateDate>
      <ItemCode>14205017</ItemCode>
      <ItemType>0</ItemType>
      <ItemName>צלחת   קטנות"שווה"50יח</ItemName>
      <ManufactureName>ח.כהן סוכנות מזון ומשקאות בע</ManufactureName>
      <ManufactureCountry />
      <ManufactureItemDescription />
      <UnitQty>י"ח</UnitQty>
      <Quantity>30</Quantity>
      <UnitMeasure>י"ח</UnitMeasure>
      <BisWeighted>0</BisWeighted>
      <QtyInPackage>1</QtyInPackage>
      <ItemPrice>5.40</ItemPrice>
      <UnitOfMeasurePrice>0.18</UnitOfMeasurePrice>
      <AllowDiscount>1</AllowDiscount>
      <itemStatus>1</itemStatus>
      <LastUpdateDate />
      <LastUpdateTime />
    </Product>
    <Product>
      <PriceUpdateDate>2016/04/14 14:11</PriceUpdateDate>
      <ItemCode>7290014205345</ItemCode>
      <ItemType>1</ItemType>
      <ItemName>קינוחיות מדורג 20יח שווה</ItemName>
      <ManufactureName>ח.כהן סוכנות מזון ומשקאות בע</ManufactureName>
      <ManufactureCountry />
      <ManufactureItemDescription />
      <UnitQty>י"ח</UnitQty>
      <Quantity>30</Quantity>
      <UnitMeasure>י"ח</UnitMeasure>
      <BisWeighted>0</BisWeighted>
      <QtyInPackage>1</QtyInPackage>
      <ItemPrice>8.90</ItemPrice>
      <UnitOfMeasurePrice>0.30</UnitOfMeasurePrice>
      <AllowDiscount>1</AllowDiscount>
      <itemStatus>1</itemStatus>
      <LastUpdateDate />
      <LastUpdateTime />
    </Product>
    <Product>
      <PriceUpdateDate>2016/04/14 14:11</PriceUpdateDate>
      <ItemCode>7290014205352</ItemCode>
      <ItemType>1</ItemType>
      <ItemName>קינוחיות פרח 20יח שווה</ItemName>
      <ManufactureName>ח.כהן סוכנות מזון ומשקאות בע</ManufactureName>
      <ManufactureCountry />
      <ManufactureItemDescription />
      <UnitQty>י"ח</UnitQty>
      <Quantity>30</Quantity>
      <UnitMeasure>י"ח</UnitMeasure>
      <BisWeighted>0</BisWeighted>
      <QtyInPackage>1</QtyInPackage>
      <ItemPrice>8.90</ItemPrice>
      <UnitOfMeasurePrice>0.30</UnitOfMeasurePrice>
      <AllowDiscount>1</AllowDiscount>
      <itemStatus>1</itemStatus>
      <LastUpdateDate />
      <LastUpdateTime />
    </Product>
    <Product>
      <PriceUpdateDate>2016/04/14 14:11</PriceUpdateDate>
      <ItemCode>7290014205369</ItemCode>
      <ItemType>1</ItemType>
      <ItemName>קינוחיות גליל 20יח שווה</ItemName>
      <ManufactureName>ח.כהן סוכנות מזון ומשקאות בע</ManufactureName>
      <ManufactureCountry />
      <ManufactureItemDescription />
      <UnitQty>י"ח</UnitQty>
      <Quantity>30</Quantity>
      <UnitMeasure>י"ח</UnitMeasure>
      <BisWeighted>0</BisWeighted>
      <QtyInPackage>1</QtyInPackage>
      <ItemPrice>8.90</ItemPrice>
      <UnitOfMeasurePrice>0.30</UnitOfMeasurePrice>
      <AllowDiscount>1</AllowDiscount>
      <itemStatus>1</itemStatus>
      <LastUpdateDate />
      <LastUpdateTime />
    </Product>
    <Product>
      <PriceUpdateDate>2016/04/14 14:11</PriceUpdateDate>
      <ItemCode>14205376</ItemCode>
      <ItemType>0</ItemType>
      <ItemName>קינוחיות משושה 20יח שווה</ItemName>
      <ManufactureName>ח.כהן סוכנות מזון ומשקאות בע</ManufactureName>
      <ManufactureCountry />
      <ManufactureItemDescription />
      <UnitQty>י"ח</UnitQty>
      <Quantity>30</Quantity>
      <UnitMeasure>י"ח</UnitMeasure>
      <BisWeighted>0</BisWeighted>
      <QtyInPackage>1</QtyInPackage>
      <ItemPrice>8.90</ItemPrice>
      <UnitOfMeasurePrice>0.30</UnitOfMeasurePrice>
      <AllowDiscount>1</AllowDiscount>
      <itemStatus>1</itemStatus>
      <LastUpdateDate />
      <LastUpdateTime />
    </Product>
    <Product>
      <PriceUpdateDate>2016/04/14 14:11</PriceUpdateDate>
      <ItemCode>14205383</ItemCode>
      <ItemType>0</ItemType>
      <ItemName>קינוחיות טרפז 20יח שווה</ItemName>
      <ManufactureName>ח.כהן סוכנות מזון ומשקאות בע</ManufactureName>
      <ManufactureCountry />
      <ManufactureItemDescription />
      <UnitQty>י"ח</UnitQty>
      <Quantity>30</Quantity>
      <UnitMeasure>י"ח</UnitMeasure>
      <BisWeighted>0</BisWeighted>
      <QtyInPackage>1</QtyInPackage>
      <ItemPrice>8.90</ItemPrice>
      <UnitOfMeasurePrice>0.30</UnitOfMeasurePrice>
      <AllowDiscount>1</AllowDiscount>
      <itemStatus>1</itemStatus>
      <LastUpdateDate />
      <LastUpdateTime />
    </Product>
    <Product>
      <PriceUpdateDate>2016/04/14 14:11</PriceUpdateDate>
      <ItemCode>7290014205390</ItemCode>
      <ItemType>1</ItemType>
      <ItemName>קינוחיות מעוגל 20יח שווה</ItemName>
      <ManufactureName>ח.כהן סוכנות מזון ומשקאות בע</ManufactureName>
      <ManufactureCountry />
      <ManufactureItemDescription />
      <UnitQty>י"ח</UnitQty>
      <Quantity>30</Quantity>
      <UnitMeasure>י"ח</UnitMeasure>
      <BisWeighted>0</BisWeighted>
      <QtyInPackage>1</QtyInPackage>
      <ItemPrice>8.90</ItemPrice>
      <UnitOfMeasurePrice>0.30</UnitOfMeasurePrice>
      <AllowDiscount>1</AllowDiscount>
      <itemStatus>1</itemStatus>
      <LastUpdateDate />
      <LastUpdateTime />
    </Product>
    <Product>
      <PriceUpdateDate>2016/04/14 14:11</PriceUpdateDate>
      <ItemCode>7290014205406</ItemCode>
      <ItemType>1</ItemType>
      <ItemName>קינוחיות מאורך 12יח שווה</ItemName>
      <ManufactureName>ח.כהן סוכנות מזון ומשקאות בע</ManufactureName>
      <ManufactureCountry />
      <ManufactureItemDescription />
      <UnitQty>י"ח</UnitQty>
      <Quantity>30</Quantity>
      <UnitMeasure>י"ח</UnitMeasure>
      <BisWeighted>0</BisWeighted>
      <QtyInPackage>1</QtyInPackage>
      <ItemPrice>13.90</ItemPrice>
      <UnitOfMeasurePrice>0.46</UnitOfMeasurePrice>
      <AllowDiscount>1</AllowDiscount>
      <itemStatus>1</itemStatus>
      <LastUpdateDate />
      <LastUpdateTime />
    </Product>
    <Product>
      <PriceUpdateDate>2015/04/30 08:46</PriceUpdateDate>
      <ItemCode>7290014205413</ItemCode>
      <ItemType>1</ItemType>
      <ItemName>מגש מחולק 4 תאים  שווה</ItemName>
      <ManufactureName>ח.כהן סוכנות מזון ומשקאות בע</ManufactureName>
      <ManufactureCountry />
      <ManufactureItemDescription />
      <UnitQty>י"ח</UnitQty>
      <Quantity>30</Quantity>
      <UnitMeasure>י"ח</UnitMeasure>
      <BisWeighted>0</BisWeighted>
      <QtyInPackage>1</QtyInPackage>
      <ItemPrice>7.30</ItemPrice>
      <UnitOfMeasurePrice>0.24</UnitOfMeasurePrice>
      <AllowDiscount>1</AllowDiscount>
      <itemStatus>1</itemStatus>
      <LastUpdateDate />
      <LastUpdateTime />
    </Product>
    <Product>
      <PriceUpdateDate>2015/04/30 08:46</PriceUpdateDate>
      <ItemCode>7290014205437</ItemCode>
      <ItemType>1</ItemType>
      <ItemName>כפות הגשה 3יח   שווה</ItemName>
      <ManufactureName>ח.כהן סוכנות מזון ומשקאות בע</ManufactureName>
      <ManufactureCountry />
      <ManufactureItemDescription />
      <UnitQty>י"ח</UnitQty>
      <Quantity>3</Quantity>
      <UnitMeasure>י"ח</UnitMeasure>
      <BisWeighted>0</BisWeighted>
      <QtyInPackage>1</QtyInPackage>
      <ItemPrice>3.50</ItemPrice>
      <UnitOfMeasurePrice>1.17</UnitOfMeasurePrice>
      <AllowDiscount>1</AllowDiscount>
      <itemStatus>1</itemStatus>
      <LastUpdateDate />
      <LastUpdateTime />
    </Product>
    <Product>
      <PriceUpdateDate>2015/04/30 08:46</PriceUpdateDate>
      <ItemCode>14205628</ItemCode>
      <ItemType>0</ItemType>
      <ItemName>מזלגות הגשה 3יח   שווה</ItemName>
      <ManufactureName>ח.כהן סוכנות מזון ומשקאות בע</ManufactureName>
      <ManufactureCountry />
      <ManufactureItemDescription />
      <UnitQty>י"ח</UnitQty>
      <Quantity>3</Quantity>
      <UnitMeasure>י"ח</UnitMeasure>
      <BisWeighted>0</BisWeighted>
      <QtyInPackage>1</QtyInPackage>
      <ItemPrice>3.50</ItemPrice>
      <UnitOfMeasurePrice>1.17</UnitOfMeasurePrice>
      <AllowDiscount>1</AllowDiscount>
      <itemStatus>1</itemStatus>
      <LastUpdateDate />
      <LastUpdateTime />
    </Product>
    <Product>
      <PriceUpdateDate>2016/08/10 08:31</PriceUpdateDate>
      <ItemCode>7290014288096</ItemCode>
      <ItemType>1</ItemType>
      <ItemName>מטליות מיקרופייבר 5* ניקוי כלל   שווה</ItemName>
      <ManufactureName>ח.כהן סוכנות מזון ומשקאות בע</ManufactureName>
      <ManufactureCountry />
      <ManufactureItemDescription />
      <UnitQty>י"ח</UnitQty>
      <Quantity>3</Quantity>
      <UnitMeasure>י"ח</UnitMeasure>
      <BisWeighted>0</BisWeighted>
      <QtyInPackage>1</QtyInPackage>
      <ItemPrice>8.90</ItemPrice>
      <UnitOfMeasurePrice>2.97</UnitOfMeasurePrice>
      <AllowDiscount>1</AllowDiscount>
      <itemStatus>1</itemStatus>
      <LastUpdateDate />
      <LastUpdateTime />
    </Product>
    <Product>
      <PriceUpdateDate>2016/08/10 08:31</PriceUpdateDate>
      <ItemCode>7290014288102</ItemCode>
      <ItemType>1</ItemType>
      <ItemName>מטליות מיקרופייבר לרצפה   שווה</ItemName>
      <ManufactureName>ח.כהן סוכנות מזון ומשקאות בע</ManufactureName>
      <ManufactureCountry />
      <ManufactureItemDescription />
      <UnitQty>י"ח</UnitQty>
      <Quantity>3</Quantity>
      <UnitMeasure>י"ח</UnitMeasure>
      <BisWeighted>0</BisWeighted>
      <QtyInPackage>1</QtyInPackage>
      <ItemPrice>7.90</ItemPrice>
      <UnitOfMeasurePrice>2.63</UnitOfMeasurePrice>
      <AllowDiscount>1</AllowDiscount>
      <itemStatus>1</itemStatus>
      <LastUpdateDate />
      <LastUpdateTime />
    </Product>
    <Product>
      <PriceUpdateDate>2016/05/24 11:29</PriceUpdateDate>
      <ItemCode>16006186</ItemCode>
      <ItemType>0</ItemType>
      <ItemName>פרוטס ווטר משמש 1.5 ליטר</ItemName>
      <ManufactureName>יפאורה שותפות מוגבלת לשיווק</ManufactureName>
      <ManufactureCountry />
      <ManufactureItemDescription />
      <UnitQty>י"ח</UnitQty>
      <Quantity>1.50</Quantity>
      <UnitMeasure>ליטר</UnitMeasure>
      <BisWeighted>0</BisWeighted>
      <QtyInPackage>1</QtyInPackage>
      <ItemPrice>6.90</ItemPrice>
      <UnitOfMeasurePrice>4.60</UnitOfMeasurePrice>
      <AllowDiscount>1</AllowDiscount>
      <itemStatus>1</itemStatus>
      <LastUpdateDate />
      <LastUpdateTime />
    </Product>
    <Product>
      <PriceUpdateDate>2013/11/28 13:30</PriceUpdateDate>
      <ItemCode>40914152</ItemCode>
      <ItemType>0</ItemType>
      <ItemName>גלייד מוצק ניחוח</ItemName>
      <ManufactureName>דנשר (1963) בעמ</ManufactureName>
      <ManufactureCountry />
      <ManufactureItemDescription />
      <UnitQty>י"ח</UnitQty>
      <Quantity>1</Quantity>
      <UnitMeasure />
      <BisWeighted>0</BisWeighted>
      <QtyInPackage>1</QtyInPackage>
      <ItemPrice>11</ItemPrice>
      <UnitOfMeasurePrice>11</UnitOfMeasurePrice>
      <AllowDiscount>1</AllowDiscount>
      <itemStatus>1</itemStatus>
      <LastUpdateDate />
      <LastUpdateTime />
    </Product>
    <Product>
      <PriceUpdateDate>2016/12/13 09:14</PriceUpdateDate>
      <ItemCode>41723470</ItemCode>
      <ItemType>0</ItemType>
      <ItemName>בקבוק פיה רחבה עם ידית.</ItemName>
      <ManufactureName>אינטרסן (1996) בעמ</ManufactureName>
      <ManufactureCountry />
      <ManufactureItemDescription />
      <UnitQty>י"ח</UnitQty>
      <Quantity>1</Quantity>
      <UnitMeasure>י"ח</UnitMeasure>
      <BisWeighted>0</BisWeighted>
      <QtyInPackage>1</QtyInPackage>
      <ItemPrice>22.90</ItemPrice>
      <UnitOfMeasurePrice>22.90</UnitOfMeasurePrice>
      <AllowDiscount>1</AllowDiscount>
      <itemStatus>1</itemStatus>
      <LastUpdateDate />
      <LastUpdateTime />
    </Product>
    <Product>
      <PriceUpdateDate>2016/06/14 13:51</PriceUpdateDate>
      <ItemCode>7290042051921</ItemCode>
      <ItemType>1</ItemType>
      <ItemName>כוסות יהלום שווה 40יח</ItemName>
      <ManufactureName>ח.כהן סוכנות מזון ומשקאות בע</ManufactureName>
      <ManufactureCountry />
      <ManufactureItemDescription />
      <UnitQty>י"ח</UnitQty>
      <Quantity>40</Quantity>
      <UnitMeasure>י"ח</UnitMeasure>
      <BisWeighted>0</BisWeighted>
      <QtyInPackage>1</QtyInPackage>
      <ItemPrice>6.90</ItemPrice>
      <UnitOfMeasurePrice>0.17</UnitOfMeasurePrice>
      <AllowDiscount>1</AllowDiscount>
      <itemStatus>1</itemStatus>
      <LastUpdateDate />
      <LastUpdateTime />
    </Product>
    <Product>
      <PriceUpdateDate>2013/11/24 11:47</PriceUpdateDate>
      <ItemCode>42236948</ItemCode>
      <ItemType>0</ItemType>
      <ItemName>דאו  רול און  סטרס פרוטקט אישה</ItemName>
      <ManufactureName>אלפא ב.ד.ף בעמ</ManufactureName>
      <ManufactureCountry />
      <ManufactureItemDescription />
      <UnitQty>י"ח</UnitQty>
      <Quantity>50</Quantity>
      <UnitMeasure>ל  מ"ל</UnitMeasure>
      <BisWeighted>0</BisWeighted>
      <QtyInPackage>1</QtyInPackage>
      <ItemPrice>21.90</ItemPrice>
      <UnitOfMeasurePrice>43.80</UnitOfMeasurePrice>
      <AllowDiscount>1</AllowDiscount>
      <itemStatus>1</itemStatus>
      <LastUpdateDate />
      <LastUpdateTime />
    </Product>
    <Product>
      <PriceUpdateDate>2013/11/24 11:47</PriceUpdateDate>
      <ItemCode>42236955</ItemCode>
      <ItemType>0</ItemType>
      <ItemName>דאו  רול און סטרס פרוטקט גבר</ItemName>
      <ManufactureName>אלפא ב.ד.ף בעמ</ManufactureName>
      <ManufactureCountry />
      <ManufactureItemDescription />
      <UnitQty>י"ח</UnitQty>
      <Quantity>50</Quantity>
      <UnitMeasure>ל  מ"ל</UnitMeasure>
      <BisWeighted>0</BisWeighted>
      <QtyInPackage>1</QtyInPackage>
      <ItemPrice>21.90</ItemPrice>
      <UnitOfMeasurePrice>43.80</UnitOfMeasurePrice>
      <AllowDiscount>1</AllowDiscount>
      <itemStatus>1</itemStatus>
      <LastUpdateDate />
      <LastUpdateTime />
    </Product>
    <Product>
      <PriceUpdateDate>2016/11/28 08:30</PriceUpdateDate>
      <ItemCode>42246640</ItemCode>
      <ItemType>0</ItemType>
      <ItemName>ניוואה רול און לאשה</ItemName>
      <ManufactureName>אלפא ב.ד.ף בעמ</ManufactureName>
      <ManufactureCountry />
      <ManufactureItemDescription />
      <UnitQty>י"ח</UnitQty>
      <Quantity>150</Quantity>
      <UnitMeasure>ל  מ"ל</UnitMeasure>
      <BisWeighted>0</BisWeighted>
      <QtyInPackage>1</QtyInPackage>
      <ItemPrice>21.90</ItemPrice>
      <UnitOfMeasurePrice>14.60</UnitOfMeasurePrice>
      <AllowDiscount>1</AllowDiscount>
      <itemStatus>1</itemStatus>
      <LastUpdateDate />
      <LastUpdateTime />
    </Product>
    <Product>
      <PriceUpdateDate>2016/11/23 09:43</PriceUpdateDate>
      <ItemCode>42288923</ItemCode>
      <ItemType>0</ItemType>
      <ItemName>רול און פרש לאישה</ItemName>
      <ManufactureName>אלפא ב.ד.ף בעמ</ManufactureName>
      <ManufactureCountry />
      <ManufactureItemDescription />
      <UnitQty>י"ח</UnitQty>
      <Quantity>50</Quantity>
      <UnitMeasure>ל  מ"ל</UnitMeasure>
      <BisWeighted>0</BisWeighted>
      <QtyInPackage>1</QtyInPackage>
      <ItemPrice>21.90</ItemPrice>
      <UnitOfMeasurePrice>43.80</UnitOfMeasurePrice>
      <AllowDiscount>1</AllowDiscount>
      <itemStatus>1</itemStatus>
      <LastUpdateDate />
      <LastUpdateTime />
    </Product>
    <Product>
      <PriceUpdateDate>2018/10/10 08:28</PriceUpdateDate>
      <ItemCode>42289470</ItemCode>
      <ItemType>0</ItemType>
      <ItemName>לעור  הפנים-לעור ג`ל IN SHOWER</ItemName>
      <ManufactureName>אלפא ב.ד.ף בעמ</ManufactureName>
      <ManufactureCountry />
      <ManufactureItemDescription />
      <UnitQty>י"ח</UnitQty>
      <Quantity>1</Quantity>
      <UnitMeasure>י"ח</UnitMeasure>
      <BisWeighted>0</BisWeighted>
      <QtyInPackage>1</QtyInPackage>
      <ItemPrice>29.90</ItemPrice>
      <UnitOfMeasurePrice>29.90</UnitOfMeasurePrice>
      <AllowDiscount>1</AllowDiscount>
      <itemStatus>1</itemStatus>
      <LastUpdateDate />
      <LastUpdateTime />
    </Product>
    <Product>
      <PriceUpdateDate>2018/10/10 08:28</PriceUpdateDate>
      <ItemCode>42289487</ItemCode>
      <ItemType>0</ItemType>
      <ItemName>לעור  הפנים-IN SHOWER</ItemName>
      <ManufactureName>אלפא ב.ד.ף בעמ</ManufactureName>
      <ManufactureCountry />
      <ManufactureItemDescription />
      <UnitQty>י"ח</UnitQty>
      <Quantity>1</Quantity>
      <UnitMeasure>י"ח</UnitMeasure>
      <BisWeighted>0</BisWeighted>
      <QtyInPackage>1</QtyInPackage>
      <ItemPrice>29.90</ItemPrice>
      <UnitOfMeasurePrice>29.90</UnitOfMeasurePrice>
      <AllowDiscount>1</AllowDiscount>
      <itemStatus>1</itemStatus>
      <LastUpdateDate />
      <LastUpdateTime />
    </Product>
    <Product>
      <PriceUpdateDate>2016/11/23 09:43</PriceUpdateDate>
      <ItemCode>42299363</ItemCode>
      <ItemType>0</ItemType>
      <ItemName>רול און  לגבר</ItemName>
      <ManufactureName>אלפא ב.ד.ף בעמ</ManufactureName>
      <ManufactureCountry />
      <ManufactureItemDescription />
      <UnitQty>י"ח</UnitQty>
      <Quantity>50</Quantity>
      <UnitMeasure>ל  מ"ל</UnitMeasure>
      <BisWeighted>0</BisWeighted>
      <QtyInPackage>1</QtyInPackage>
      <ItemPrice>21.90</ItemPrice>
      <UnitOfMeasurePrice>43.80</UnitOfMeasurePrice>
      <AllowDiscount>1</AllowDiscount>
      <itemStatus>1</itemStatus>
      <LastUpdateDate />
      <LastUpdateTime />
    </Product>
    <Product>
      <PriceUpdateDate>2018/02/21 08:40</PriceUpdateDate>
      <ItemCode>42315926</ItemCode>
      <ItemType>0</ItemType>
      <ItemName>קרם ידיים לתחושת רכות 100מ"ל</ItemName>
      <ManufactureName>אלפא ב.ד.ף בעמ</ManufactureName>
      <ManufactureCountry />
      <ManufactureItemDescription />
      <UnitQty>י"ח</UnitQty>
      <Quantity>100</Quantity>
      <UnitMeasure>ל  גרם</UnitMeasure>
      <BisWeighted>0</BisWeighted>
      <QtyInPackage>1</QtyInPackage>
      <ItemPrice>24.90</ItemPrice>
      <UnitOfMeasurePrice>24.90</UnitOfMeasurePrice>
      <AllowDiscount>1</AllowDiscount>
      <itemStatus>1</itemStatus>
      <LastUpdateDate />
      <LastUpdateTime />
    </Product>
    <Product>
      <PriceUpdateDate>2013/11/28 13:30</PriceUpdateDate>
      <ItemCode>50204649</ItemCode>
      <ItemType>0</ItemType>
      <ItemName>גלייד מוצק ניחוח לבנדר2-1</ItemName>
      <ManufactureName>דנשר (1963) בעמ</ManufactureName>
      <ManufactureCountry />
      <ManufactureItemDescription />
      <UnitQty>י"ח</UnitQty>
      <Quantity>150</Quantity>
      <UnitMeasure>ל  גרם</UnitMeasure>
      <BisWeighted>0</BisWeighted>
      <QtyInPackage>1</QtyInPackage>
      <ItemPrice>11</ItemPrice>
      <UnitOfMeasurePrice>7.33</UnitOfMeasurePrice>
      <AllowDiscount>1</AllowDiscount>
      <itemStatus>1</itemStatus>
      <LastUpdateDate />
      <LastUpdateTime />
    </Product>
    <Product>
      <PriceUpdateDate>2013/06/11 12:07</PriceUpdateDate>
      <ItemCode>7290050204830</ItemCode>
      <ItemType>1</ItemType>
      <ItemName>תרסיס דוחה יתושים</ItemName>
      <ManufactureName>דנשר (1963) בעמ</ManufactureName>
      <ManufactureCountry />
      <ManufactureItemDescription />
      <UnitQty>י"ח</UnitQty>
      <Quantity>100</Quantity>
      <UnitMeasure>ל  מ"ל</UnitMeasure>
      <BisWeighted>0</BisWeighted>
      <QtyInPackage>1</QtyInPackage>
      <ItemPrice>25.40</ItemPrice>
      <UnitOfMeasurePrice>25.40</UnitOfMeasurePrice>
      <AllowDiscount>1</AllowDiscount>
      <itemStatus>1</itemStatus>
      <LastUpdateDate />
      <LastUpdateTime />
    </Product>
    <Product>
      <PriceUpdateDate>2015/06/09 09:28</PriceUpdateDate>
      <ItemCode>72917275</ItemCode>
      <ItemType>0</ItemType>
      <ItemName>טורטית  45גר</ItemName>
      <ManufactureName>שטראוס גרופ בעמ</ManufactureName>
      <ManufactureCountry />
      <ManufactureItemDescription />
      <UnitQty>י"ח</UnitQty>
      <Quantity>40</Quantity>
      <UnitMeasure>ל  גרם</UnitMeasure>
      <BisWeighted>0</BisWeighted>
      <QtyInPackage>1</QtyInPackage>
      <ItemPrice>3.90</ItemPrice>
      <UnitOfMeasurePrice>9.75</UnitOfMeasurePrice>
      <AllowDiscount>1</AllowDiscount>
      <itemStatus>1</itemStatus>
      <LastUpdateDate />
      <LastUpdateTime />
    </Product>
    <Product>
      <PriceUpdateDate>2018/07/15 15:22</PriceUpdateDate>
      <ItemCode>72917329</ItemCode>
      <ItemType>0</ItemType>
      <ItemName>חטיף אגוזי חלב</ItemName>
      <ManufactureName>שטראוס גרופ בעמ</ManufactureName>
      <ManufactureCountry />
      <ManufactureItemDescription />
      <UnitQty>י"ח</UnitQty>
      <Quantity>45</Quantity>
      <UnitMeasure>ל  גרם</UnitMeasure>
      <BisWeighted>0</BisWeighted>
      <QtyInPackage>1</QtyInPackage>
      <ItemPrice>4.90</ItemPrice>
      <UnitOfMeasurePrice>10.89</UnitOfMeasurePrice>
      <AllowDiscount>1</AllowDiscount>
      <itemStatus>1</itemStatus>
      <LastUpdateDate />
      <LastUpdateTime />
    </Product>
    <Product>
      <PriceUpdateDate>2018/07/15 15:22</PriceUpdateDate>
      <ItemCode>72917367</ItemCode>
      <ItemType>0</ItemType>
      <ItemName>טעמי חדש</ItemName>
      <ManufactureName>שטראוס גרופ בעמ</ManufactureName>
      <ManufactureCountry />
      <ManufactureItemDescription />
      <UnitQty>י"ח</UnitQty>
      <Quantity>40</Quantity>
      <UnitMeasure>ל  גרם</UnitMeasure>
      <BisWeighted>0</BisWeighted>
      <QtyInPackage>1</QtyInPackage>
      <ItemPrice>4.90</ItemPrice>
      <UnitOfMeasurePrice>12.25</UnitOfMeasurePrice>
      <AllowDiscount>1</AllowDiscount>
      <itemStatus>1</itemStatus>
      <LastUpdateDate />
      <LastUpdateTime />
    </Product>
    <Product>
      <PriceUpdateDate>2018/07/15 15:22</PriceUpdateDate>
      <ItemCode>72917589</ItemCode>
      <ItemType>0</ItemType>
      <ItemName>מקופלת עלית</ItemName>
      <ManufactureName>שטראוס גרופ בעמ</ManufactureName>
      <ManufactureCountry />
      <ManufactureItemDescription />
      <UnitQty>י"ח</UnitQty>
      <Quantity>25</Quantity>
      <UnitMeasure>ל  גרם</UnitMeasure>
      <BisWeighted>0</BisWeighted>
      <QtyInPackage>1</QtyInPackage>
      <ItemPrice>4.90</ItemPrice>
      <UnitOfMeasurePrice>19.60</UnitOfMeasurePrice>
      <AllowDiscount>1</AllowDiscount>
      <itemStatus>1</itemStatus>
      <LastUpdateDate />
      <LastUpdateTime />
    </Product>
    <Product>
      <PriceUpdateDate>2015/06/09 09:28</PriceUpdateDate>
      <ItemCode>72917688</ItemCode>
      <ItemType>0</ItemType>
      <ItemName>אגוזי מגדים</ItemName>
      <ManufactureName>שטראוס גרופ בעמ</ManufactureName>
      <ManufactureCountry />
      <ManufactureItemDescription />
      <UnitQty>י"ח</UnitQty>
      <Quantity>45</Quantity>
      <UnitMeasure>ל  גרם</UnitMeasure>
      <BisWeighted>0</BisWeighted>
      <QtyInPackage>1</QtyInPackage>
      <ItemPrice>3.90</ItemPrice>
      <UnitOfMeasurePrice>8.67</UnitOfMeasurePrice>
      <AllowDiscount>1</AllowDiscount>
      <itemStatus>1</itemStatus>
      <LastUpdateDate />
      <LastUpdateTime />
    </Product>
    <Product>
      <PriceUpdateDate>2015/06/09 09:28</PriceUpdateDate>
      <ItemCode>72918104</ItemCode>
      <ItemType>0</ItemType>
      <ItemName>טעמי מגדים</ItemName>
      <ManufactureName>שטראוס גרופ בעמ</ManufactureName>
      <ManufactureCountry />
      <ManufactureItemDescription />
      <UnitQty>י"ח</UnitQty>
      <Quantity>40</Quantity>
      <UnitMeasure>ל  גרם</UnitMeasure>
      <BisWeighted>0</BisWeighted>
      <QtyInPackage>1</QtyInPackage>
      <ItemPrice>3.90</ItemPrice>
      <UnitOfMeasurePrice>9.75</UnitOfMeasurePrice>
      <AllowDiscount>1</AllowDiscount>
      <itemStatus>1</itemStatus>
      <LastUpdateDate />
      <LastUpdateTime />
    </Product>
    <Product>
      <PriceUpdateDate>2015/06/09 09:28</PriceUpdateDate>
      <ItemCode>72918388</ItemCode>
      <ItemType>0</ItemType>
      <ItemName>טוויסט</ItemName>
      <ManufactureName>שטראוס גרופ בעמ</ManufactureName>
      <ManufactureCountry />
      <ManufactureItemDescription />
      <UnitQty>י"ח</UnitQty>
      <Quantity>28</Quantity>
      <UnitMeasure>ל  גרם</UnitMeasure>
      <BisWeighted>0</BisWeighted>
      <QtyInPackage>1</QtyInPackage>
      <ItemPrice>3.90</ItemPrice>
      <UnitOfMeasurePrice>13.93</UnitOfMeasurePrice>
      <AllowDiscount>1</AllowDiscount>
      <itemStatus>1</itemStatus>
      <LastUpdateDate />
      <LastUpdateTime />
    </Product>
    <Product>
      <PriceUpdateDate>2017/08/17 13:34</PriceUpdateDate>
      <ItemCode>72986363</ItemCode>
      <ItemType>0</ItemType>
      <ItemName>גלידה פיינטים גרסיה</ItemName>
      <ManufactureName>מוצרי איכות אמריקאיים בעמ</ManufactureName>
      <ManufactureCountry />
      <ManufactureItemDescription />
      <UnitQty>י"ח</UnitQty>
      <Quantity>750</Quantity>
      <UnitMeasure>ל  מ"ל</UnitMeasure>
      <BisWeighted>0</BisWeighted>
      <QtyInPackage>1</QtyInPackage>
      <ItemPrice>23.90</ItemPrice>
      <UnitOfMeasurePrice>3.19</UnitOfMeasurePrice>
      <AllowDiscount>1</AllowDiscount>
      <itemStatus>1</itemStatus>
      <LastUpdateDate />
      <LastUpdateTime />
    </Product>
    <Product>
      <PriceUpdateDate>2017/08/17 13:34</PriceUpdateDate>
      <ItemCode>72986370</ItemCode>
      <ItemType>0</ItemType>
      <ItemName>גלידה פיינטים וניל</ItemName>
      <ManufactureName>מוצרי איכות אמריקאיים בעמ</ManufactureName>
      <ManufactureCountry />
      <ManufactureItemDescription />
      <UnitQty>י"ח</UnitQty>
      <Quantity>500</Quantity>
      <UnitMeasure>ל  מ"ל</UnitMeasure>
      <BisWeighted>0</BisWeighted>
      <QtyInPackage>1</QtyInPackage>
      <ItemPrice>23.90</ItemPrice>
      <UnitOfMeasurePrice>4.78</UnitOfMeasurePrice>
      <AllowDiscount>1</AllowDiscount>
      <itemStatus>1</itemStatus>
      <LastUpdateDate />
      <LastUpdateTime />
    </Product>
    <Product>
      <PriceUpdateDate>2017/08/17 13:34</PriceUpdateDate>
      <ItemCode>72986424</ItemCode>
      <ItemType>0</ItemType>
      <ItemName>גלידה פיינטים קרם עוגיות</ItemName>
      <ManufactureName>מוצרי איכות אמריקאיים בעמ</ManufactureName>
      <ManufactureCountry />
      <ManufactureItemDescription />
      <UnitQty>י"ח</UnitQty>
      <Quantity>750</Quantity>
      <UnitMeasure>ל  מ"ל</UnitMeasure>
      <BisWeighted>0</BisWeighted>
      <QtyInPackage>1</QtyInPackage>
      <ItemPrice>23.90</ItemPrice>
      <UnitOfMeasurePrice>3.19</UnitOfMeasurePrice>
      <AllowDiscount>1</AllowDiscount>
      <itemStatus>1</itemStatus>
      <LastUpdateDate />
      <LastUpdateTime />
    </Product>
    <Product>
      <PriceUpdateDate>2017/08/17 13:34</PriceUpdateDate>
      <ItemCode>72986448</ItemCode>
      <ItemType>0</ItemType>
      <ItemName>גלידה פיינטים טופי קראנץ</ItemName>
      <ManufactureName>מוצרי איכות אמריקאיים בעמ</ManufactureName>
      <ManufactureCountry />
      <ManufactureItemDescription />
      <UnitQty>י"ח</UnitQty>
      <Quantity>750</Quantity>
      <UnitMeasure>ל  מ"ל</UnitMeasure>
      <BisWeighted>0</BisWeighted>
      <QtyInPackage>1</QtyInPackage>
      <ItemPrice>23.90</ItemPrice>
      <UnitOfMeasurePrice>3.19</UnitOfMeasurePrice>
      <AllowDiscount>1</AllowDiscount>
      <itemStatus>1</itemStatus>
      <LastUpdateDate />
      <LastUpdateTime />
    </Product>
    <Product>
      <PriceUpdateDate>2017/08/17 13:34</PriceUpdateDate>
      <ItemCode>72986455</ItemCode>
      <ItemType>0</ItemType>
      <ItemName>גלידה פיינטים ניו-יורק סופר</ItemName>
      <ManufactureName>מוצרי איכות אמריקאיים בעמ</ManufactureName>
      <ManufactureCountry />
      <ManufactureItemDescription />
      <UnitQty>י"ח</UnitQty>
      <Quantity>500</Quantity>
      <UnitMeasure>ל  מ"ל</UnitMeasure>
      <BisWeighted>0</BisWeighted>
      <QtyInPackage>1</QtyInPackage>
      <ItemPrice>23.90</ItemPrice>
      <UnitOfMeasurePrice>4.78</UnitOfMeasurePrice>
      <AllowDiscount>1</AllowDiscount>
      <itemStatus>1</itemStatus>
      <LastUpdateDate />
      <LastUpdateTime />
    </Product>
    <Product>
      <PriceUpdateDate>2017/08/17 13:34</PriceUpdateDate>
      <ItemCode>72986479</ItemCode>
      <ItemType>0</ItemType>
      <ItemName>גלידה פיינטים צאנקי מנקי</ItemName>
      <ManufactureName>מוצרי איכות אמריקאיים בעמ</ManufactureName>
      <ManufactureCountry />
      <ManufactureItemDescription />
      <UnitQty>י"ח</UnitQty>
      <Quantity>500</Quantity>
      <UnitMeasure>ל  מ"ל</UnitMeasure>
      <BisWeighted>0</BisWeighted>
      <QtyInPackage>1</QtyInPackage>
      <ItemPrice>23.90</ItemPrice>
      <UnitOfMeasurePrice>4.78</UnitOfMeasurePrice>
      <AllowDiscount>1</AllowDiscount>
      <itemStatus>1</itemStatus>
      <LastUpdateDate />
      <LastUpdateTime />
    </Product>
    <Product>
      <PriceUpdateDate>2017/08/17 13:34</PriceUpdateDate>
      <ItemCode>72989425</ItemCode>
      <ItemType>0</ItemType>
      <ItemName>גלידה פיינטים שוקולד בראוניס</ItemName>
      <ManufactureName>מוצרי איכות אמריקאיים בעמ</ManufactureName>
      <ManufactureCountry />
      <ManufactureItemDescription />
      <UnitQty>י"ח</UnitQty>
      <Quantity>750</Quantity>
      <UnitMeasure>ל  מ"ל</UnitMeasure>
      <BisWeighted>0</BisWeighted>
      <QtyInPackage>1</QtyInPackage>
      <ItemPrice>23.90</ItemPrice>
      <UnitOfMeasurePrice>3.19</UnitOfMeasurePrice>
      <AllowDiscount>1</AllowDiscount>
      <itemStatus>1</itemStatus>
      <LastUpdateDate />
      <LastUpdateTime />
    </Product>
    <Product>
      <PriceUpdateDate>2017/08/17 13:34</PriceUpdateDate>
      <ItemCode>72991886</ItemCode>
      <ItemType>0</ItemType>
      <ItemName>גלידה פיינטים דולציה דה לצ ה</ItemName>
      <ManufactureName>מוצרי איכות אמריקאיים בעמ</ManufactureName>
      <ManufactureCountry />
      <ManufactureItemDescription />
      <UnitQty>י"ח</UnitQty>
      <Quantity>500</Quantity>
      <UnitMeasure>ל  מ"ל</UnitMeasure>
      <BisWeighted>0</BisWeighted>
      <QtyInPackage>1</QtyInPackage>
      <ItemPrice>23.90</ItemPrice>
      <UnitOfMeasurePrice>4.78</UnitOfMeasurePrice>
      <AllowDiscount>1</AllowDiscount>
      <itemStatus>1</itemStatus>
      <LastUpdateDate />
      <LastUpdateTime />
    </Product>
    <Product>
      <PriceUpdateDate>2019/12/01 13:22</PriceUpdateDate>
      <ItemCode>80051428</ItemCode>
      <ItemType>0</ItemType>
      <ItemName>נוטלה 825 גרם</ItemName>
      <ManufactureName>פרימיום - חברה לדברי מתיקה ולמ</ManufactureName>
      <ManufactureCountry />
      <ManufactureItemDescription />
      <UnitQty>י"ח</UnitQty>
      <Quantity>825</Quantity>
      <UnitMeasure>ל  גרם</UnitMeasure>
      <BisWeighted>0</BisWeighted>
      <QtyInPackage>1</QtyInPackage>
      <ItemPrice>27.90</ItemPrice>
      <UnitOfMeasurePrice>3.38</UnitOfMeasurePrice>
      <AllowDiscount>1</AllowDiscount>
      <itemStatus>1</itemStatus>
      <LastUpdateDate />
      <LastUpdateTime />
    </Product>
    <Product>
      <PriceUpdateDate>2016/12/18 13:20</PriceUpdateDate>
      <ItemCode>80768838</ItemCode>
      <ItemType>0</ItemType>
      <ItemName>מסטיק מנטוס וויט מנטה</ItemName>
      <ManufactureName>ליימן שליסל</ManufactureName>
      <ManufactureCountry />
      <ManufactureItemDescription />
      <UnitQty>י"ח</UnitQty>
      <Quantity>900</Quantity>
      <UnitMeasure>ל  גרם</UnitMeasure>
      <BisWeighted>0</BisWeighted>
      <QtyInPackage>1</QtyInPackage>
      <ItemPrice>16.90</ItemPrice>
      <UnitOfMeasurePrice>1.88</UnitOfMeasurePrice>
      <AllowDiscount>1</AllowDiscount>
      <itemStatus>1</itemStatus>
      <LastUpdateDate />
      <LastUpdateTime />
    </Product>
    <Product>
      <PriceUpdateDate>2016/12/18 13:20</PriceUpdateDate>
      <ItemCode>80768890</ItemCode>
      <ItemType>0</ItemType>
      <ItemName>מסטיק מנטוס וויט מנטה עדינה 105 ג</ItemName>
      <ManufactureName>ליימן שליסל</ManufactureName>
      <ManufactureCountry />
      <ManufactureItemDescription />
      <UnitQty>י"ח</UnitQty>
      <Quantity>900</Quantity>
      <UnitMeasure>ל  גרם</UnitMeasure>
      <BisWeighted>0</BisWeighted>
      <QtyInPackage>1</QtyInPackage>
      <ItemPrice>16.90</ItemPrice>
      <UnitOfMeasurePrice>1.88</UnitOfMeasurePrice>
      <AllowDiscount>1</AllowDiscount>
      <itemStatus>1</itemStatus>
      <LastUpdateDate />
      <LastUpdateTime />
    </Product>
    <Product>
      <PriceUpdateDate>2017/06/19 12:39</PriceUpdateDate>
      <ItemCode>80776307</ItemCode>
      <ItemType>0</ItemType>
      <ItemName>מנטוס טעם  פירות מנטה   בקבוק 90ג</ItemName>
      <ManufactureName>ליימן שליסל</ManufactureName>
      <ManufactureCountry />
      <ManufactureItemDescription />
      <UnitQty>י"ח</UnitQty>
      <Quantity>90</Quantity>
      <UnitMeasure>ל  גרם</UnitMeasure>
      <BisWeighted>0</BisWeighted>
      <QtyInPackage>1</QtyInPackage>
      <ItemPrice>15.90</ItemPrice>
      <UnitOfMeasurePrice>17.67</UnitOfMeasurePrice>
      <AllowDiscount>1</AllowDiscount>
      <itemStatus>1</itemStatus>
      <LastUpdateDate />
      <LastUpdateTime />
    </Product>
    <Product>
      <PriceUpdateDate>2017/06/19 12:39</PriceUpdateDate>
      <ItemCode>7290080780595</ItemCode>
      <ItemType>1</ItemType>
      <ItemName>מנטוס טעם  מנטה  עדינה בקבוק 90ג</ItemName>
      <ManufactureName>ליימן שליסל</ManufactureName>
      <ManufactureCountry />
      <ManufactureItemDescription />
      <UnitQty>י"ח</UnitQty>
      <Quantity>90</Quantity>
      <UnitMeasure>ל  גרם</UnitMeasure>
      <BisWeighted>0</BisWeighted>
      <QtyInPackage>1</QtyInPackage>
      <ItemPrice>15.90</ItemPrice>
      <UnitOfMeasurePrice>17.67</UnitOfMeasurePrice>
      <AllowDiscount>1</AllowDiscount>
      <itemStatus>1</itemStatus>
      <LastUpdateDate />
      <LastUpdateTime />
    </Product>
    <Product>
      <PriceUpdateDate>2017/06/19 12:39</PriceUpdateDate>
      <ItemCode>80794233</ItemCode>
      <ItemType>0</ItemType>
      <ItemName>מנטוס טעם  מנטה  בקבוק 90ג</ItemName>
      <ManufactureName>ליימן שליסל</ManufactureName>
      <ManufactureCountry />
      <ManufactureItemDescription />
      <UnitQty>י"ח</UnitQty>
      <Quantity>90</Quantity>
      <UnitMeasure>ל  גרם</UnitMeasure>
      <BisWeighted>0</BisWeighted>
      <QtyInPackage>1</QtyInPackage>
      <ItemPrice>15.90</ItemPrice>
      <UnitOfMeasurePrice>17.67</UnitOfMeasurePrice>
      <AllowDiscount>1</AllowDiscount>
      <itemStatus>1</itemStatus>
      <LastUpdateDate />
      <LastUpdateTime />
    </Product>
    <Product>
      <PriceUpdateDate>2016/12/18 13:20</PriceUpdateDate>
      <ItemCode>80804697</ItemCode>
      <ItemType>0</ItemType>
      <ItemName>מסטיק מנטוס וויט מנטה מתוקה 105 ג</ItemName>
      <ManufactureName>ליימן שליסל</ManufactureName>
      <ManufactureCountry />
      <ManufactureItemDescription />
      <UnitQty>י"ח</UnitQty>
      <Quantity>900</Quantity>
      <UnitMeasure>ל  גרם</UnitMeasure>
      <BisWeighted>0</BisWeighted>
      <QtyInPackage>1</QtyInPackage>
      <ItemPrice>16.90</ItemPrice>
      <UnitOfMeasurePrice>1.88</UnitOfMeasurePrice>
      <AllowDiscount>1</AllowDiscount>
      <itemStatus>1</itemStatus>
      <LastUpdateDate />
      <LastUpdateTime />
    </Product>
    <Product>
      <PriceUpdateDate>2013/12/04 14:47</PriceUpdateDate>
      <ItemCode>80817109</ItemCode>
      <ItemType>0</ItemType>
      <ItemName>מנטוס D3 טעמם תות-תפוח-פטל</ItemName>
      <ManufactureName>ליימן שליסל</ManufactureName>
      <ManufactureCountry />
      <ManufactureItemDescription />
      <UnitQty>י"ח</UnitQty>
      <Quantity>1</Quantity>
      <UnitMeasure />
      <BisWeighted>0</BisWeighted>
      <QtyInPackage>1</QtyInPackage>
      <ItemPrice>6.90</ItemPrice>
      <UnitOfMeasurePrice>6.90</UnitOfMeasurePrice>
      <AllowDiscount>1</AllowDiscount>
      <itemStatus>1</itemStatus>
      <LastUpdateDate />
      <LastUpdateTime />
    </Product>
    <Product>
      <PriceUpdateDate>2013/12/04 14:47</PriceUpdateDate>
      <ItemCode>80872252</ItemCode>
      <ItemType>0</ItemType>
      <ItemName>מנטוס D3 טעמ מנטה לקריץ</ItemName>
      <ManufactureName>ליימן שליסל</ManufactureName>
      <ManufactureCountry />
      <ManufactureItemDescription />
      <UnitQty>י"ח</UnitQty>
      <Quantity>1</Quantity>
      <UnitMeasure />
      <BisWeighted>0</BisWeighted>
      <QtyInPackage>1</QtyInPackage>
      <ItemPrice>6.90</ItemPrice>
      <UnitOfMeasurePrice>6.90</UnitOfMeasurePrice>
      <AllowDiscount>1</AllowDiscount>
      <itemStatus>1</itemStatus>
      <LastUpdateDate />
      <LastUpdateTime />
    </Product>
    <Product>
      <PriceUpdateDate>2018/11/14 09:23</PriceUpdateDate>
      <ItemCode>80926481</ItemCode>
      <ItemType>0</ItemType>
      <ItemName>מנטוס פיור פרש בקבוק ביג טעם אבטיח</ItemName>
      <ManufactureName>ליימן שליסל</ManufactureName>
      <ManufactureCountry />
      <ManufactureItemDescription />
      <UnitQty>י"ח</UnitQty>
      <Quantity>90</Quantity>
      <UnitMeasure>ל  גרם</UnitMeasure>
      <BisWeighted>0</BisWeighted>
      <QtyInPackage>1</QtyInPackage>
      <ItemPrice>15.90</ItemPrice>
      <UnitOfMeasurePrice>17.67</UnitOfMeasurePrice>
      <AllowDiscount>1</AllowDiscount>
      <itemStatus>1</itemStatus>
      <LastUpdateDate />
      <LastUpdateTime />
    </Product>
    <Product>
      <PriceUpdateDate>2013/12/04 14:47</PriceUpdateDate>
      <ItemCode>80938828</ItemCode>
      <ItemType>0</ItemType>
      <ItemName>מנטוס D3 טעמם אבטיח-אננס-מלון</ItemName>
      <ManufactureName>ליימן שליסל</ManufactureName>
      <ManufactureCountry />
      <ManufactureItemDescription />
      <UnitQty>י"ח</UnitQty>
      <Quantity>1</Quantity>
      <UnitMeasure />
      <BisWeighted>0</BisWeighted>
      <QtyInPackage>1</QtyInPackage>
      <ItemPrice>6.90</ItemPrice>
      <UnitOfMeasurePrice>6.90</UnitOfMeasurePrice>
      <AllowDiscount>1</AllowDiscount>
      <itemStatus>1</itemStatus>
      <LastUpdateDate />
      <LastUpdateTime />
    </Product>
    <Product>
      <PriceUpdateDate>2018/11/14 09:23</PriceUpdateDate>
      <ItemCode>80974215</ItemCode>
      <ItemType>0</ItemType>
      <ItemName>מנטוס פיור פרש בקבוק ביג טעם תות</ItemName>
      <ManufactureName>ליימן שליסל</ManufactureName>
      <ManufactureCountry />
      <ManufactureItemDescription />
      <UnitQty>י"ח</UnitQty>
      <Quantity>90</Quantity>
      <UnitMeasure>ל  גרם</UnitMeasure>
      <BisWeighted>0</BisWeighted>
      <QtyInPackage>1</QtyInPackage>
      <ItemPrice>15.90</ItemPrice>
      <UnitOfMeasurePrice>17.67</UnitOfMeasurePrice>
      <AllowDiscount>1</AllowDiscount>
      <itemStatus>1</itemStatus>
      <LastUpdateDate />
      <LastUpdateTime />
    </Product>
    <Product>
      <PriceUpdateDate>2013/12/04 14:47</PriceUpdateDate>
      <ItemCode>87108651</ItemCode>
      <ItemType>0</ItemType>
      <ItemName>מנטוס מנטה 1\4</ItemName>
      <ManufactureName>ליימן שליסל</ManufactureName>
      <ManufactureCountry />
      <ManufactureItemDescription />
      <UnitQty>י"ח</UnitQty>
      <Quantity>1</Quantity>
      <UnitMeasure />
      <BisWeighted>0</BisWeighted>
      <QtyInPackage>1</QtyInPackage>
      <ItemPrice>11.90</ItemPrice>
      <UnitOfMeasurePrice>11.90</UnitOfMeasurePrice>
      <AllowDiscount>1</AllowDiscount>
      <itemStatus>1</itemStatus>
      <LastUpdateDate />
      <LastUpdateTime />
    </Product>
    <Product>
      <PriceUpdateDate>2013/12/04 14:47</PriceUpdateDate>
      <ItemCode>87108712</ItemCode>
      <ItemType>0</ItemType>
      <ItemName>מנטוס פירות 1\4</ItemName>
      <ManufactureName>ליימן שליסל</ManufactureName>
      <ManufactureCountry />
      <ManufactureItemDescription />
      <UnitQty>י"ח</UnitQty>
      <Quantity>150</Quantity>
      <UnitMeasure>ל  גרם</UnitMeasure>
      <BisWeighted>0</BisWeighted>
      <QtyInPackage>1</QtyInPackage>
      <ItemPrice>11.90</ItemPrice>
      <UnitOfMeasurePrice>7.93</UnitOfMeasurePrice>
      <AllowDiscount>1</AllowDiscount>
      <itemStatus>1</itemStatus>
      <LastUpdateDate />
      <LastUpdateTime />
    </Product>
    <Product>
      <PriceUpdateDate>2018/07/01 09:18</PriceUpdateDate>
      <ItemCode>5000146057710</ItemCode>
      <ItemType>1</ItemType>
      <ItemName>ווינדלין 750 מ"ל לניקוי חלונות</ItemName>
      <ManufactureName>רקיט בנקיזר (ניר איסט) בעמ</ManufactureName>
      <ManufactureCountry />
      <ManufactureItemDescription />
      <UnitQty>י"ח</UnitQty>
      <Quantity>1.50</Quantity>
      <UnitMeasure>ליטר</UnitMeasure>
      <BisWeighted>0</BisWeighted>
      <QtyInPackage>1</QtyInPackage>
      <ItemPrice>9.90</ItemPrice>
      <UnitOfMeasurePrice>6.60</UnitOfMeasurePrice>
      <AllowDiscount>1</AllowDiscount>
      <itemStatus>1</itemStatus>
      <LastUpdateDate />
      <LastUpdateTime />
    </Product>
    <Product>
      <PriceUpdateDate>2013/12/04 14:47</PriceUpdateDate>
      <ItemCode>8000380003723</ItemCode>
      <ItemType>1</ItemType>
      <ItemName>גראנד פטי סרי אגוז</ItemName>
      <ManufactureName>ליימן שליסל</ManufactureName>
      <ManufactureCountry />
      <ManufactureItemDescription />
      <UnitQty>י"ח</UnitQty>
      <Quantity>100</Quantity>
      <UnitMeasure>ל  גרם</UnitMeasure>
      <BisWeighted>0</BisWeighted>
      <QtyInPackage>1</QtyInPackage>
      <ItemPrice>13.90</ItemPrice>
      <UnitOfMeasurePrice>13.90</UnitOfMeasurePrice>
      <AllowDiscount>1</AllowDiscount>
      <itemStatus>1</itemStatus>
      <LastUpdateDate />
      <LastUpdateTime />
    </Product>
    <Product>
      <PriceUpdateDate>2017/08/17 13:34</PriceUpdateDate>
      <ItemCode>7684040021</ItemCode>
      <ItemType>0</ItemType>
      <ItemName>גלידת בן אנד גריס 473מ"ל עוגת גבינה תו</ItemName>
      <ManufactureName>מוצרי איכות אמריקאיים בעמ</ManufactureName>
      <ManufactureCountry />
      <ManufactureItemDescription />
      <UnitQty>י"ח</UnitQty>
      <Quantity>473</Quantity>
      <UnitMeasure>ל  מ"ל</UnitMeasure>
      <BisWeighted>0</BisWeighted>
      <QtyInPackage>1</QtyInPackage>
      <ItemPrice>23.90</ItemPrice>
      <UnitOfMeasurePrice>5.05</UnitOfMeasurePrice>
      <AllowDiscount>1</AllowDiscount>
      <itemStatus>1</itemStatus>
      <LastUpdateDate />
      <LastUpdateTime />
    </Product>
    <Product>
      <PriceUpdateDate>2020/05/03 15:08</PriceUpdateDate>
      <ItemCode>8888888888</ItemCode>
      <ItemType>0</ItemType>
      <ItemName>0305</ItemName>
      <ManufactureName>לפ הוצ בולט תעשיו</ManufactureName>
      <ManufactureCountry />
      <ManufactureItemDescription />
      <UnitQty>י"ח</UnitQty>
      <Quantity>1</Quantity>
      <UnitMeasure />
      <BisWeighted>0</BisWeighted>
      <QtyInPackage>1</QtyInPackage>
      <ItemPrice>3.05</ItemPrice>
      <UnitOfMeasurePrice>3.05</UnitOfMeasurePrice>
      <AllowDiscount>0</AllowDiscount>
      <itemStatus>1</itemStatus>
      <LastUpdateDate />
      <LastUpdateTime />
    </Product>
    <Product>
      <PriceUpdateDate>2017/08/17 13:34</PriceUpdateDate>
      <ItemCode>9073102079</ItemCode>
      <ItemType>0</ItemType>
      <ItemName>גלידה שקוניס שוקולד 473ג</ItemName>
      <ManufactureName>מוצרי איכות אמריקאיים בעמ</ManufactureName>
      <ManufactureCountry />
      <ManufactureItemDescription />
      <UnitQty>י"ח</UnitQty>
      <Quantity>473</Quantity>
      <UnitMeasure>ל  מ"ל</UnitMeasure>
      <BisWeighted>0</BisWeighted>
      <QtyInPackage>1</QtyInPackage>
      <ItemPrice>23.90</ItemPrice>
      <UnitOfMeasurePrice>5.05</UnitOfMeasurePrice>
      <AllowDiscount>1</AllowDiscount>
      <itemStatus>1</itemStatus>
      <LastUpdateDate />
      <LastUpdateTime />
    </Product>
    <Product>
      <PriceUpdateDate>2017/08/17 13:34</PriceUpdateDate>
      <ItemCode>9073102222</ItemCode>
      <ItemType>0</ItemType>
      <ItemName>סורבט שרונס-לימון</ItemName>
      <ManufactureName>מוצרי איכות אמריקאיים בעמ</ManufactureName>
      <ManufactureCountry />
      <ManufactureItemDescription />
      <UnitQty>י"ח</UnitQty>
      <Quantity>750</Quantity>
      <UnitMeasure>ל  מ"ל</UnitMeasure>
      <BisWeighted>0</BisWeighted>
      <QtyInPackage>1</QtyInPackage>
      <ItemPrice>23.90</ItemPrice>
      <UnitOfMeasurePrice>3.19</UnitOfMeasurePrice>
      <AllowDiscount>1</AllowDiscount>
      <itemStatus>1</itemStatus>
      <LastUpdateDate />
      <LastUpdateTime />
    </Product>
    <Product>
      <PriceUpdateDate>2017/08/17 13:34</PriceUpdateDate>
      <ItemCode>9073102314</ItemCode>
      <ItemType>0</ItemType>
      <ItemName>סורבט שרונס-קוקוס 473 מל</ItemName>
      <ManufactureName>מוצרי איכות אמריקאיים בעמ</ManufactureName>
      <ManufactureCountry />
      <ManufactureItemDescription />
      <UnitQty>י"ח</UnitQty>
      <Quantity>750</Quantity>
      <UnitMeasure>ל  מ"ל</UnitMeasure>
      <BisWeighted>0</BisWeighted>
      <QtyInPackage>1</QtyInPackage>
      <ItemPrice>23.90</ItemPrice>
      <UnitOfMeasurePrice>3.19</UnitOfMeasurePrice>
      <AllowDiscount>1</AllowDiscount>
      <itemStatus>1</itemStatus>
      <LastUpdateDate />
      <LastUpdateTime />
    </Product>
    <Product>
      <PriceUpdateDate>2017/08/17 13:34</PriceUpdateDate>
      <ItemCode>9073102963</ItemCode>
      <ItemType>0</ItemType>
      <ItemName>סורבט שרונס-מנגו</ItemName>
      <ManufactureName>מוצרי איכות אמריקאיים בעמ</ManufactureName>
      <ManufactureCountry />
      <ManufactureItemDescription />
      <UnitQty>י"ח</UnitQty>
      <Quantity>750</Quantity>
      <UnitMeasure>ל  מ"ל</UnitMeasure>
      <BisWeighted>0</BisWeighted>
      <QtyInPackage>1</QtyInPackage>
      <ItemPrice>23.90</ItemPrice>
      <UnitOfMeasurePrice>3.19</UnitOfMeasurePrice>
      <AllowDiscount>1</AllowDiscount>
      <itemStatus>1</itemStatus>
      <LastUpdateDate />
      <LastUpdateTime />
    </Product>
    <Product>
      <PriceUpdateDate>2017/08/17 13:34</PriceUpdateDate>
      <ItemCode>9073910339</ItemCode>
      <ItemType>0</ItemType>
      <ItemName>סורבט שרונס-פסיפלורה</ItemName>
      <ManufactureName>מוצרי איכות אמריקאיים בעמ</ManufactureName>
      <ManufactureCountry />
      <ManufactureItemDescription />
      <UnitQty>י"ח</UnitQty>
      <Quantity>750</Quantity>
      <UnitMeasure>ל  מ"ל</UnitMeasure>
      <BisWeighted>0</BisWeighted>
      <QtyInPackage>1</QtyInPackage>
      <ItemPrice>23.90</ItemPrice>
      <UnitOfMeasurePrice>3.19</UnitOfMeasurePrice>
      <AllowDiscount>1</AllowDiscount>
      <itemStatus>1</itemStatus>
      <LastUpdateDate />
      <LastUpdateTime />
    </Product>
    <Product>
      <PriceUpdateDate>2014/01/19 10:40</PriceUpdateDate>
      <ItemCode>11210006508</ItemCode>
      <ItemType>0</ItemType>
      <ItemName>רוטב טבסקו חריף אקסטרה</ItemName>
      <ManufactureName>ציון תורגמן בעמ</ManufactureName>
      <ManufactureCountry />
      <ManufactureItemDescription />
      <UnitQty>י"ח</UnitQty>
      <Quantity>60</Quantity>
      <UnitMeasure>ל  מ"ל</UnitMeasure>
      <BisWeighted>0</BisWeighted>
      <QtyInPackage>1</QtyInPackage>
      <ItemPrice>16</ItemPrice>
      <UnitOfMeasurePrice>26.67</UnitOfMeasurePrice>
      <AllowDiscount>1</AllowDiscount>
      <itemStatus>1</itemStatus>
      <LastUpdateDate />
      <LastUpdateTime />
    </Product>
    <Product>
      <PriceUpdateDate>2019/06/16 09:47</PriceUpdateDate>
      <ItemCode>14100074120</ItemCode>
      <ItemType>0</ItemType>
      <ItemName>פפרידג עוגיות מילנו  170גרם</ItemName>
      <ManufactureName>מור ים מרקטינג בעמ</ManufactureName>
      <ManufactureCountry />
      <ManufactureItemDescription />
      <UnitQty>י"ח</UnitQty>
      <Quantity>170</Quantity>
      <UnitMeasure>ל  גרם</UnitMeasure>
      <BisWeighted>0</BisWeighted>
      <QtyInPackage>1</QtyInPackage>
      <ItemPrice>18.90</ItemPrice>
      <UnitOfMeasurePrice>11.12</UnitOfMeasurePrice>
      <AllowDiscount>1</AllowDiscount>
      <itemStatus>1</itemStatus>
      <LastUpdateDate />
      <LastUpdateTime />
    </Product>
    <Product>
      <PriceUpdateDate>2019/06/16 09:47</PriceUpdateDate>
      <ItemCode>14100077084</ItemCode>
      <ItemType>0</ItemType>
      <ItemName>פפרידג פקאן שוקו מריר  206גרם</ItemName>
      <ManufactureName>מור ים מרקטינג בעמ</ManufactureName>
      <ManufactureCountry />
      <ManufactureItemDescription />
      <UnitQty>י"ח</UnitQty>
      <Quantity>220</Quantity>
      <UnitMeasure>ל  גרם</UnitMeasure>
      <BisWeighted>0</BisWeighted>
      <QtyInPackage>1</QtyInPackage>
      <ItemPrice>18.90</ItemPrice>
      <UnitOfMeasurePrice>8.59</UnitOfMeasurePrice>
      <AllowDiscount>1</AllowDiscount>
      <itemStatus>1</itemStatus>
      <LastUpdateDate />
      <LastUpdateTime />
    </Product>
    <Product>
      <PriceUpdateDate>2019/06/16 09:47</PriceUpdateDate>
      <ItemCode>14100077121</ItemCode>
      <ItemType>0</ItemType>
      <ItemName>עוגיות פפרידג מקדמיה  204גרם</ItemName>
      <ManufactureName>מור ים מרקטינג בעמ</ManufactureName>
      <ManufactureCountry />
      <ManufactureItemDescription />
      <UnitQty>י"ח</UnitQty>
      <Quantity>204</Quantity>
      <UnitMeasure>ל  גרם</UnitMeasure>
      <BisWeighted>0</BisWeighted>
      <QtyInPackage>1</QtyInPackage>
      <ItemPrice>18.90</ItemPrice>
      <UnitOfMeasurePrice>9.26</UnitOfMeasurePrice>
      <AllowDiscount>1</AllowDiscount>
      <itemStatus>1</itemStatus>
      <LastUpdateDate />
      <LastUpdateTime />
    </Product>
    <Product>
      <PriceUpdateDate>2019/06/16 09:47</PriceUpdateDate>
      <ItemCode>14100082033</ItemCode>
      <ItemType>0</ItemType>
      <ItemName>פפרידג בראוניז רכות  244גרם</ItemName>
      <ManufactureName>מור ים מרקטינג בעמ</ManufactureName>
      <ManufactureCountry />
      <ManufactureItemDescription />
      <UnitQty>י"ח</UnitQty>
      <Quantity>244</Quantity>
      <UnitMeasure>ל  גרם</UnitMeasure>
      <BisWeighted>0</BisWeighted>
      <QtyInPackage>1</QtyInPackage>
      <ItemPrice>18.90</ItemPrice>
      <UnitOfMeasurePrice>7.75</UnitOfMeasurePrice>
      <AllowDiscount>1</AllowDiscount>
      <itemStatus>1</itemStatus>
      <LastUpdateDate />
      <LastUpdateTime />
    </Product>
    <Product>
      <PriceUpdateDate>2019/06/16 09:47</PriceUpdateDate>
      <ItemCode>14100089001</ItemCode>
      <ItemType>0</ItemType>
      <ItemName>עוגיות שוקוצ`יפס חלב רכות מונטוק 244 ג</ItemName>
      <ManufactureName>מור ים מרקטינג בעמ</ManufactureName>
      <ManufactureCountry />
      <ManufactureItemDescription />
      <UnitQty>י"ח</UnitQty>
      <Quantity>244</Quantity>
      <UnitMeasure>ל  גרם</UnitMeasure>
      <BisWeighted>0</BisWeighted>
      <QtyInPackage>1</QtyInPackage>
      <ItemPrice>18.90</ItemPrice>
      <UnitOfMeasurePrice>7.75</UnitOfMeasurePrice>
      <AllowDiscount>1</AllowDiscount>
      <itemStatus>1</itemStatus>
      <LastUpdateDate />
      <LastUpdateTime />
    </Product>
    <Product>
      <PriceUpdateDate>2016/07/29 10:04</PriceUpdateDate>
      <ItemCode>16000281684</ItemCode>
      <ItemType>0</ItemType>
      <ItemName>נייטשר קראנצ`י פקאן 1/5</ItemName>
      <ManufactureName>ליימן שליסל</ManufactureName>
      <ManufactureCountry />
      <ManufactureItemDescription />
      <UnitQty>י"ח</UnitQty>
      <Quantity>210</Quantity>
      <UnitMeasure>ל  גרם</UnitMeasure>
      <BisWeighted>0</BisWeighted>
      <QtyInPackage>1</QtyInPackage>
      <ItemPrice>19.90</ItemPrice>
      <UnitOfMeasurePrice>9.48</UnitOfMeasurePrice>
      <AllowDiscount>1</AllowDiscount>
      <itemStatus>1</itemStatus>
      <LastUpdateDate />
      <LastUpdateTime />
    </Product>
    <Product>
      <PriceUpdateDate>2015/05/08 08:28</PriceUpdateDate>
      <ItemCode>16000423534</ItemCode>
      <ItemType>0</ItemType>
      <ItemName>נייטשר קראנצ`י ש.שועל ושוקולד מריר 1/5</ItemName>
      <ManufactureName>ליימן שליסל</ManufactureName>
      <ManufactureCountry />
      <ManufactureItemDescription />
      <UnitQty>י"ח</UnitQty>
      <Quantity>210</Quantity>
      <UnitMeasure>ל  גרם</UnitMeasure>
      <BisWeighted>0</BisWeighted>
      <QtyInPackage>1</QtyInPackage>
      <ItemPrice>19.90</ItemPrice>
      <UnitOfMeasurePrice>9.48</UnitOfMeasurePrice>
      <AllowDiscount>1</AllowDiscount>
      <itemStatus>1</itemStatus>
      <LastUpdateDate />
      <LastUpdateTime />
    </Product>
    <Product>
      <PriceUpdateDate>2014/10/06 16:20</PriceUpdateDate>
      <ItemCode>16000461888</ItemCode>
      <ItemType>0</ItemType>
      <ItemName>חטיף שיבולת שועל מלאה עם ש.מריר</ItemName>
      <ManufactureName>ליימן שליסל</ManufactureName>
      <ManufactureCountry />
      <ManufactureItemDescription />
      <UnitQty>י"ח</UnitQty>
      <Quantity>210</Quantity>
      <UnitMeasure>ל  גרם</UnitMeasure>
      <BisWeighted>0</BisWeighted>
      <QtyInPackage>1</QtyInPackage>
      <ItemPrice>19.90</ItemPrice>
      <UnitOfMeasurePrice>9.48</UnitOfMeasurePrice>
      <AllowDiscount>1</AllowDiscount>
      <itemStatus>1</itemStatus>
      <LastUpdateDate />
      <LastUpdateTime />
    </Product>
    <Product>
      <PriceUpdateDate>2016/07/29 10:04</PriceUpdateDate>
      <ItemCode>16000548404</ItemCode>
      <ItemType>0</ItemType>
      <ItemName>נייטשר קראנצ`י שיבולת שועל ודבש 1/5</ItemName>
      <ManufactureName>ליימן שליסל</ManufactureName>
      <ManufactureCountry />
      <ManufactureItemDescription />
      <UnitQty>י"ח</UnitQty>
      <Quantity>210</Quantity>
      <UnitMeasure>ל  גרם</UnitMeasure>
      <BisWeighted>0</BisWeighted>
      <QtyInPackage>1</QtyInPackage>
      <ItemPrice>19.90</ItemPrice>
      <UnitOfMeasurePrice>9.48</UnitOfMeasurePrice>
      <AllowDiscount>1</AllowDiscount>
      <itemStatus>1</itemStatus>
      <LastUpdateDate />
      <LastUpdateTime />
    </Product>
    <Product>
      <PriceUpdateDate>2016/07/29 10:04</PriceUpdateDate>
      <ItemCode>16000548503</ItemCode>
      <ItemType>0</ItemType>
      <ItemName>חטיף ניצ`ר ואלי  מייפל בסוכר חום</ItemName>
      <ManufactureName>ליימן שליסל</ManufactureName>
      <ManufactureCountry />
      <ManufactureItemDescription />
      <UnitQty>י"ח</UnitQty>
      <Quantity>210</Quantity>
      <UnitMeasure>ל  גרם</UnitMeasure>
      <BisWeighted>0</BisWeighted>
      <QtyInPackage>1</QtyInPackage>
      <ItemPrice>19.90</ItemPrice>
      <UnitOfMeasurePrice>9.48</UnitOfMeasurePrice>
      <AllowDiscount>1</AllowDiscount>
      <itemStatus>1</itemStatus>
      <LastUpdateDate />
      <LastUpdateTime />
    </Product>
    <Product>
      <PriceUpdateDate>2016/07/29 10:04</PriceUpdateDate>
      <ItemCode>16000548602</ItemCode>
      <ItemType>0</ItemType>
      <ItemName>נייטשר קראנצ`י קינמון 1/5</ItemName>
      <ManufactureName>ליימן שליסל</ManufactureName>
      <ManufactureCountry />
      <ManufactureItemDescription />
      <UnitQty>י"ח</UnitQty>
      <Quantity>210</Quantity>
      <UnitMeasure>ל  גרם</UnitMeasure>
      <BisWeighted>0</BisWeighted>
      <QtyInPackage>1</QtyInPackage>
      <ItemPrice>19.90</ItemPrice>
      <UnitOfMeasurePrice>9.48</UnitOfMeasurePrice>
      <AllowDiscount>1</AllowDiscount>
      <itemStatus>1</itemStatus>
      <LastUpdateDate />
      <LastUpdateTime />
    </Product>
    <Product>
      <PriceUpdateDate>2019/10/02 14:34</PriceUpdateDate>
      <ItemCode>16000548909</ItemCode>
      <ItemType>0</ItemType>
      <ItemName>נייטשר קראנצ`י בריאות מעורב 1/5</ItemName>
      <ManufactureName>ליימן שליסל</ManufactureName>
      <ManufactureCountry />
      <ManufactureItemDescription />
      <UnitQty>י"ח</UnitQty>
      <Quantity>210</Quantity>
      <UnitMeasure>ל  גרם</UnitMeasure>
      <BisWeighted>0</BisWeighted>
      <QtyInPackage>1</QtyInPackage>
      <ItemPrice>19.90</ItemPrice>
      <UnitOfMeasurePrice>9.48</UnitOfMeasurePrice>
      <AllowDiscount>1</AllowDiscount>
      <itemStatus>1</itemStatus>
      <LastUpdateDate />
      <LastUpdateTime />
    </Product>
    <Product>
      <PriceUpdateDate>2013/12/04 14:47</PriceUpdateDate>
      <ItemCode>18000701223</ItemCode>
      <ItemType>0</ItemType>
      <ItemName>תערובת לעוגת שוק</ItemName>
      <ManufactureName>ליימן שליסל</ManufactureName>
      <ManufactureCountry />
      <ManufactureItemDescription />
      <UnitQty>י"ח</UnitQty>
      <Quantity>517</Quantity>
      <UnitMeasure>ל  גרם</UnitMeasure>
      <BisWeighted>0</BisWeighted>
      <QtyInPackage>1</QtyInPackage>
      <ItemPrice>17.90</ItemPrice>
      <UnitOfMeasurePrice>3.46</UnitOfMeasurePrice>
      <AllowDiscount>1</AllowDiscount>
      <itemStatus>1</itemStatus>
      <LastUpdateDate />
      <LastUpdateTime />
    </Product>
    <Product>
      <PriceUpdateDate>2013/12/04 14:47</PriceUpdateDate>
      <ItemCode>18000703494</ItemCode>
      <ItemType>0</ItemType>
      <ItemName>תערובת לעוגות וניל</ItemName>
      <ManufactureName>ליימן שליסל</ManufactureName>
      <ManufactureCountry />
      <ManufactureItemDescription />
      <UnitQty>י"ח</UnitQty>
      <Quantity>524</Quantity>
      <UnitMeasure>ל  גרם</UnitMeasure>
      <BisWeighted>0</BisWeighted>
      <QtyInPackage>1</QtyInPackage>
      <ItemPrice>17.90</ItemPrice>
      <UnitOfMeasurePrice>3.42</UnitOfMeasurePrice>
      <AllowDiscount>1</AllowDiscount>
      <itemStatus>1</itemStatus>
      <LastUpdateDate />
      <LastUpdateTime />
    </Product>
    <Product>
      <PriceUpdateDate>2013/12/05 10:05</PriceUpdateDate>
      <ItemCode>18000703517</ItemCode>
      <ItemType>0</ItemType>
      <ItemName>תערובת לעוגת שיש</ItemName>
      <ManufactureName>ליימן שליסל</ManufactureName>
      <ManufactureCountry />
      <ManufactureItemDescription />
      <UnitQty>י"ח</UnitQty>
      <Quantity>559</Quantity>
      <UnitMeasure>ל  גרם</UnitMeasure>
      <BisWeighted>0</BisWeighted>
      <QtyInPackage>1</QtyInPackage>
      <ItemPrice>17.90</ItemPrice>
      <UnitOfMeasurePrice>3.20</UnitOfMeasurePrice>
      <AllowDiscount>1</AllowDiscount>
      <itemStatus>1</itemStatus>
      <LastUpdateDate />
      <LastUpdateTime />
    </Product>
    <Product>
      <PriceUpdateDate>2013/12/05 10:05</PriceUpdateDate>
      <ItemCode>18000766413</ItemCode>
      <ItemType>0</ItemType>
      <ItemName>תערובת לבראוניס</ItemName>
      <ManufactureName>ליימן שליסל</ManufactureName>
      <ManufactureCountry />
      <ManufactureItemDescription />
      <UnitQty>י"ח</UnitQty>
      <Quantity>609</Quantity>
      <UnitMeasure>ל  גרם</UnitMeasure>
      <BisWeighted>0</BisWeighted>
      <QtyInPackage>1</QtyInPackage>
      <ItemPrice>17.90</ItemPrice>
      <UnitOfMeasurePrice>2.94</UnitOfMeasurePrice>
      <AllowDiscount>1</AllowDiscount>
      <itemStatus>1</itemStatus>
      <LastUpdateDate />
      <LastUpdateTime />
    </Product>
    <Product>
      <PriceUpdateDate>2015/12/03 11:49</PriceUpdateDate>
      <ItemCode>22200956932</ItemCode>
      <ItemType>0</ItemType>
      <ItemName>##ספיד סטיק ג ל-כחול</ItemName>
      <ManufactureName>ש.שסטוביץ בעמ</ManufactureName>
      <ManufactureCountry />
      <ManufactureItemDescription />
      <UnitQty>י"ח</UnitQty>
      <Quantity>51</Quantity>
      <UnitMeasure>ל  גרם</UnitMeasure>
      <BisWeighted>0</BisWeighted>
      <QtyInPackage>1</QtyInPackage>
      <ItemPrice>25.90</ItemPrice>
      <UnitOfMeasurePrice>50.78</UnitOfMeasurePrice>
      <AllowDiscount>1</AllowDiscount>
      <itemStatus>1</itemStatus>
      <LastUpdateDate />
      <LastUpdateTime />
    </Product>
    <Product>
      <PriceUpdateDate>2015/12/03 11:49</PriceUpdateDate>
      <ItemCode>22200956949</ItemCode>
      <ItemType>0</ItemType>
      <ItemName>ספיד סטיק ג ל-כתום</ItemName>
      <ManufactureName>ש.שסטוביץ בעמ</ManufactureName>
      <ManufactureCountry />
      <ManufactureItemDescription />
      <UnitQty>י"ח</UnitQty>
      <Quantity>51</Quantity>
      <UnitMeasure>ל  גרם</UnitMeasure>
      <BisWeighted>0</BisWeighted>
      <QtyInPackage>1</QtyInPackage>
      <ItemPrice>25.90</ItemPrice>
      <UnitOfMeasurePrice>50.78</UnitOfMeasurePrice>
      <AllowDiscount>1</AllowDiscount>
      <itemStatus>1</itemStatus>
      <LastUpdateDate />
      <LastUpdateTime />
    </Product>
    <Product>
      <PriceUpdateDate>2014/01/03 13:46</PriceUpdateDate>
      <ItemCode>35000689535</ItemCode>
      <ItemType>0</ItemType>
      <ItemName>קולגייט מקס וייט סופט זוג</ItemName>
      <ManufactureName>ש.שסטוביץ בעמ</ManufactureName>
      <ManufactureCountry />
      <ManufactureItemDescription />
      <UnitQty>י"ח</UnitQty>
      <Quantity>1</Quantity>
      <UnitMeasure />
      <BisWeighted>0</BisWeighted>
      <QtyInPackage>1</QtyInPackage>
      <ItemPrice>25.90</ItemPrice>
      <UnitOfMeasurePrice>25.90</UnitOfMeasurePrice>
      <AllowDiscount>1</AllowDiscount>
      <itemStatus>1</itemStatus>
      <LastUpdateDate />
      <LastUpdateTime />
    </Product>
    <Product>
      <PriceUpdateDate>2020/04/06 08:06</PriceUpdateDate>
      <ItemCode>36000183399</ItemCode>
      <ItemType>0</ItemType>
      <ItemName>האגיס ליטל בגד ים ח.פ  S</ItemName>
      <ManufactureName>קימברלי קלארק ישראל שיווק בעמ</ManufactureName>
      <ManufactureCountry />
      <ManufactureItemDescription />
      <UnitQty>י"ח</UnitQty>
      <Quantity>1</Quantity>
      <UnitMeasure />
      <BisWeighted>0</BisWeighted>
      <QtyInPackage>1</QtyInPackage>
      <ItemPrice>29.90</ItemPrice>
      <UnitOfMeasurePrice>29.90</UnitOfMeasurePrice>
      <AllowDiscount>1</AllowDiscount>
      <itemStatus>1</itemStatus>
      <LastUpdateDate />
      <LastUpdateTime />
    </Product>
    <Product>
      <PriceUpdateDate>2019/06/07 09:10</PriceUpdateDate>
      <ItemCode>37000505792</ItemCode>
      <ItemType>0</ItemType>
      <ItemName>פמפרס מכנסונים שחייה ספלשרס מידה 3-4</ItemName>
      <ManufactureName>דיפלומט מפיצים 1968 בעמ</ManufactureName>
      <ManufactureCountry />
      <ManufactureItemDescription />
      <UnitQty>י"ח</UnitQty>
      <Quantity>1</Quantity>
      <UnitMeasure />
      <BisWeighted>0</BisWeighted>
      <QtyInPackage>1</QtyInPackage>
      <ItemPrice>29.90</ItemPrice>
      <UnitOfMeasurePrice>29.90</UnitOfMeasurePrice>
      <AllowDiscount>1</AllowDiscount>
      <itemStatus>1</itemStatus>
      <LastUpdateDate />
      <LastUpdateTime />
    </Product>
    <Product>
      <PriceUpdateDate>2019/06/07 09:10</PriceUpdateDate>
      <ItemCode>37000505822</ItemCode>
      <ItemType>0</ItemType>
      <ItemName>פמפרס מכנסונים שחייה ספלשרס מידה 5</ItemName>
      <ManufactureName>דיפלומט מפיצים 1968 בעמ</ManufactureName>
      <ManufactureCountry />
      <ManufactureItemDescription />
      <UnitQty>י"ח</UnitQty>
      <Quantity>1</Quantity>
      <UnitMeasure />
      <BisWeighted>0</BisWeighted>
      <QtyInPackage>1</QtyInPackage>
      <ItemPrice>29.90</ItemPrice>
      <UnitOfMeasurePrice>29.90</UnitOfMeasurePrice>
      <AllowDiscount>1</AllowDiscount>
      <itemStatus>1</itemStatus>
      <LastUpdateDate />
      <LastUpdateTime />
    </Product>
    <Product>
      <PriceUpdateDate>2019/06/07 09:10</PriceUpdateDate>
      <ItemCode>37000505853</ItemCode>
      <ItemType>0</ItemType>
      <ItemName>פמפרס מכנסונים שחייה ספלשרס מידה 6</ItemName>
      <ManufactureName>דיפלומט מפיצים 1968 בעמ</ManufactureName>
      <ManufactureCountry />
      <ManufactureItemDescription />
      <UnitQty>י"ח</UnitQty>
      <Quantity>1</Quantity>
      <UnitMeasure />
      <BisWeighted>0</BisWeighted>
      <QtyInPackage>1</QtyInPackage>
      <ItemPrice>29.90</ItemPrice>
      <UnitOfMeasurePrice>29.90</UnitOfMeasurePrice>
      <AllowDiscount>1</AllowDiscount>
      <itemStatus>1</itemStatus>
      <LastUpdateDate />
      <LastUpdateTime />
    </Product>
    <Product>
      <PriceUpdateDate>2019/01/20 12:34</PriceUpdateDate>
      <ItemCode>41390000904</ItemCode>
      <ItemType>0</ItemType>
      <ItemName>רוטב סויה קיקומן</ItemName>
      <ManufactureName>דיפלומט בעמ</ManufactureName>
      <ManufactureCountry />
      <ManufactureItemDescription />
      <UnitQty>י"ח</UnitQty>
      <Quantity>444</Quantity>
      <UnitMeasure>ל  מ"ל</UnitMeasure>
      <BisWeighted>0</BisWeighted>
      <QtyInPackage>1</QtyInPackage>
      <ItemPrice>19.90</ItemPrice>
      <UnitOfMeasurePrice>4.48</UnitOfMeasurePrice>
      <AllowDiscount>1</AllowDiscount>
      <itemStatus>1</itemStatus>
      <LastUpdateDate />
      <LastUpdateTime />
    </Product>
    <Product>
      <PriceUpdateDate>2019/04/04 09:04</PriceUpdateDate>
      <ItemCode>41390001079</ItemCode>
      <ItemType>0</ItemType>
      <ItemName>רוטב סויה דל נטרן 444מ"ל</ItemName>
      <ManufactureName>דיפלומט בעמ</ManufactureName>
      <ManufactureCountry />
      <ManufactureItemDescription />
      <UnitQty>י"ח</UnitQty>
      <Quantity>144</Quantity>
      <UnitMeasure>ל  מ"ל</UnitMeasure>
      <BisWeighted>0</BisWeighted>
      <QtyInPackage>1</QtyInPackage>
      <ItemPrice>19.90</ItemPrice>
      <UnitOfMeasurePrice>13.82</UnitOfMeasurePrice>
      <AllowDiscount>1</AllowDiscount>
      <itemStatus>1</itemStatus>
      <LastUpdateDate />
      <LastUpdateTime />
    </Product>
    <Product>
      <PriceUpdateDate>2019/04/04 09:04</PriceUpdateDate>
      <ItemCode>41390010309</ItemCode>
      <ItemType>0</ItemType>
      <ItemName>רוטב טריאקי 444מ"ל</ItemName>
      <ManufactureName>דיפלומט בעמ</ManufactureName>
      <ManufactureCountry />
      <ManufactureItemDescription />
      <UnitQty>י"ח</UnitQty>
      <Quantity>144</Quantity>
      <UnitMeasure>ל  מ"ל</UnitMeasure>
      <BisWeighted>0</BisWeighted>
      <QtyInPackage>1</QtyInPackage>
      <ItemPrice>19.90</ItemPrice>
      <UnitOfMeasurePrice>13.82</UnitOfMeasurePrice>
      <AllowDiscount>1</AllowDiscount>
      <itemStatus>1</itemStatus>
      <LastUpdateDate />
      <LastUpdateTime />
    </Product>
    <Product>
      <PriceUpdateDate>2020/04/21 10:23</PriceUpdateDate>
      <ItemCode>45514964325</ItemCode>
      <ItemType>0</ItemType>
      <ItemName>סירופ מייפל טהור 100% 236גר</ItemName>
      <ManufactureName>מור ים מרקטינג בעמ</ManufactureName>
      <ManufactureCountry />
      <ManufactureItemDescription />
      <UnitQty>י"ח</UnitQty>
      <Quantity>236</Quantity>
      <UnitMeasure>ל  גרם</UnitMeasure>
      <BisWeighted>0</BisWeighted>
      <QtyInPackage>1</QtyInPackage>
      <ItemPrice>40.90</ItemPrice>
      <UnitOfMeasurePrice>17.33</UnitOfMeasurePrice>
      <AllowDiscount>1</AllowDiscount>
      <itemStatus>1</itemStatus>
      <LastUpdateDate />
      <LastUpdateTime />
    </Product>
    <Product>
      <PriceUpdateDate>2016/05/27 09:34</PriceUpdateDate>
      <ItemCode>46214372250</ItemCode>
      <ItemType>0</ItemType>
      <ItemName>עוגיות שטרודל 225 גרם תפוח מרבה</ItemName>
      <ManufactureName>ש.שסטוביץ בעמ</ManufactureName>
      <ManufactureCountry />
      <ManufactureItemDescription />
      <UnitQty>י"ח</UnitQty>
      <Quantity>225</Quantity>
      <UnitMeasure>ל  גרם</UnitMeasure>
      <BisWeighted>0</BisWeighted>
      <QtyInPackage>1</QtyInPackage>
      <ItemPrice>9.90</ItemPrice>
      <UnitOfMeasurePrice>4.40</UnitOfMeasurePrice>
      <AllowDiscount>1</AllowDiscount>
      <itemStatus>1</itemStatus>
      <LastUpdateDate />
      <LastUpdateTime />
    </Product>
    <Product>
      <PriceUpdateDate>2018/07/15 15:22</PriceUpdateDate>
      <ItemCode>46214382259</ItemCode>
      <ItemType>0</ItemType>
      <ItemName>עוגיות בראוניס 225 גרם</ItemName>
      <ManufactureName>ש.שסטוביץ בעמ</ManufactureName>
      <ManufactureCountry />
      <ManufactureItemDescription />
      <UnitQty>י"ח</UnitQty>
      <Quantity>225</Quantity>
      <UnitMeasure>ל  גרם</UnitMeasure>
      <BisWeighted>0</BisWeighted>
      <QtyInPackage>1</QtyInPackage>
      <ItemPrice>10.90</ItemPrice>
      <UnitOfMeasurePrice>4.84</UnitOfMeasurePrice>
      <AllowDiscount>1</AllowDiscount>
      <itemStatus>1</itemStatus>
      <LastUpdateDate />
      <LastUpdateTime />
    </Product>
    <Product>
      <PriceUpdateDate>2018/07/15 15:22</PriceUpdateDate>
      <ItemCode>46214731552</ItemCode>
      <ItemType>0</ItemType>
      <ItemName>עוגיות שוקו צ יפ מרבה</ItemName>
      <ManufactureName>ש.שסטוביץ בעמ</ManufactureName>
      <ManufactureCountry />
      <ManufactureItemDescription />
      <UnitQty>י"ח</UnitQty>
      <Quantity>225</Quantity>
      <UnitMeasure>ל  גרם</UnitMeasure>
      <BisWeighted>0</BisWeighted>
      <QtyInPackage>1</QtyInPackage>
      <ItemPrice>10.90</ItemPrice>
      <UnitOfMeasurePrice>4.84</UnitOfMeasurePrice>
      <AllowDiscount>1</AllowDiscount>
      <itemStatus>1</itemStatus>
      <LastUpdateDate />
      <LastUpdateTime />
    </Product>
    <Product>
      <PriceUpdateDate>2014/05/19 17:20</PriceUpdateDate>
      <ItemCode>46500030635</ItemCode>
      <ItemType>0</ItemType>
      <ItemName>ACTIVE כחול-ניקוי וטיפוח</ItemName>
      <ManufactureName>דנשר (1963) בעמ</ManufactureName>
      <ManufactureCountry />
      <ManufactureItemDescription />
      <UnitQty>י"ח</UnitQty>
      <Quantity>200</Quantity>
      <UnitMeasure>ל  מ"ל</UnitMeasure>
      <BisWeighted>0</BisWeighted>
      <QtyInPackage>1</QtyInPackage>
      <ItemPrice>18.90</ItemPrice>
      <UnitOfMeasurePrice>9.45</UnitOfMeasurePrice>
      <AllowDiscount>1</AllowDiscount>
      <itemStatus>1</itemStatus>
      <LastUpdateDate />
      <LastUpdateTime />
    </Product>
    <Product>
      <PriceUpdateDate>2014/06/30 16:02</PriceUpdateDate>
      <ItemCode>50000040803</ItemCode>
      <ItemType>0</ItemType>
      <ItemName>פנסי פיסט גריל עוף 85גר`</ItemName>
      <ManufactureName>קבוצת אוסם סחר-שות.מוגבלת</ManufactureName>
      <ManufactureCountry />
      <ManufactureItemDescription />
      <UnitQty>י"ח</UnitQty>
      <Quantity>1</Quantity>
      <UnitMeasure />
      <BisWeighted>0</BisWeighted>
      <QtyInPackage>1</QtyInPackage>
      <ItemPrice>6.10</ItemPrice>
      <UnitOfMeasurePrice>6.10</UnitOfMeasurePrice>
      <AllowDiscount>1</AllowDiscount>
      <itemStatus>1</itemStatus>
      <LastUpdateDate />
      <LastUpdateTime />
    </Product>
    <Product>
      <PriceUpdateDate>2016/09/05 10:03</PriceUpdateDate>
      <ItemCode>50000292592</ItemCode>
      <ItemType>0</ItemType>
      <ItemName>פנסי פיסט סלמון וסול ברוטב עשיר 85גר</ItemName>
      <ManufactureName>קבוצת אוסם סחר-שות.מוגבלת</ManufactureName>
      <ManufactureCountry />
      <ManufactureItemDescription />
      <UnitQty>י"ח</UnitQty>
      <Quantity>85</Quantity>
      <UnitMeasure>ל  גרם</UnitMeasure>
      <BisWeighted>0</BisWeighted>
      <QtyInPackage>1</QtyInPackage>
      <ItemPrice>5.90</ItemPrice>
      <UnitOfMeasurePrice>6.94</UnitOfMeasurePrice>
      <AllowDiscount>1</AllowDiscount>
      <itemStatus>1</itemStatus>
      <LastUpdateDate />
      <LastUpdateTime />
    </Product>
    <Product>
      <PriceUpdateDate>2016/09/05 10:03</PriceUpdateDate>
      <ItemCode>50000292615</ItemCode>
      <ItemType>0</ItemType>
      <ItemName>פנסי פיסט לבבות עוף וכבד רוטב עשיר 85ג</ItemName>
      <ManufactureName>קבוצת אוסם סחר-שות.מוגבלת</ManufactureName>
      <ManufactureCountry />
      <ManufactureItemDescription />
      <UnitQty>י"ח</UnitQty>
      <Quantity>85</Quantity>
      <UnitMeasure>ל  גרם</UnitMeasure>
      <BisWeighted>0</BisWeighted>
      <QtyInPackage>1</QtyInPackage>
      <ItemPrice>5.90</ItemPrice>
      <UnitOfMeasurePrice>6.94</UnitOfMeasurePrice>
      <AllowDiscount>1</AllowDiscount>
      <itemStatus>1</itemStatus>
      <LastUpdateDate />
      <LastUpdateTime />
    </Product>
    <Product>
      <PriceUpdateDate>2014/06/30 16:02</PriceUpdateDate>
      <ItemCode>50000426447</ItemCode>
      <ItemType>0</ItemType>
      <ItemName>פנסי פיסט נתחי הודו</ItemName>
      <ManufactureName>קבוצת אוסם סחר-שות.מוגבלת</ManufactureName>
      <ManufactureCountry />
      <ManufactureItemDescription />
      <UnitQty>י"ח</UnitQty>
      <Quantity>85</Quantity>
      <UnitMeasure>ל  גרם</UnitMeasure>
      <BisWeighted>0</BisWeighted>
      <QtyInPackage>1</QtyInPackage>
      <ItemPrice>6.10</ItemPrice>
      <UnitOfMeasurePrice>7.18</UnitOfMeasurePrice>
      <AllowDiscount>1</AllowDiscount>
      <itemStatus>1</itemStatus>
      <LastUpdateDate />
      <LastUpdateTime />
    </Product>
    <Product>
      <PriceUpdateDate>2014/06/30 16:02</PriceUpdateDate>
      <ItemCode>50000429042</ItemCode>
      <ItemType>0</ItemType>
      <ItemName>פנסי פיטס כבד מעודן ועוף</ItemName>
      <ManufactureName>קבוצת אוסם סחר-שות.מוגבלת</ManufactureName>
      <ManufactureCountry />
      <ManufactureItemDescription />
      <UnitQty>י"ח</UnitQty>
      <Quantity>85</Quantity>
      <UnitMeasure>ל  גרם</UnitMeasure>
      <BisWeighted>0</BisWeighted>
      <QtyInPackage>1</QtyInPackage>
      <ItemPrice>6.10</ItemPrice>
      <UnitOfMeasurePrice>7.18</UnitOfMeasurePrice>
      <AllowDiscount>1</AllowDiscount>
      <itemStatus>1</itemStatus>
      <LastUpdateDate />
      <LastUpdateTime />
    </Product>
    <Product>
      <PriceUpdateDate>2014/06/30 16:02</PriceUpdateDate>
      <ItemCode>50000429240</ItemCode>
      <ItemType>0</ItemType>
      <ItemName>פסני פיסט גריל קצוץ</ItemName>
      <ManufactureName>קבוצת אוסם סחר-שות.מוגבלת</ManufactureName>
      <ManufactureCountry />
      <ManufactureItemDescription />
      <UnitQty>י"ח</UnitQty>
      <Quantity>85</Quantity>
      <UnitMeasure>ל  גרם</UnitMeasure>
      <BisWeighted>0</BisWeighted>
      <QtyInPackage>1</QtyInPackage>
      <ItemPrice>6.10</ItemPrice>
      <UnitOfMeasurePrice>7.18</UnitOfMeasurePrice>
      <AllowDiscount>1</AllowDiscount>
      <itemStatus>1</itemStatus>
      <LastUpdateDate />
      <LastUpdateTime />
    </Product>
    <Product>
      <PriceUpdateDate>2014/06/30 16:02</PriceUpdateDate>
      <ItemCode>50000429448</ItemCode>
      <ItemType>0</ItemType>
      <ItemName>פנסי פיסט נתחי הודו</ItemName>
      <ManufactureName>קבוצת אוסם סחר-שות.מוגבלת</ManufactureName>
      <ManufactureCountry />
      <ManufactureItemDescription />
      <UnitQty>י"ח</UnitQty>
      <Quantity>85</Quantity>
      <UnitMeasure>ל  גרם</UnitMeasure>
      <BisWeighted>0</BisWeighted>
      <QtyInPackage>1</QtyInPackage>
      <ItemPrice>6.10</ItemPrice>
      <UnitOfMeasurePrice>7.18</UnitOfMeasurePrice>
      <AllowDiscount>1</AllowDiscount>
      <itemStatus>1</itemStatus>
      <LastUpdateDate />
      <LastUpdateTime />
    </Product>
    <Product>
      <PriceUpdateDate>2014/12/08 15:26</PriceUpdateDate>
      <ItemCode>50000429646</ItemCode>
      <ItemType>0</ItemType>
      <ItemName>פנסי פיסט טעם טונה</ItemName>
      <ManufactureName>קבוצת אוסם סחר-שות.מוגבלת</ManufactureName>
      <ManufactureCountry />
      <ManufactureItemDescription />
      <UnitQty>י"ח</UnitQty>
      <Quantity>85</Quantity>
      <UnitMeasure>ל  גרם</UnitMeasure>
      <BisWeighted>0</BisWeighted>
      <QtyInPackage>1</QtyInPackage>
      <ItemPrice>6.50</ItemPrice>
      <UnitOfMeasurePrice>7.65</UnitOfMeasurePrice>
      <AllowDiscount>1</AllowDiscount>
      <itemStatus>1</itemStatus>
      <LastUpdateDate />
      <LastUpdateTime />
    </Product>
    <Product>
      <PriceUpdateDate>2014/06/30 16:02</PriceUpdateDate>
      <ItemCode>50000429844</ItemCode>
      <ItemType>0</ItemType>
      <ItemName>פנסי פיטס הודו ונתחי עוף</ItemName>
      <ManufactureName>קבוצת אוסם סחר-שות.מוגבלת</ManufactureName>
      <ManufactureCountry />
      <ManufactureItemDescription />
      <UnitQty>י"ח</UnitQty>
      <Quantity>85</Quantity>
      <UnitMeasure>ל  גרם</UnitMeasure>
      <BisWeighted>0</BisWeighted>
      <QtyInPackage>1</QtyInPackage>
      <ItemPrice>6.10</ItemPrice>
      <UnitOfMeasurePrice>7.18</UnitOfMeasurePrice>
      <AllowDiscount>1</AllowDiscount>
      <itemStatus>1</itemStatus>
      <LastUpdateDate />
      <LastUpdateTime />
    </Product>
    <Product>
      <PriceUpdateDate>2014/06/30 16:02</PriceUpdateDate>
      <ItemCode>50000429943</ItemCode>
      <ItemType>0</ItemType>
      <ItemName>פסני פיסט גורמה עוף</ItemName>
      <ManufactureName>קבוצת אוסם סחר-שות.מוגבלת</ManufactureName>
      <ManufactureCountry />
      <ManufactureItemDescription />
      <UnitQty>י"ח</UnitQty>
      <Quantity>85</Quantity>
      <UnitMeasure>ל  גרם</UnitMeasure>
      <BisWeighted>0</BisWeighted>
      <QtyInPackage>1</QtyInPackage>
      <ItemPrice>6.10</ItemPrice>
      <UnitOfMeasurePrice>7.18</UnitOfMeasurePrice>
      <AllowDiscount>1</AllowDiscount>
      <itemStatus>1</itemStatus>
      <LastUpdateDate />
      <LastUpdateTime />
    </Product>
    <Product>
      <PriceUpdateDate>2014/06/30 16:02</PriceUpdateDate>
      <ItemCode>50000434640</ItemCode>
      <ItemType>0</ItemType>
      <ItemName>פנסי פיסט טעם כבד</ItemName>
      <ManufactureName>קבוצת אוסם סחר-שות.מוגבלת</ManufactureName>
      <ManufactureCountry />
      <ManufactureItemDescription />
      <UnitQty>י"ח</UnitQty>
      <Quantity>85</Quantity>
      <UnitMeasure>ל  גרם</UnitMeasure>
      <BisWeighted>0</BisWeighted>
      <QtyInPackage>1</QtyInPackage>
      <ItemPrice>6.10</ItemPrice>
      <UnitOfMeasurePrice>7.18</UnitOfMeasurePrice>
      <AllowDiscount>1</AllowDiscount>
      <itemStatus>1</itemStatus>
      <LastUpdateDate />
      <LastUpdateTime />
    </Product>
    <Product>
      <PriceUpdateDate>2020/01/19 10:26</PriceUpdateDate>
      <ItemCode>50000578450</ItemCode>
      <ItemType>0</ItemType>
      <ItemName>פנסי פיסט עוף ברוטב עשיר 85גר</ItemName>
      <ManufactureName>קבוצת אוסם סחר-שות.מוגבלת</ManufactureName>
      <ManufactureCountry />
      <ManufactureItemDescription />
      <UnitQty>י"ח</UnitQty>
      <Quantity>85</Quantity>
      <UnitMeasure>ל  גרם</UnitMeasure>
      <BisWeighted>0</BisWeighted>
      <QtyInPackage>1</QtyInPackage>
      <ItemPrice>6.10</ItemPrice>
      <UnitOfMeasurePrice>7.18</UnitOfMeasurePrice>
      <AllowDiscount>1</AllowDiscount>
      <itemStatus>1</itemStatus>
      <LastUpdateDate />
      <LastUpdateTime />
    </Product>
    <Product>
      <PriceUpdateDate>2013/12/09 19:06</PriceUpdateDate>
      <ItemCode>50000581542</ItemCode>
      <ItemType>0</ItemType>
      <ItemName>פנסי פיסט מעדן בוקר עוף</ItemName>
      <ManufactureName>קבוצת אוסם סחר-שות.מוגבלת</ManufactureName>
      <ManufactureCountry />
      <ManufactureItemDescription />
      <UnitQty>י"ח</UnitQty>
      <Quantity>85</Quantity>
      <UnitMeasure>ל  גרם</UnitMeasure>
      <BisWeighted>0</BisWeighted>
      <QtyInPackage>1</QtyInPackage>
      <ItemPrice>7.30</ItemPrice>
      <UnitOfMeasurePrice>8.59</UnitOfMeasurePrice>
      <AllowDiscount>1</AllowDiscount>
      <itemStatus>1</itemStatus>
      <LastUpdateDate />
      <LastUpdateTime />
    </Product>
    <Product>
      <PriceUpdateDate>2014/01/05 12:51</PriceUpdateDate>
      <ItemCode>51000002846</ItemCode>
      <ItemType>0</ItemType>
      <ItemName>מיץ ירקות 946 מ"ל V8</ItemName>
      <ManufactureName>טמפו משקאות בעמ</ManufactureName>
      <ManufactureCountry />
      <ManufactureItemDescription />
      <UnitQty>י"ח</UnitQty>
      <Quantity>946</Quantity>
      <UnitMeasure>ל  מ"ל</UnitMeasure>
      <BisWeighted>0</BisWeighted>
      <QtyInPackage>1</QtyInPackage>
      <ItemPrice>20</ItemPrice>
      <UnitOfMeasurePrice>2.11</UnitOfMeasurePrice>
      <AllowDiscount>1</AllowDiscount>
      <itemStatus>1</itemStatus>
      <LastUpdateDate />
      <LastUpdateTime />
    </Product>
    <Product>
      <PriceUpdateDate>2014/01/19 10:40</PriceUpdateDate>
      <ItemCode>64144030217</ItemCode>
      <ItemType>0</ItemType>
      <ItemName>תרסיס שמן חמאה 141 ג</ItemName>
      <ManufactureName>ליימן שליסל</ManufactureName>
      <ManufactureCountry />
      <ManufactureItemDescription />
      <UnitQty>י"ח</UnitQty>
      <Quantity>141</Quantity>
      <UnitMeasure>ל  מ"ל</UnitMeasure>
      <BisWeighted>0</BisWeighted>
      <QtyInPackage>1</QtyInPackage>
      <ItemPrice>18.50</ItemPrice>
      <UnitOfMeasurePrice>13.12</UnitOfMeasurePrice>
      <AllowDiscount>1</AllowDiscount>
      <itemStatus>1</itemStatus>
      <LastUpdateDate />
      <LastUpdateTime />
    </Product>
    <Product>
      <PriceUpdateDate>2014/01/19 10:40</PriceUpdateDate>
      <ItemCode>64144030644</ItemCode>
      <ItemType>0</ItemType>
      <ItemName>תרסיס שמן זית 141 ג</ItemName>
      <ManufactureName>ליימן שליסל</ManufactureName>
      <ManufactureCountry />
      <ManufactureItemDescription />
      <UnitQty>י"ח</UnitQty>
      <Quantity>141</Quantity>
      <UnitMeasure>ל  מ"ל</UnitMeasure>
      <BisWeighted>0</BisWeighted>
      <QtyInPackage>1</QtyInPackage>
      <ItemPrice>18.50</ItemPrice>
      <UnitOfMeasurePrice>13.12</UnitOfMeasurePrice>
      <AllowDiscount>1</AllowDiscount>
      <itemStatus>1</itemStatus>
      <LastUpdateDate />
      <LastUpdateTime />
    </Product>
    <Product>
      <PriceUpdateDate>2014/01/19 10:40</PriceUpdateDate>
      <ItemCode>64144033164</ItemCode>
      <ItemType>0</ItemType>
      <ItemName>תרסיס שמן בטעם חמאה</ItemName>
      <ManufactureName>ליימן שליסל</ManufactureName>
      <ManufactureCountry />
      <ManufactureItemDescription />
      <UnitQty>י"ח</UnitQty>
      <Quantity>141</Quantity>
      <UnitMeasure>ל  מ"ל</UnitMeasure>
      <BisWeighted>0</BisWeighted>
      <QtyInPackage>1</QtyInPackage>
      <ItemPrice>18.50</ItemPrice>
      <UnitOfMeasurePrice>13.12</UnitOfMeasurePrice>
      <AllowDiscount>1</AllowDiscount>
      <itemStatus>1</itemStatus>
      <LastUpdateDate />
      <LastUpdateTime />
    </Product>
    <Product>
      <PriceUpdateDate>2015/01/04 09:29</PriceUpdateDate>
      <ItemCode>64144090006</ItemCode>
      <ItemType>0</ItemType>
      <ItemName>תרסיס שמן קנולה 141 ג</ItemName>
      <ManufactureName>ליימן שליסל</ManufactureName>
      <ManufactureCountry />
      <ManufactureItemDescription />
      <UnitQty>י"ח</UnitQty>
      <Quantity>141</Quantity>
      <UnitMeasure>ל  מ"ל</UnitMeasure>
      <BisWeighted>0</BisWeighted>
      <QtyInPackage>1</QtyInPackage>
      <ItemPrice>19.90</ItemPrice>
      <UnitOfMeasurePrice>14.11</UnitOfMeasurePrice>
      <AllowDiscount>1</AllowDiscount>
      <itemStatus>1</itemStatus>
      <LastUpdateDate />
      <LastUpdateTime />
    </Product>
    <Product>
      <PriceUpdateDate>2015/01/04 09:29</PriceUpdateDate>
      <ItemCode>64144090013</ItemCode>
      <ItemType>0</ItemType>
      <ItemName>תרסיס שמן בטעם חמאה</ItemName>
      <ManufactureName>ליימן שליסל</ManufactureName>
      <ManufactureCountry />
      <ManufactureItemDescription />
      <UnitQty>י"ח</UnitQty>
      <Quantity>141</Quantity>
      <UnitMeasure>ל  מ"ל</UnitMeasure>
      <BisWeighted>0</BisWeighted>
      <QtyInPackage>1</QtyInPackage>
      <ItemPrice>19.90</ItemPrice>
      <UnitOfMeasurePrice>14.11</UnitOfMeasurePrice>
      <AllowDiscount>1</AllowDiscount>
      <itemStatus>1</itemStatus>
      <LastUpdateDate />
      <LastUpdateTime />
    </Product>
    <Product>
      <PriceUpdateDate>2019/10/02 14:34</PriceUpdateDate>
      <ItemCode>64144090020</ItemCode>
      <ItemType>0</ItemType>
      <ItemName>~תרסיס שמן זית 141 ג</ItemName>
      <ManufactureName>ליימן שליסל</ManufactureName>
      <ManufactureCountry />
      <ManufactureItemDescription />
      <UnitQty>י"ח</UnitQty>
      <Quantity>141</Quantity>
      <UnitMeasure>ל  מ"ל</UnitMeasure>
      <BisWeighted>0</BisWeighted>
      <QtyInPackage>1</QtyInPackage>
      <ItemPrice>19.90</ItemPrice>
      <UnitOfMeasurePrice>14.11</UnitOfMeasurePrice>
      <AllowDiscount>1</AllowDiscount>
      <itemStatus>1</itemStatus>
      <LastUpdateDate />
      <LastUpdateTime />
    </Product>
    <Product>
      <PriceUpdateDate>2015/08/17 11:49</PriceUpdateDate>
      <ItemCode>64144090051</ItemCode>
      <ItemType>0</ItemType>
      <ItemName>תרסיס שמן פאם קנולה 148 ג</ItemName>
      <ManufactureName>ליימן שליסל</ManufactureName>
      <ManufactureCountry />
      <ManufactureItemDescription />
      <UnitQty>י"ח</UnitQty>
      <Quantity>148</Quantity>
      <UnitMeasure>ל  מ"ל</UnitMeasure>
      <BisWeighted>0</BisWeighted>
      <QtyInPackage>1</QtyInPackage>
      <ItemPrice>19.90</ItemPrice>
      <UnitOfMeasurePrice>13.45</UnitOfMeasurePrice>
      <AllowDiscount>1</AllowDiscount>
      <itemStatus>1</itemStatus>
      <LastUpdateDate />
      <LastUpdateTime />
    </Product>
    <Product>
      <PriceUpdateDate>2019/06/16 09:47</PriceUpdateDate>
      <ItemCode>71923400000</ItemCode>
      <ItemType>0</ItemType>
      <ItemName>תחתית לפאי 170 גרם</ItemName>
      <ManufactureName>מור ים מרקטינג בעמ</ManufactureName>
      <ManufactureCountry />
      <ManufactureItemDescription />
      <UnitQty>י"ח</UnitQty>
      <Quantity>170</Quantity>
      <UnitMeasure>ל  גרם</UnitMeasure>
      <BisWeighted>0</BisWeighted>
      <QtyInPackage>1</QtyInPackage>
      <ItemPrice>12.90</ItemPrice>
      <UnitOfMeasurePrice>7.59</UnitOfMeasurePrice>
      <AllowDiscount>1</AllowDiscount>
      <itemStatus>1</itemStatus>
      <LastUpdateDate />
      <LastUpdateTime />
    </Product>
    <Product>
      <PriceUpdateDate>2017/08/17 13:34</PriceUpdateDate>
      <ItemCode>72840076574</ItemCode>
      <ItemType>0</ItemType>
      <ItemName>גלידה פיינטים מילק קוקיס</ItemName>
      <ManufactureName>מוצרי איכות אמריקאיים בעמ</ManufactureName>
      <ManufactureCountry />
      <ManufactureItemDescription />
      <UnitQty>י"ח</UnitQty>
      <Quantity>750</Quantity>
      <UnitMeasure>ל  מ"ל</UnitMeasure>
      <BisWeighted>0</BisWeighted>
      <QtyInPackage>1</QtyInPackage>
      <ItemPrice>23.90</ItemPrice>
      <UnitOfMeasurePrice>3.19</UnitOfMeasurePrice>
      <AllowDiscount>1</AllowDiscount>
      <itemStatus>1</itemStatus>
      <LastUpdateDate />
      <LastUpdateTime />
    </Product>
    <Product>
      <PriceUpdateDate>2019/03/25 10:10</PriceUpdateDate>
      <ItemCode>74234512141</ItemCode>
      <ItemType>0</ItemType>
      <ItemName>פיקו דה גאלו על בסיס עגב.  230ג</ItemName>
      <ManufactureName>מזרח ומערב יבוא ושיווק</ManufactureName>
      <ManufactureCountry />
      <ManufactureItemDescription />
      <UnitQty>י"ח</UnitQty>
      <Quantity>230</Quantity>
      <UnitMeasure>ל  מ"ל</UnitMeasure>
      <BisWeighted>0</BisWeighted>
      <QtyInPackage>1</QtyInPackage>
      <ItemPrice>9.90</ItemPrice>
      <UnitOfMeasurePrice>4.30</UnitOfMeasurePrice>
      <AllowDiscount>1</AllowDiscount>
      <itemStatus>1</itemStatus>
      <LastUpdateDate />
      <LastUpdateTime />
    </Product>
    <Product>
      <PriceUpdateDate>2019/03/25 10:10</PriceUpdateDate>
      <ItemCode>74234531142</ItemCode>
      <ItemType>0</ItemType>
      <ItemName>פלפל חלפניו פרוס כבוש   210ג</ItemName>
      <ManufactureName>מזרח ומערב יבוא ושיווק</ManufactureName>
      <ManufactureCountry />
      <ManufactureItemDescription />
      <UnitQty>י"ח</UnitQty>
      <Quantity>210</Quantity>
      <UnitMeasure>ל  מ"ל</UnitMeasure>
      <BisWeighted>0</BisWeighted>
      <QtyInPackage>1</QtyInPackage>
      <ItemPrice>9.90</ItemPrice>
      <UnitOfMeasurePrice>4.71</UnitOfMeasurePrice>
      <AllowDiscount>1</AllowDiscount>
      <itemStatus>1</itemStatus>
      <LastUpdateDate />
      <LastUpdateTime />
    </Product>
    <Product>
      <PriceUpdateDate>2019/03/25 10:10</PriceUpdateDate>
      <ItemCode>74234815013</ItemCode>
      <ItemType>0</ItemType>
      <ItemName>שימורי מחית שעועית שחורה  430ג</ItemName>
      <ManufactureName>מזרח ומערב יבוא ושיווק</ManufactureName>
      <ManufactureCountry />
      <ManufactureItemDescription />
      <UnitQty>י"ח</UnitQty>
      <Quantity>430</Quantity>
      <UnitMeasure>ל  מ"ל</UnitMeasure>
      <BisWeighted>0</BisWeighted>
      <QtyInPackage>1</QtyInPackage>
      <ItemPrice>11.90</ItemPrice>
      <UnitOfMeasurePrice>2.77</UnitOfMeasurePrice>
      <AllowDiscount>1</AllowDiscount>
      <itemStatus>1</itemStatus>
      <LastUpdateDate />
      <LastUpdateTime />
    </Product>
    <Product>
      <PriceUpdateDate>2019/03/25 10:10</PriceUpdateDate>
      <ItemCode>74234815518</ItemCode>
      <ItemType>0</ItemType>
      <ItemName>שימורי מחית שעועית 430ג</ItemName>
      <ManufactureName>מזרח ומערב יבוא ושיווק</ManufactureName>
      <ManufactureCountry />
      <ManufactureItemDescription />
      <UnitQty>י"ח</UnitQty>
      <Quantity>430</Quantity>
      <UnitMeasure>ל  מ"ל</UnitMeasure>
      <BisWeighted>0</BisWeighted>
      <QtyInPackage>1</QtyInPackage>
      <ItemPrice>11.90</ItemPrice>
      <UnitOfMeasurePrice>2.77</UnitOfMeasurePrice>
      <AllowDiscount>1</AllowDiscount>
      <itemStatus>1</itemStatus>
      <LastUpdateDate />
      <LastUpdateTime />
    </Product>
    <Product>
      <PriceUpdateDate>2019/03/25 10:10</PriceUpdateDate>
      <ItemCode>74234815525</ItemCode>
      <ItemType>0</ItemType>
      <ItemName>שימורי מחית שעועית רוטב ציפוטלה 430ג</ItemName>
      <ManufactureName>מזרח ומערב יבוא ושיווק</ManufactureName>
      <ManufactureCountry />
      <ManufactureItemDescription />
      <UnitQty>י"ח</UnitQty>
      <Quantity>430</Quantity>
      <UnitMeasure>ל  מ"ל</UnitMeasure>
      <BisWeighted>0</BisWeighted>
      <QtyInPackage>1</QtyInPackage>
      <ItemPrice>11.90</ItemPrice>
      <UnitOfMeasurePrice>2.77</UnitOfMeasurePrice>
      <AllowDiscount>1</AllowDiscount>
      <itemStatus>1</itemStatus>
      <LastUpdateDate />
      <LastUpdateTime />
    </Product>
    <Product>
      <PriceUpdateDate>2019/03/25 10:10</PriceUpdateDate>
      <ItemCode>74234922230</ItemCode>
      <ItemType>0</ItemType>
      <ItemName>סלסה ורדה עגב. ירוקות פלפל חריף 230ג</ItemName>
      <ManufactureName>מזרח ומערב יבוא ושיווק</ManufactureName>
      <ManufactureCountry />
      <ManufactureItemDescription />
      <UnitQty>י"ח</UnitQty>
      <Quantity>230</Quantity>
      <UnitMeasure>ל  מ"ל</UnitMeasure>
      <BisWeighted>0</BisWeighted>
      <QtyInPackage>1</QtyInPackage>
      <ItemPrice>9.90</ItemPrice>
      <UnitOfMeasurePrice>4.30</UnitOfMeasurePrice>
      <AllowDiscount>1</AllowDiscount>
      <itemStatus>1</itemStatus>
      <LastUpdateDate />
      <LastUpdateTime />
    </Product>
    <Product>
      <PriceUpdateDate>2019/03/25 10:10</PriceUpdateDate>
      <ItemCode>74234925231</ItemCode>
      <ItemType>0</ItemType>
      <ItemName>סלסה ציפוטלה עם פלפל חריף 230ג</ItemName>
      <ManufactureName>מזרח ומערב יבוא ושיווק</ManufactureName>
      <ManufactureCountry />
      <ManufactureItemDescription />
      <UnitQty>י"ח</UnitQty>
      <Quantity>230</Quantity>
      <UnitMeasure>ל  מ"ל</UnitMeasure>
      <BisWeighted>0</BisWeighted>
      <QtyInPackage>1</QtyInPackage>
      <ItemPrice>9.90</ItemPrice>
      <UnitOfMeasurePrice>4.30</UnitOfMeasurePrice>
      <AllowDiscount>1</AllowDiscount>
      <itemStatus>1</itemStatus>
      <LastUpdateDate />
      <LastUpdateTime />
    </Product>
    <Product>
      <PriceUpdateDate>2019/03/25 10:10</PriceUpdateDate>
      <ItemCode>74234951179</ItemCode>
      <ItemType>0</ItemType>
      <ItemName>פלפל ציפוטלה שלם רוטב עגב. 230ג</ItemName>
      <ManufactureName>מזרח ומערב יבוא ושיווק</ManufactureName>
      <ManufactureCountry />
      <ManufactureItemDescription />
      <UnitQty>י"ח</UnitQty>
      <Quantity>230</Quantity>
      <UnitMeasure>ל  מ"ל</UnitMeasure>
      <BisWeighted>0</BisWeighted>
      <QtyInPackage>1</QtyInPackage>
      <ItemPrice>9.90</ItemPrice>
      <UnitOfMeasurePrice>4.30</UnitOfMeasurePrice>
      <AllowDiscount>1</AllowDiscount>
      <itemStatus>1</itemStatus>
      <LastUpdateDate />
      <LastUpdateTime />
    </Product>
    <Product>
      <PriceUpdateDate>2018/05/07 09:10</PriceUpdateDate>
      <ItemCode>76840000692</ItemCode>
      <ItemType>0</ItemType>
      <ItemName>גלידה פיינטים וניל</ItemName>
      <ManufactureName>מוצרי איכות אמריקאיים בעמ</ManufactureName>
      <ManufactureCountry />
      <ManufactureItemDescription />
      <UnitQty>י"ח</UnitQty>
      <Quantity>750</Quantity>
      <UnitMeasure>ל  מ"ל</UnitMeasure>
      <BisWeighted>0</BisWeighted>
      <QtyInPackage>1</QtyInPackage>
      <ItemPrice>23.90</ItemPrice>
      <UnitOfMeasurePrice>3.19</UnitOfMeasurePrice>
      <AllowDiscount>1</AllowDiscount>
      <itemStatus>1</itemStatus>
      <LastUpdateDate />
      <LastUpdateTime />
    </Product>
    <Product>
      <PriceUpdateDate>2020/02/27 08:37</PriceUpdateDate>
      <ItemCode>76840001767</ItemCode>
      <ItemType>0</ItemType>
      <ItemName>גלידה פיינטים עם עוגיות חמאת בוטנים</ItemName>
      <ManufactureName>מוצרי איכות אמריקאיים בעמ</ManufactureName>
      <ManufactureCountry />
      <ManufactureItemDescription />
      <UnitQty>י"ח</UnitQty>
      <Quantity>750</Quantity>
      <UnitMeasure>ל  מ"ל</UnitMeasure>
      <BisWeighted>0</BisWeighted>
      <QtyInPackage>1</QtyInPackage>
      <ItemPrice>23.90</ItemPrice>
      <UnitOfMeasurePrice>3.19</UnitOfMeasurePrice>
      <AllowDiscount>1</AllowDiscount>
      <itemStatus>1</itemStatus>
      <LastUpdateDate />
      <LastUpdateTime />
    </Product>
    <Product>
      <PriceUpdateDate>2020/02/27 08:37</PriceUpdateDate>
      <ItemCode>76840001774</ItemCode>
      <ItemType>0</ItemType>
      <ItemName>גלידה פיינטים בצק עוגיות שוקולד צ`יפס</ItemName>
      <ManufactureName>מוצרי איכות אמריקאיים בעמ</ManufactureName>
      <ManufactureCountry />
      <ManufactureItemDescription />
      <UnitQty>י"ח</UnitQty>
      <Quantity>750</Quantity>
      <UnitMeasure>ל  מ"ל</UnitMeasure>
      <BisWeighted>0</BisWeighted>
      <QtyInPackage>1</QtyInPackage>
      <ItemPrice>23.90</ItemPrice>
      <UnitOfMeasurePrice>3.19</UnitOfMeasurePrice>
      <AllowDiscount>1</AllowDiscount>
      <itemStatus>1</itemStatus>
      <LastUpdateDate />
      <LastUpdateTime />
    </Product>
    <Product>
      <PriceUpdateDate>2017/08/17 13:34</PriceUpdateDate>
      <ItemCode>76840076574</ItemCode>
      <ItemType>0</ItemType>
      <ItemName>גלידה פיינטים מילק אנד קוקיס</ItemName>
      <ManufactureName>מוצרי איכות אמריקאיים בעמ</ManufactureName>
      <ManufactureCountry />
      <ManufactureItemDescription />
      <UnitQty>י"ח</UnitQty>
      <Quantity>750</Quantity>
      <UnitMeasure>ל  מ"ל</UnitMeasure>
      <BisWeighted>0</BisWeighted>
      <QtyInPackage>1</QtyInPackage>
      <ItemPrice>23.90</ItemPrice>
      <UnitOfMeasurePrice>3.19</UnitOfMeasurePrice>
      <AllowDiscount>1</AllowDiscount>
      <itemStatus>1</itemStatus>
      <LastUpdateDate />
      <LastUpdateTime />
    </Product>
    <Product>
      <PriceUpdateDate>2017/08/17 13:34</PriceUpdateDate>
      <ItemCode>76840100125</ItemCode>
      <ItemType>0</ItemType>
      <ItemName>מגלידה פיינטים צ אבי האבי</ItemName>
      <ManufactureName>מוצרי איכות אמריקאיים בעמ</ManufactureName>
      <ManufactureCountry />
      <ManufactureItemDescription />
      <UnitQty>י"ח</UnitQty>
      <Quantity>750</Quantity>
      <UnitMeasure>ל  מ"ל</UnitMeasure>
      <BisWeighted>0</BisWeighted>
      <QtyInPackage>1</QtyInPackage>
      <ItemPrice>23.90</ItemPrice>
      <UnitOfMeasurePrice>3.19</UnitOfMeasurePrice>
      <AllowDiscount>1</AllowDiscount>
      <itemStatus>1</itemStatus>
      <LastUpdateDate />
      <LastUpdateTime />
    </Product>
    <Product>
      <PriceUpdateDate>2017/08/17 13:34</PriceUpdateDate>
      <ItemCode>76840100156</ItemCode>
      <ItemType>0</ItemType>
      <ItemName>גלידה פיינטים צרי גרסיה</ItemName>
      <ManufactureName>מוצרי איכות אמריקאיים בעמ</ManufactureName>
      <ManufactureCountry />
      <ManufactureItemDescription />
      <UnitQty>י"ח</UnitQty>
      <Quantity>750</Quantity>
      <UnitMeasure>ל  מ"ל</UnitMeasure>
      <BisWeighted>0</BisWeighted>
      <QtyInPackage>1</QtyInPackage>
      <ItemPrice>23.90</ItemPrice>
      <UnitOfMeasurePrice>3.19</UnitOfMeasurePrice>
      <AllowDiscount>1</AllowDiscount>
      <itemStatus>1</itemStatus>
      <LastUpdateDate />
      <LastUpdateTime />
    </Product>
    <Product>
      <PriceUpdateDate>2017/08/17 13:34</PriceUpdateDate>
      <ItemCode>76840100583</ItemCode>
      <ItemType>0</ItemType>
      <ItemName>גלידה פיינטים בצק עוגיות 473 מל</ItemName>
      <ManufactureName>מוצרי איכות אמריקאיים בעמ</ManufactureName>
      <ManufactureCountry />
      <ManufactureItemDescription />
      <UnitQty>י"ח</UnitQty>
      <Quantity>750</Quantity>
      <UnitMeasure>ל  מ"ל</UnitMeasure>
      <BisWeighted>0</BisWeighted>
      <QtyInPackage>1</QtyInPackage>
      <ItemPrice>23.90</ItemPrice>
      <UnitOfMeasurePrice>3.19</UnitOfMeasurePrice>
      <AllowDiscount>1</AllowDiscount>
      <itemStatus>1</itemStatus>
      <LastUpdateDate />
      <LastUpdateTime />
    </Product>
    <Product>
      <PriceUpdateDate>2017/08/17 13:34</PriceUpdateDate>
      <ItemCode>76840100811</ItemCode>
      <ItemType>0</ItemType>
      <ItemName>גלידת בן אנד גריס 473מ"ל באטר קאפ</ItemName>
      <ManufactureName>מוצרי איכות אמריקאיים בעמ</ManufactureName>
      <ManufactureCountry />
      <ManufactureItemDescription />
      <UnitQty>י"ח</UnitQty>
      <Quantity>473</Quantity>
      <UnitMeasure>ל  מ"ל</UnitMeasure>
      <BisWeighted>0</BisWeighted>
      <QtyInPackage>1</QtyInPackage>
      <ItemPrice>23.90</ItemPrice>
      <UnitOfMeasurePrice>5.05</UnitOfMeasurePrice>
      <AllowDiscount>1</AllowDiscount>
      <itemStatus>1</itemStatus>
      <LastUpdateDate />
      <LastUpdateTime />
    </Product>
    <Product>
      <PriceUpdateDate>2017/08/17 13:34</PriceUpdateDate>
      <ItemCode>76840100989</ItemCode>
      <ItemType>0</ItemType>
      <ItemName>גלידה פיינטים פיש פוד</ItemName>
      <ManufactureName>מוצרי איכות אמריקאיים בעמ</ManufactureName>
      <ManufactureCountry />
      <ManufactureItemDescription />
      <UnitQty>י"ח</UnitQty>
      <Quantity>750</Quantity>
      <UnitMeasure>ל  מ"ל</UnitMeasure>
      <BisWeighted>0</BisWeighted>
      <QtyInPackage>1</QtyInPackage>
      <ItemPrice>23.90</ItemPrice>
      <UnitOfMeasurePrice>3.19</UnitOfMeasurePrice>
      <AllowDiscount>1</AllowDiscount>
      <itemStatus>1</itemStatus>
      <LastUpdateDate />
      <LastUpdateTime />
    </Product>
    <Product>
      <PriceUpdateDate>2017/08/17 13:34</PriceUpdateDate>
      <ItemCode>76840101542</ItemCode>
      <ItemType>0</ItemType>
      <ItemName>גלידה פיינטים קרמל סוטרה</ItemName>
      <ManufactureName>מוצרי איכות אמריקאיים בעמ</ManufactureName>
      <ManufactureCountry />
      <ManufactureItemDescription />
      <UnitQty>י"ח</UnitQty>
      <Quantity>750</Quantity>
      <UnitMeasure>ל  מ"ל</UnitMeasure>
      <BisWeighted>0</BisWeighted>
      <QtyInPackage>1</QtyInPackage>
      <ItemPrice>23.90</ItemPrice>
      <UnitOfMeasurePrice>3.19</UnitOfMeasurePrice>
      <AllowDiscount>1</AllowDiscount>
      <itemStatus>1</itemStatus>
      <LastUpdateDate />
      <LastUpdateTime />
    </Product>
    <Product>
      <PriceUpdateDate>2017/08/17 13:34</PriceUpdateDate>
      <ItemCode>76840102013</ItemCode>
      <ItemType>0</ItemType>
      <ItemName>גלידה פיינטים מנטה שוקולד</ItemName>
      <ManufactureName>מוצרי איכות אמריקאיים בעמ</ManufactureName>
      <ManufactureCountry />
      <ManufactureItemDescription />
      <UnitQty>י"ח</UnitQty>
      <Quantity>750</Quantity>
      <UnitMeasure>ל  מ"ל</UnitMeasure>
      <BisWeighted>0</BisWeighted>
      <QtyInPackage>1</QtyInPackage>
      <ItemPrice>23.90</ItemPrice>
      <UnitOfMeasurePrice>3.19</UnitOfMeasurePrice>
      <AllowDiscount>1</AllowDiscount>
      <itemStatus>1</itemStatus>
      <LastUpdateDate />
      <LastUpdateTime />
    </Product>
    <Product>
      <PriceUpdateDate>2017/08/17 13:34</PriceUpdateDate>
      <ItemCode>76840102051</ItemCode>
      <ItemType>0</ItemType>
      <ItemName>גלידה פיינטים עוגת קינמון</ItemName>
      <ManufactureName>מוצרי איכות אמריקאיים בעמ</ManufactureName>
      <ManufactureCountry />
      <ManufactureItemDescription />
      <UnitQty>י"ח</UnitQty>
      <Quantity>750</Quantity>
      <UnitMeasure>ל  מ"ל</UnitMeasure>
      <BisWeighted>0</BisWeighted>
      <QtyInPackage>1</QtyInPackage>
      <ItemPrice>23.90</ItemPrice>
      <UnitOfMeasurePrice>3.19</UnitOfMeasurePrice>
      <AllowDiscount>1</AllowDiscount>
      <itemStatus>1</itemStatus>
      <LastUpdateDate />
      <LastUpdateTime />
    </Product>
    <Product>
      <PriceUpdateDate>2017/08/17 13:34</PriceUpdateDate>
      <ItemCode>76840220243</ItemCode>
      <ItemType>0</ItemType>
      <ItemName>גלידת בן אנד גריס 473מ"ל עוגת תות שדה</ItemName>
      <ManufactureName>מוצרי איכות אמריקאיים בעמ</ManufactureName>
      <ManufactureCountry />
      <ManufactureItemDescription />
      <UnitQty>י"ח</UnitQty>
      <Quantity>473</Quantity>
      <UnitMeasure>ל  מ"ל</UnitMeasure>
      <BisWeighted>0</BisWeighted>
      <QtyInPackage>1</QtyInPackage>
      <ItemPrice>23.90</ItemPrice>
      <UnitOfMeasurePrice>5.05</UnitOfMeasurePrice>
      <AllowDiscount>1</AllowDiscount>
      <itemStatus>1</itemStatus>
      <LastUpdateDate />
      <LastUpdateTime />
    </Product>
    <Product>
      <PriceUpdateDate>2017/08/17 13:34</PriceUpdateDate>
      <ItemCode>76840220250</ItemCode>
      <ItemType>0</ItemType>
      <ItemName>גלידת בן אנד גריס 473מ"ל פטל פאדג</ItemName>
      <ManufactureName>מוצרי איכות אמריקאיים בעמ</ManufactureName>
      <ManufactureCountry />
      <ManufactureItemDescription />
      <UnitQty>י"ח</UnitQty>
      <Quantity>473</Quantity>
      <UnitMeasure>ל  מ"ל</UnitMeasure>
      <BisWeighted>0</BisWeighted>
      <QtyInPackage>1</QtyInPackage>
      <ItemPrice>23.90</ItemPrice>
      <UnitOfMeasurePrice>5.05</UnitOfMeasurePrice>
      <AllowDiscount>1</AllowDiscount>
      <itemStatus>1</itemStatus>
      <LastUpdateDate />
      <LastUpdateTime />
    </Product>
    <Product>
      <PriceUpdateDate>2017/08/17 13:34</PriceUpdateDate>
      <ItemCode>76840220267</ItemCode>
      <ItemType>0</ItemType>
      <ItemName>גלידת בן אנד גריס 473מ"ל בננה ח. בוטני</ItemName>
      <ManufactureName>מוצרי איכות אמריקאיים בעמ</ManufactureName>
      <ManufactureCountry />
      <ManufactureItemDescription />
      <UnitQty>י"ח</UnitQty>
      <Quantity>473</Quantity>
      <UnitMeasure>ל  מ"ל</UnitMeasure>
      <BisWeighted>0</BisWeighted>
      <QtyInPackage>1</QtyInPackage>
      <ItemPrice>23.90</ItemPrice>
      <UnitOfMeasurePrice>5.05</UnitOfMeasurePrice>
      <AllowDiscount>1</AllowDiscount>
      <itemStatus>1</itemStatus>
      <LastUpdateDate />
      <LastUpdateTime />
    </Product>
    <Product>
      <PriceUpdateDate>2017/08/17 13:34</PriceUpdateDate>
      <ItemCode>76840224012</ItemCode>
      <ItemType>0</ItemType>
      <ItemName>גלידת בן אנד גריס 473מ"ל יוגורט+אוכמני</ItemName>
      <ManufactureName>מוצרי איכות אמריקאיים בעמ</ManufactureName>
      <ManufactureCountry />
      <ManufactureItemDescription />
      <UnitQty>י"ח</UnitQty>
      <Quantity>473</Quantity>
      <UnitMeasure>ל  מ"ל</UnitMeasure>
      <BisWeighted>0</BisWeighted>
      <QtyInPackage>1</QtyInPackage>
      <ItemPrice>23.90</ItemPrice>
      <UnitOfMeasurePrice>5.05</UnitOfMeasurePrice>
      <AllowDiscount>1</AllowDiscount>
      <itemStatus>1</itemStatus>
      <LastUpdateDate />
      <LastUpdateTime />
    </Product>
    <Product>
      <PriceUpdateDate>2017/08/17 13:34</PriceUpdateDate>
      <ItemCode>76840280544</ItemCode>
      <ItemType>0</ItemType>
      <ItemName>גלידת בן אנד גריס 473מ"ל טניל דבש קרמל</ItemName>
      <ManufactureName>מוצרי איכות אמריקאיים בעמ</ManufactureName>
      <ManufactureCountry />
      <ManufactureItemDescription />
      <UnitQty>י"ח</UnitQty>
      <Quantity>473</Quantity>
      <UnitMeasure>ל  מ"ל</UnitMeasure>
      <BisWeighted>0</BisWeighted>
      <QtyInPackage>1</QtyInPackage>
      <ItemPrice>23.90</ItemPrice>
      <UnitOfMeasurePrice>5.05</UnitOfMeasurePrice>
      <AllowDiscount>1</AllowDiscount>
      <itemStatus>1</itemStatus>
      <LastUpdateDate />
      <LastUpdateTime />
    </Product>
    <Product>
      <PriceUpdateDate>2017/08/17 13:34</PriceUpdateDate>
      <ItemCode>76840363957</ItemCode>
      <ItemType>0</ItemType>
      <ItemName>גלידה פיינטים סולטיד קרמל</ItemName>
      <ManufactureName>מוצרי איכות אמריקאיים בעמ</ManufactureName>
      <ManufactureCountry />
      <ManufactureItemDescription />
      <UnitQty>י"ח</UnitQty>
      <Quantity>750</Quantity>
      <UnitMeasure>ל  מ"ל</UnitMeasure>
      <BisWeighted>0</BisWeighted>
      <QtyInPackage>1</QtyInPackage>
      <ItemPrice>23.90</ItemPrice>
      <UnitOfMeasurePrice>3.19</UnitOfMeasurePrice>
      <AllowDiscount>1</AllowDiscount>
      <itemStatus>1</itemStatus>
      <LastUpdateDate />
      <LastUpdateTime />
    </Product>
    <Product>
      <PriceUpdateDate>2017/08/17 13:34</PriceUpdateDate>
      <ItemCode>76840400027</ItemCode>
      <ItemType>0</ItemType>
      <ItemName>גלידה פיינטים שוקולד</ItemName>
      <ManufactureName>מוצרי איכות אמריקאיים בעמ</ManufactureName>
      <ManufactureCountry />
      <ManufactureItemDescription />
      <UnitQty>י"ח</UnitQty>
      <Quantity>500</Quantity>
      <UnitMeasure>ל  מ"ל</UnitMeasure>
      <BisWeighted>0</BisWeighted>
      <QtyInPackage>1</QtyInPackage>
      <ItemPrice>23.90</ItemPrice>
      <UnitOfMeasurePrice>4.78</UnitOfMeasurePrice>
      <AllowDiscount>1</AllowDiscount>
      <itemStatus>1</itemStatus>
      <LastUpdateDate />
      <LastUpdateTime />
    </Product>
    <Product>
      <PriceUpdateDate>2017/08/17 13:34</PriceUpdateDate>
      <ItemCode>76840400164</ItemCode>
      <ItemType>0</ItemType>
      <ItemName>גלידה פיינטים קפה</ItemName>
      <ManufactureName>מוצרי איכות אמריקאיים בעמ</ManufactureName>
      <ManufactureCountry />
      <ManufactureItemDescription />
      <UnitQty>י"ח</UnitQty>
      <Quantity>750</Quantity>
      <UnitMeasure>ל  מ"ל</UnitMeasure>
      <BisWeighted>0</BisWeighted>
      <QtyInPackage>1</QtyInPackage>
      <ItemPrice>23.90</ItemPrice>
      <UnitOfMeasurePrice>3.19</UnitOfMeasurePrice>
      <AllowDiscount>1</AllowDiscount>
      <itemStatus>1</itemStatus>
      <LastUpdateDate />
      <LastUpdateTime />
    </Product>
    <Product>
      <PriceUpdateDate>2017/08/17 13:34</PriceUpdateDate>
      <ItemCode>76840400218</ItemCode>
      <ItemType>0</ItemType>
      <ItemName>גלידת בן אנד גריס 473מ"לעוגת גבינה עם</ItemName>
      <ManufactureName>מוצרי איכות אמריקאיים בעמ</ManufactureName>
      <ManufactureCountry />
      <ManufactureItemDescription />
      <UnitQty>י"ח</UnitQty>
      <Quantity>473</Quantity>
      <UnitMeasure>ל  מ"ל</UnitMeasure>
      <BisWeighted>0</BisWeighted>
      <QtyInPackage>1</QtyInPackage>
      <ItemPrice>23.90</ItemPrice>
      <UnitOfMeasurePrice>5.05</UnitOfMeasurePrice>
      <AllowDiscount>1</AllowDiscount>
      <itemStatus>1</itemStatus>
      <LastUpdateDate />
      <LastUpdateTime />
    </Product>
    <Product>
      <PriceUpdateDate>2018/03/19 09:28</PriceUpdateDate>
      <ItemCode>76840462858</ItemCode>
      <ItemType>0</ItemType>
      <ItemName>גלידה פיינטים בום צ`וקולטה 473מ"ל</ItemName>
      <ManufactureName>מוצרי איכות אמריקאיים בעמ</ManufactureName>
      <ManufactureCountry />
      <ManufactureItemDescription />
      <UnitQty>י"ח</UnitQty>
      <Quantity>473</Quantity>
      <UnitMeasure>ל  מ"ל</UnitMeasure>
      <BisWeighted>0</BisWeighted>
      <QtyInPackage>1</QtyInPackage>
      <ItemPrice>23.90</ItemPrice>
      <UnitOfMeasurePrice>5.05</UnitOfMeasurePrice>
      <AllowDiscount>1</AllowDiscount>
      <itemStatus>1</itemStatus>
      <LastUpdateDate />
      <LastUpdateTime />
    </Product>
    <Product>
      <PriceUpdateDate>2017/08/17 13:34</PriceUpdateDate>
      <ItemCode>76840529872</ItemCode>
      <ItemType>0</ItemType>
      <ItemName>גלידת בן אנד גריס 473מ"ל וניל עם חתיכו</ItemName>
      <ManufactureName>מוצרי איכות אמריקאיים בעמ</ManufactureName>
      <ManufactureCountry />
      <ManufactureItemDescription />
      <UnitQty>י"ח</UnitQty>
      <Quantity>473</Quantity>
      <UnitMeasure>ל  מ"ל</UnitMeasure>
      <BisWeighted>0</BisWeighted>
      <QtyInPackage>1</QtyInPackage>
      <ItemPrice>23.90</ItemPrice>
      <UnitOfMeasurePrice>5.05</UnitOfMeasurePrice>
      <AllowDiscount>1</AllowDiscount>
      <itemStatus>1</itemStatus>
      <LastUpdateDate />
      <LastUpdateTime />
    </Product>
    <Product>
      <PriceUpdateDate>2018/03/19 09:28</PriceUpdateDate>
      <ItemCode>76840551941</ItemCode>
      <ItemType>0</ItemType>
      <ItemName>גלידה פיינטים עוגת גבינה ועוגיות</ItemName>
      <ManufactureName>מוצרי איכות אמריקאיים בעמ</ManufactureName>
      <ManufactureCountry />
      <ManufactureItemDescription />
      <UnitQty>י"ח</UnitQty>
      <Quantity>473</Quantity>
      <UnitMeasure>ל  מ"ל</UnitMeasure>
      <BisWeighted>0</BisWeighted>
      <QtyInPackage>1</QtyInPackage>
      <ItemPrice>23.90</ItemPrice>
      <UnitOfMeasurePrice>5.05</UnitOfMeasurePrice>
      <AllowDiscount>1</AllowDiscount>
      <itemStatus>1</itemStatus>
      <LastUpdateDate />
      <LastUpdateTime />
    </Product>
    <Product>
      <PriceUpdateDate>2017/08/17 13:34</PriceUpdateDate>
      <ItemCode>76840620029</ItemCode>
      <ItemType>0</ItemType>
      <ItemName>גלידה פיינטים ברי נייס</ItemName>
      <ManufactureName>מוצרי איכות אמריקאיים בעמ</ManufactureName>
      <ManufactureCountry />
      <ManufactureItemDescription />
      <UnitQty>י"ח</UnitQty>
      <Quantity>500</Quantity>
      <UnitMeasure>ל  מ"ל</UnitMeasure>
      <BisWeighted>0</BisWeighted>
      <QtyInPackage>1</QtyInPackage>
      <ItemPrice>23.90</ItemPrice>
      <UnitOfMeasurePrice>4.78</UnitOfMeasurePrice>
      <AllowDiscount>1</AllowDiscount>
      <itemStatus>1</itemStatus>
      <LastUpdateDate />
      <LastUpdateTime />
    </Product>
    <Product>
      <PriceUpdateDate>2018/01/09 09:36</PriceUpdateDate>
      <ItemCode>76840620036</ItemCode>
      <ItemType>0</ItemType>
      <ItemName>גלידה פיינטים שמנת עם וניל</ItemName>
      <ManufactureName>מוצרי איכות אמריקאיים בעמ</ManufactureName>
      <ManufactureCountry />
      <ManufactureItemDescription />
      <UnitQty>י"ח</UnitQty>
      <Quantity>750</Quantity>
      <UnitMeasure>ל  מ"ל</UnitMeasure>
      <BisWeighted>0</BisWeighted>
      <QtyInPackage>1</QtyInPackage>
      <ItemPrice>23.90</ItemPrice>
      <UnitOfMeasurePrice>3.19</UnitOfMeasurePrice>
      <AllowDiscount>1</AllowDiscount>
      <itemStatus>1</itemStatus>
      <LastUpdateDate />
      <LastUpdateTime />
    </Product>
    <Product>
      <PriceUpdateDate>2016/04/04 13:46</PriceUpdateDate>
      <ItemCode>80432402931</ItemCode>
      <ItemType>0</ItemType>
      <ItemName>וויסקי שיבאס רגאל 700מ"ל</ItemName>
      <ManufactureName>טמפו משקאות בעמ</ManufactureName>
      <ManufactureCountry />
      <ManufactureItemDescription />
      <UnitQty>י"ח</UnitQty>
      <Quantity>700</Quantity>
      <UnitMeasure>ל  מ"ל</UnitMeasure>
      <BisWeighted>0</BisWeighted>
      <QtyInPackage>1</QtyInPackage>
      <ItemPrice>129.90</ItemPrice>
      <UnitOfMeasurePrice>18.51</UnitOfMeasurePrice>
      <AllowDiscount>1</AllowDiscount>
      <itemStatus>1</itemStatus>
      <LastUpdateDate />
      <LastUpdateTime />
    </Product>
    <Product>
      <PriceUpdateDate>2019/03/25 10:10</PriceUpdateDate>
      <ItemCode>85696608037</ItemCode>
      <ItemType>0</ItemType>
      <ItemName>טופו רך ללא גלוטן 340גר</ItemName>
      <ManufactureName>מזרח ומערב יבוא ושיווק</ManufactureName>
      <ManufactureCountry />
      <ManufactureItemDescription />
      <UnitQty>י"ח</UnitQty>
      <Quantity>349</Quantity>
      <UnitMeasure>ל  גרם</UnitMeasure>
      <BisWeighted>0</BisWeighted>
      <QtyInPackage>1</QtyInPackage>
      <ItemPrice>15.90</ItemPrice>
      <UnitOfMeasurePrice>4.56</UnitOfMeasurePrice>
      <AllowDiscount>1</AllowDiscount>
      <itemStatus>1</itemStatus>
      <LastUpdateDate />
      <LastUpdateTime />
    </Product>
    <Product>
      <PriceUpdateDate>2019/03/25 10:10</PriceUpdateDate>
      <ItemCode>85696608044</ItemCode>
      <ItemType>0</ItemType>
      <ItemName>טופו ללא גלוטן 349גר</ItemName>
      <ManufactureName>מזרח ומערב יבוא ושיווק</ManufactureName>
      <ManufactureCountry />
      <ManufactureItemDescription />
      <UnitQty>י"ח</UnitQty>
      <Quantity>349</Quantity>
      <UnitMeasure>ל  גרם</UnitMeasure>
      <BisWeighted>0</BisWeighted>
      <QtyInPackage>1</QtyInPackage>
      <ItemPrice>15.90</ItemPrice>
      <UnitOfMeasurePrice>4.56</UnitOfMeasurePrice>
      <AllowDiscount>1</AllowDiscount>
      <itemStatus>1</itemStatus>
      <LastUpdateDate />
      <LastUpdateTime />
    </Product>
    <Product>
      <PriceUpdateDate>2017/08/17 07:50</PriceUpdateDate>
      <ItemCode>125002741352</ItemCode>
      <ItemType>0</ItemType>
      <ItemName>קרם להבהרת שיער כהה לפנים וגוף</ItemName>
      <ManufactureName>אלפא קוסמטיקה</ManufactureName>
      <ManufactureCountry />
      <ManufactureItemDescription />
      <UnitQty>י"ח</UnitQty>
      <Quantity>1</Quantity>
      <UnitMeasure />
      <BisWeighted>0</BisWeighted>
      <QtyInPackage>1</QtyInPackage>
      <ItemPrice>30.90</ItemPrice>
      <UnitOfMeasurePrice>30.90</UnitOfMeasurePrice>
      <AllowDiscount>1</AllowDiscount>
      <itemStatus>1</itemStatus>
      <LastUpdateDate />
      <LastUpdateTime />
    </Product>
    <Product>
      <PriceUpdateDate>2013/11/28 10:31</PriceUpdateDate>
      <ItemCode>7290100700157</ItemCode>
      <ItemType>1</ItemType>
      <ItemName>אורז סושי 1ק"ג סוגת</ItemName>
      <ManufactureName>סוגת תעשיות בעמ</ManufactureName>
      <ManufactureCountry />
      <ManufactureItemDescription />
      <UnitQty>י"ח</UnitQty>
      <Quantity>1</Quantity>
      <UnitMeasure>ק"ג</UnitMeasure>
      <BisWeighted>0</BisWeighted>
      <QtyInPackage>1</QtyInPackage>
      <ItemPrice>14</ItemPrice>
      <UnitOfMeasurePrice>14</UnitOfMeasurePrice>
      <AllowDiscount>1</AllowDiscount>
      <itemStatus>1</itemStatus>
      <LastUpdateDate />
      <LastUpdateTime />
    </Product>
    <Product>
      <PriceUpdateDate>2019/03/25 10:10</PriceUpdateDate>
      <ItemCode>308910525744</ItemCode>
      <ItemType>0</ItemType>
      <ItemName>אטריות  אורז דקות 454 ג ורמיצלה</ItemName>
      <ManufactureName>מזרח ומערב יבוא ושיווק</ManufactureName>
      <ManufactureCountry />
      <ManufactureItemDescription />
      <UnitQty>י"ח</UnitQty>
      <Quantity>454</Quantity>
      <UnitMeasure>ל  גרם</UnitMeasure>
      <BisWeighted>0</BisWeighted>
      <QtyInPackage>1</QtyInPackage>
      <ItemPrice>8.90</ItemPrice>
      <UnitOfMeasurePrice>1.96</UnitOfMeasurePrice>
      <AllowDiscount>1</AllowDiscount>
      <itemStatus>1</itemStatus>
      <LastUpdateDate />
      <LastUpdateTime />
    </Product>
    <Product>
      <PriceUpdateDate>2015/08/06 12:23</PriceUpdateDate>
      <ItemCode>482562200560</ItemCode>
      <ItemType>0</ItemType>
      <ItemName>אסטוניש מרסס שומנים</ItemName>
      <ManufactureName>יעקב יעקבי ובניו בעמ</ManufactureName>
      <ManufactureCountry />
      <ManufactureItemDescription />
      <UnitQty>י"ח</UnitQty>
      <Quantity>1</Quantity>
      <UnitMeasure />
      <BisWeighted>0</BisWeighted>
      <QtyInPackage>1</QtyInPackage>
      <ItemPrice>17.90</ItemPrice>
      <UnitOfMeasurePrice>17.90</UnitOfMeasurePrice>
      <AllowDiscount>1</AllowDiscount>
      <itemStatus>1</itemStatus>
      <LastUpdateDate />
      <LastUpdateTime />
    </Product>
    <Product>
      <PriceUpdateDate>2019/12/22 13:17</PriceUpdateDate>
      <ItemCode>541118812261</ItemCode>
      <ItemType>0</ItemType>
      <ItemName>אלפרו משקה שקדים 1ל</ItemName>
      <ManufactureName>ש.שסטוביץ בעמ</ManufactureName>
      <ManufactureCountry />
      <ManufactureItemDescription />
      <UnitQty>י"ח</UnitQty>
      <Quantity>1</Quantity>
      <UnitMeasure>ליטר</UnitMeasure>
      <BisWeighted>0</BisWeighted>
      <QtyInPackage>1</QtyInPackage>
      <ItemPrice>15.90</ItemPrice>
      <UnitOfMeasurePrice>15.90</UnitOfMeasurePrice>
      <AllowDiscount>1</AllowDiscount>
      <itemStatus>1</itemStatus>
      <LastUpdateDate />
      <LastUpdateTime />
    </Product>
    <Product>
      <PriceUpdateDate>2019/04/11 09:19</PriceUpdateDate>
      <ItemCode>613008753290</ItemCode>
      <ItemType>0</ItemType>
      <ItemName>אריזונה אפרסק 450מ"ל</ItemName>
      <ManufactureName>טמפו משקאות בעמ</ManufactureName>
      <ManufactureCountry />
      <ManufactureItemDescription />
      <UnitQty>י"ח</UnitQty>
      <Quantity>450</Quantity>
      <UnitMeasure>ל  מ"ל</UnitMeasure>
      <BisWeighted>0</BisWeighted>
      <QtyInPackage>1</QtyInPackage>
      <ItemPrice>7</ItemPrice>
      <UnitOfMeasurePrice>1.49</UnitOfMeasurePrice>
      <AllowDiscount>1</AllowDiscount>
      <itemStatus>1</itemStatus>
      <LastUpdateDate />
      <LastUpdateTime />
    </Product>
    <Product>
      <PriceUpdateDate>2019/04/11 09:19</PriceUpdateDate>
      <ItemCode>613008753320</ItemCode>
      <ItemType>0</ItemType>
      <ItemName>אריזונה ג`נסנג ודבש 450מ"ל</ItemName>
      <ManufactureName>טמפו משקאות בעמ</ManufactureName>
      <ManufactureCountry />
      <ManufactureItemDescription />
      <UnitQty>י"ח</UnitQty>
      <Quantity>450</Quantity>
      <UnitMeasure>ל  מ"ל</UnitMeasure>
      <BisWeighted>0</BisWeighted>
      <QtyInPackage>1</QtyInPackage>
      <ItemPrice>7</ItemPrice>
      <UnitOfMeasurePrice>1.49</UnitOfMeasurePrice>
      <AllowDiscount>1</AllowDiscount>
      <itemStatus>1</itemStatus>
      <LastUpdateDate />
      <LastUpdateTime />
    </Product>
    <Product>
      <PriceUpdateDate>2019/04/11 09:19</PriceUpdateDate>
      <ItemCode>613008753351</ItemCode>
      <ItemType>0</ItemType>
      <ItemName>אריזונה רימונים 450מ"ל</ItemName>
      <ManufactureName>טמפו משקאות בעמ</ManufactureName>
      <ManufactureCountry />
      <ManufactureItemDescription />
      <UnitQty>י"ח</UnitQty>
      <Quantity>450</Quantity>
      <UnitMeasure>ל  מ"ל</UnitMeasure>
      <BisWeighted>0</BisWeighted>
      <QtyInPackage>1</QtyInPackage>
      <ItemPrice>7</ItemPrice>
      <UnitOfMeasurePrice>1.49</UnitOfMeasurePrice>
      <AllowDiscount>1</AllowDiscount>
      <itemStatus>1</itemStatus>
      <LastUpdateDate />
      <LastUpdateTime />
    </Product>
    <Product>
      <PriceUpdateDate>2019/04/11 09:19</PriceUpdateDate>
      <ItemCode>613008753382</ItemCode>
      <ItemType>0</ItemType>
      <ItemName>אריזונה אוכמניות 450מ"ל</ItemName>
      <ManufactureName>טמפו משקאות בעמ</ManufactureName>
      <ManufactureCountry />
      <ManufactureItemDescription />
      <UnitQty>י"ח</UnitQty>
      <Quantity>450</Quantity>
      <UnitMeasure>ל  מ"ל</UnitMeasure>
      <BisWeighted>0</BisWeighted>
      <QtyInPackage>1</QtyInPackage>
      <ItemPrice>7</ItemPrice>
      <UnitOfMeasurePrice>1.49</UnitOfMeasurePrice>
      <AllowDiscount>1</AllowDiscount>
      <itemStatus>1</itemStatus>
      <LastUpdateDate />
      <LastUpdateTime />
    </Product>
    <Product>
      <PriceUpdateDate>2019/04/11 09:19</PriceUpdateDate>
      <ItemCode>613008753390</ItemCode>
      <ItemType>0</ItemType>
      <ItemName>אריזונה אפרסק 450מ"ל</ItemName>
      <ManufactureName>טמפו משקאות בעמ</ManufactureName>
      <ManufactureCountry />
      <ManufactureItemDescription />
      <UnitQty>י"ח</UnitQty>
      <Quantity>450</Quantity>
      <UnitMeasure>ל  מ"ל</UnitMeasure>
      <BisWeighted>0</BisWeighted>
      <QtyInPackage>1</QtyInPackage>
      <ItemPrice>7</ItemPrice>
      <UnitOfMeasurePrice>1.49</UnitOfMeasurePrice>
      <AllowDiscount>1</AllowDiscount>
      <itemStatus>1</itemStatus>
      <LastUpdateDate />
      <LastUpdateTime />
    </Product>
    <Product>
      <PriceUpdateDate>2016/05/03 10:39</PriceUpdateDate>
      <ItemCode>633824102096</ItemCode>
      <ItemType>0</ItemType>
      <ItemName>וודקה ואן גוך  750מ"ל</ItemName>
      <ManufactureName>ספיריטים סחר בעמ</ManufactureName>
      <ManufactureCountry />
      <ManufactureItemDescription />
      <UnitQty>י"ח</UnitQty>
      <Quantity>750</Quantity>
      <UnitMeasure>ל  מ"ל</UnitMeasure>
      <BisWeighted>0</BisWeighted>
      <QtyInPackage>1</QtyInPackage>
      <ItemPrice>139.90</ItemPrice>
      <UnitOfMeasurePrice>18.61</UnitOfMeasurePrice>
      <AllowDiscount>1</AllowDiscount>
      <itemStatus>1</itemStatus>
      <LastUpdateDate />
      <LastUpdateTime />
    </Product>
    <Product>
      <PriceUpdateDate>2016/05/03 10:39</PriceUpdateDate>
      <ItemCode>633824102201</ItemCode>
      <ItemType>0</ItemType>
      <ItemName>וודקה ואן גוך מלון 750מ"ל</ItemName>
      <ManufactureName>טמפו משקאות בעמ</ManufactureName>
      <ManufactureCountry />
      <ManufactureItemDescription />
      <UnitQty>י"ח</UnitQty>
      <Quantity>750</Quantity>
      <UnitMeasure>ל  מ"ל</UnitMeasure>
      <BisWeighted>0</BisWeighted>
      <QtyInPackage>1</QtyInPackage>
      <ItemPrice>139.90</ItemPrice>
      <UnitOfMeasurePrice>18.61</UnitOfMeasurePrice>
      <AllowDiscount>1</AllowDiscount>
      <itemStatus>1</itemStatus>
      <LastUpdateDate />
      <LastUpdateTime />
    </Product>
    <Product>
      <PriceUpdateDate>2016/05/03 10:39</PriceUpdateDate>
      <ItemCode>633824111838</ItemCode>
      <ItemType>0</ItemType>
      <ItemName>וודקה ואן גוך אננס 750 מ"ל</ItemName>
      <ManufactureName>טמפו משקאות בעמ</ManufactureName>
      <ManufactureCountry />
      <ManufactureItemDescription />
      <UnitQty>י"ח</UnitQty>
      <Quantity>750</Quantity>
      <UnitMeasure>ל  מ"ל</UnitMeasure>
      <BisWeighted>0</BisWeighted>
      <QtyInPackage>1</QtyInPackage>
      <ItemPrice>139.90</ItemPrice>
      <UnitOfMeasurePrice>18.61</UnitOfMeasurePrice>
      <AllowDiscount>1</AllowDiscount>
      <itemStatus>1</itemStatus>
      <LastUpdateDate />
      <LastUpdateTime />
    </Product>
    <Product>
      <PriceUpdateDate>2016/05/03 10:39</PriceUpdateDate>
      <ItemCode>633824138125</ItemCode>
      <ItemType>0</ItemType>
      <ItemName>ואן גוך בלו 750</ItemName>
      <ManufactureName>ספיריטים סחר בעמ</ManufactureName>
      <ManufactureCountry />
      <ManufactureItemDescription />
      <UnitQty>י"ח</UnitQty>
      <Quantity>1</Quantity>
      <UnitMeasure />
      <BisWeighted>0</BisWeighted>
      <QtyInPackage>1</QtyInPackage>
      <ItemPrice>139.90</ItemPrice>
      <UnitOfMeasurePrice>139.90</UnitOfMeasurePrice>
      <AllowDiscount>1</AllowDiscount>
      <itemStatus>1</itemStatus>
      <LastUpdateDate />
      <LastUpdateTime />
    </Product>
    <Product>
      <PriceUpdateDate>2016/05/03 10:39</PriceUpdateDate>
      <ItemCode>633824139122</ItemCode>
      <ItemType>0</ItemType>
      <ItemName>ואן גוך קרמל 750</ItemName>
      <ManufactureName>טמפו משקאות בעמ</ManufactureName>
      <ManufactureCountry />
      <ManufactureItemDescription />
      <UnitQty>י"ח</UnitQty>
      <Quantity>750</Quantity>
      <UnitMeasure>ל  מ"ל</UnitMeasure>
      <BisWeighted>0</BisWeighted>
      <QtyInPackage>1</QtyInPackage>
      <ItemPrice>139.90</ItemPrice>
      <UnitOfMeasurePrice>18.61</UnitOfMeasurePrice>
      <AllowDiscount>1</AllowDiscount>
      <itemStatus>1</itemStatus>
      <LastUpdateDate />
      <LastUpdateTime />
    </Product>
    <Product>
      <PriceUpdateDate>2018/07/25 12:13</PriceUpdateDate>
      <ItemCode>633824141125</ItemCode>
      <ItemType>0</ItemType>
      <ItemName>ואן גוך אפרסק   750</ItemName>
      <ManufactureName>טמפו משקאות בעמ</ManufactureName>
      <ManufactureCountry />
      <ManufactureItemDescription />
      <UnitQty>י"ח</UnitQty>
      <Quantity>750</Quantity>
      <UnitMeasure>ל  מ"ל</UnitMeasure>
      <BisWeighted>0</BisWeighted>
      <QtyInPackage>1</QtyInPackage>
      <ItemPrice>139.90</ItemPrice>
      <UnitOfMeasurePrice>18.61</UnitOfMeasurePrice>
      <AllowDiscount>1</AllowDiscount>
      <itemStatus>1</itemStatus>
      <LastUpdateDate />
      <LastUpdateTime />
    </Product>
    <Product>
      <PriceUpdateDate>2016/05/03 10:39</PriceUpdateDate>
      <ItemCode>633824208040</ItemCode>
      <ItemType>0</ItemType>
      <ItemName>ואן גוך דאבל אספרסו 750מ"ל</ItemName>
      <ManufactureName>טמפו משקאות בעמ</ManufactureName>
      <ManufactureCountry />
      <ManufactureItemDescription />
      <UnitQty>י"ח</UnitQty>
      <Quantity>750</Quantity>
      <UnitMeasure>ל  מ"ל</UnitMeasure>
      <BisWeighted>0</BisWeighted>
      <QtyInPackage>1</QtyInPackage>
      <ItemPrice>139.90</ItemPrice>
      <UnitOfMeasurePrice>18.61</UnitOfMeasurePrice>
      <AllowDiscount>1</AllowDiscount>
      <itemStatus>1</itemStatus>
      <LastUpdateDate />
      <LastUpdateTime />
    </Product>
    <Product>
      <PriceUpdateDate>2016/05/03 10:39</PriceUpdateDate>
      <ItemCode>633824809582</ItemCode>
      <ItemType>0</ItemType>
      <ItemName>ואן גוך בלק שרי  750</ItemName>
      <ManufactureName>טמפו משקאות בעמ</ManufactureName>
      <ManufactureCountry />
      <ManufactureItemDescription />
      <UnitQty>י"ח</UnitQty>
      <Quantity>750</Quantity>
      <UnitMeasure>ל  מ"ל</UnitMeasure>
      <BisWeighted>0</BisWeighted>
      <QtyInPackage>1</QtyInPackage>
      <ItemPrice>139.90</ItemPrice>
      <UnitOfMeasurePrice>18.61</UnitOfMeasurePrice>
      <AllowDiscount>1</AllowDiscount>
      <itemStatus>1</itemStatus>
      <LastUpdateDate />
      <LastUpdateTime />
    </Product>
    <Product>
      <PriceUpdateDate>2016/05/03 10:39</PriceUpdateDate>
      <ItemCode>633824913432</ItemCode>
      <ItemType>0</ItemType>
      <ItemName>ואן גוך אסאי 750</ItemName>
      <ManufactureName>טמפו משקאות בעמ</ManufactureName>
      <ManufactureCountry />
      <ManufactureItemDescription />
      <UnitQty>י"ח</UnitQty>
      <Quantity>750</Quantity>
      <UnitMeasure>ל  מ"ל</UnitMeasure>
      <BisWeighted>0</BisWeighted>
      <QtyInPackage>1</QtyInPackage>
      <ItemPrice>139.90</ItemPrice>
      <UnitOfMeasurePrice>18.61</UnitOfMeasurePrice>
      <AllowDiscount>1</AllowDiscount>
      <itemStatus>1</itemStatus>
      <LastUpdateDate />
      <LastUpdateTime />
    </Product>
    <Product>
      <PriceUpdateDate>2016/05/03 10:39</PriceUpdateDate>
      <ItemCode>633824929532</ItemCode>
      <ItemType>0</ItemType>
      <ItemName>ואן גוך רימון 750</ItemName>
      <ManufactureName>טמפו משקאות בעמ</ManufactureName>
      <ManufactureCountry />
      <ManufactureItemDescription />
      <UnitQty>י"ח</UnitQty>
      <Quantity>750</Quantity>
      <UnitMeasure>ל  מ"ל</UnitMeasure>
      <BisWeighted>0</BisWeighted>
      <QtyInPackage>1</QtyInPackage>
      <ItemPrice>139.90</ItemPrice>
      <UnitOfMeasurePrice>18.61</UnitOfMeasurePrice>
      <AllowDiscount>1</AllowDiscount>
      <itemStatus>1</itemStatus>
      <LastUpdateDate />
      <LastUpdateTime />
    </Product>
    <Product>
      <PriceUpdateDate>2019/06/16 09:47</PriceUpdateDate>
      <ItemCode>644209307494</ItemCode>
      <ItemType>0</ItemType>
      <ItemName>דנקן היינס תערובת להכנת עוגה 432 גרם</ItemName>
      <ManufactureName>מור ים מרקטינג בעמ</ManufactureName>
      <ManufactureCountry />
      <ManufactureItemDescription />
      <UnitQty>י"ח</UnitQty>
      <Quantity>432</Quantity>
      <UnitMeasure>ל  גרם</UnitMeasure>
      <BisWeighted>0</BisWeighted>
      <QtyInPackage>1</QtyInPackage>
      <ItemPrice>20.90</ItemPrice>
      <UnitOfMeasurePrice>4.84</UnitOfMeasurePrice>
      <AllowDiscount>1</AllowDiscount>
      <itemStatus>1</itemStatus>
      <LastUpdateDate />
      <LastUpdateTime />
    </Product>
    <Product>
      <PriceUpdateDate>2019/06/16 09:47</PriceUpdateDate>
      <ItemCode>644209307579</ItemCode>
      <ItemType>0</ItemType>
      <ItemName>דנקן תערובת דבילס 432 גרם</ItemName>
      <ManufactureName>מור ים מרקטינג בעמ</ManufactureName>
      <ManufactureCountry />
      <ManufactureItemDescription />
      <UnitQty>י"ח</UnitQty>
      <Quantity>432</Quantity>
      <UnitMeasure>ל  גרם</UnitMeasure>
      <BisWeighted>0</BisWeighted>
      <QtyInPackage>1</QtyInPackage>
      <ItemPrice>19.90</ItemPrice>
      <UnitOfMeasurePrice>4.61</UnitOfMeasurePrice>
      <AllowDiscount>1</AllowDiscount>
      <itemStatus>1</itemStatus>
      <LastUpdateDate />
      <LastUpdateTime />
    </Product>
    <Product>
      <PriceUpdateDate>2019/06/16 09:47</PriceUpdateDate>
      <ItemCode>644209405923</ItemCode>
      <ItemType>0</ItemType>
      <ItemName>דנקן היינס ציפוי מוקצף וניל 397 גרם</ItemName>
      <ManufactureName>מור ים מרקטינג בעמ</ManufactureName>
      <ManufactureCountry />
      <ManufactureItemDescription />
      <UnitQty>י"ח</UnitQty>
      <Quantity>397</Quantity>
      <UnitMeasure>ל  גרם</UnitMeasure>
      <BisWeighted>0</BisWeighted>
      <QtyInPackage>1</QtyInPackage>
      <ItemPrice>20.90</ItemPrice>
      <UnitOfMeasurePrice>5.26</UnitOfMeasurePrice>
      <AllowDiscount>1</AllowDiscount>
      <itemStatus>1</itemStatus>
      <LastUpdateDate />
      <LastUpdateTime />
    </Product>
    <Product>
      <PriceUpdateDate>2019/06/16 09:47</PriceUpdateDate>
      <ItemCode>644209405930</ItemCode>
      <ItemType>0</ItemType>
      <ItemName>דנקן היינס ציפוי מוקצף שוקולד 397 גרם</ItemName>
      <ManufactureName>מור ים מרקטינג בעמ</ManufactureName>
      <ManufactureCountry />
      <ManufactureItemDescription />
      <UnitQty>י"ח</UnitQty>
      <Quantity>397</Quantity>
      <UnitMeasure>ל  גרם</UnitMeasure>
      <BisWeighted>0</BisWeighted>
      <QtyInPackage>1</QtyInPackage>
      <ItemPrice>20.90</ItemPrice>
      <UnitOfMeasurePrice>5.26</UnitOfMeasurePrice>
      <AllowDiscount>1</AllowDiscount>
      <itemStatus>1</itemStatus>
      <LastUpdateDate />
      <LastUpdateTime />
    </Product>
    <Product>
      <PriceUpdateDate>2020/04/21 10:23</PriceUpdateDate>
      <ItemCode>644209405947</ItemCode>
      <ItemType>0</ItemType>
      <ItemName>דנקן היינס ציפוי מוקצף לבן פרווה 397 גרם</ItemName>
      <ManufactureName>מור ים מרקטינג בעמ</ManufactureName>
      <ManufactureCountry />
      <ManufactureItemDescription />
      <UnitQty>י"ח</UnitQty>
      <Quantity>397</Quantity>
      <UnitMeasure>ל  גרם</UnitMeasure>
      <BisWeighted>0</BisWeighted>
      <QtyInPackage>1</QtyInPackage>
      <ItemPrice>20.90</ItemPrice>
      <UnitOfMeasurePrice>5.26</UnitOfMeasurePrice>
      <AllowDiscount>1</AllowDiscount>
      <itemStatus>1</itemStatus>
      <LastUpdateDate />
      <LastUpdateTime />
    </Product>
    <Product>
      <PriceUpdateDate>2020/04/21 10:23</PriceUpdateDate>
      <ItemCode>644209405985</ItemCode>
      <ItemType>0</ItemType>
      <ItemName>דנקן היינס ציפוי מוקצף גבינה חלבי 397ג</ItemName>
      <ManufactureName>מור ים מרקטינג בעמ</ManufactureName>
      <ManufactureCountry />
      <ManufactureItemDescription />
      <UnitQty>י"ח</UnitQty>
      <Quantity>397</Quantity>
      <UnitMeasure>ל  גרם</UnitMeasure>
      <BisWeighted>0</BisWeighted>
      <QtyInPackage>1</QtyInPackage>
      <ItemPrice>20.90</ItemPrice>
      <UnitOfMeasurePrice>5.26</UnitOfMeasurePrice>
      <AllowDiscount>1</AllowDiscount>
      <itemStatus>1</itemStatus>
      <LastUpdateDate />
      <LastUpdateTime />
    </Product>
    <Product>
      <PriceUpdateDate>2020/04/21 10:23</PriceUpdateDate>
      <ItemCode>644209412853</ItemCode>
      <ItemType>0</ItemType>
      <ItemName>דנקן היינס תערובת עוגת פרנץ וניל 432 גרם</ItemName>
      <ManufactureName>מור ים מרקטינג בעמ</ManufactureName>
      <ManufactureCountry />
      <ManufactureItemDescription />
      <UnitQty>י"ח</UnitQty>
      <Quantity>432</Quantity>
      <UnitMeasure>ל  גרם</UnitMeasure>
      <BisWeighted>0</BisWeighted>
      <QtyInPackage>1</QtyInPackage>
      <ItemPrice>20.90</ItemPrice>
      <UnitOfMeasurePrice>4.84</UnitOfMeasurePrice>
      <AllowDiscount>1</AllowDiscount>
      <itemStatus>1</itemStatus>
      <LastUpdateDate />
      <LastUpdateTime />
    </Product>
    <Product>
      <PriceUpdateDate>2020/04/21 10:23</PriceUpdateDate>
      <ItemCode>644209414550</ItemCode>
      <ItemType>0</ItemType>
      <ItemName>דנקן היינס תערובת עוגת קונפטי 432 גרם</ItemName>
      <ManufactureName>מור ים מרקטינג בעמ</ManufactureName>
      <ManufactureCountry />
      <ManufactureItemDescription />
      <UnitQty>י"ח</UnitQty>
      <Quantity>432</Quantity>
      <UnitMeasure>ל  גרם</UnitMeasure>
      <BisWeighted>0</BisWeighted>
      <QtyInPackage>1</QtyInPackage>
      <ItemPrice>20.90</ItemPrice>
      <UnitOfMeasurePrice>4.84</UnitOfMeasurePrice>
      <AllowDiscount>1</AllowDiscount>
      <itemStatus>1</itemStatus>
      <LastUpdateDate />
      <LastUpdateTime />
    </Product>
    <Product>
      <PriceUpdateDate>2019/08/15 07:21</PriceUpdateDate>
      <ItemCode>654954221518</ItemCode>
      <ItemType>0</ItemType>
      <ItemName>עוגיות חצי מצופות שוקולד חלב 102ג</ItemName>
      <ManufactureName>א.ג בחירה חכמה בעמ</ManufactureName>
      <ManufactureCountry />
      <ManufactureItemDescription />
      <UnitQty>י"ח</UnitQty>
      <Quantity>10200</Quantity>
      <UnitMeasure>ל  גרם</UnitMeasure>
      <BisWeighted>0</BisWeighted>
      <QtyInPackage>1</QtyInPackage>
      <ItemPrice>5.90</ItemPrice>
      <UnitOfMeasurePrice>0.06</UnitOfMeasurePrice>
      <AllowDiscount>1</AllowDiscount>
      <itemStatus>1</itemStatus>
      <LastUpdateDate />
      <LastUpdateTime />
    </Product>
    <Product>
      <PriceUpdateDate>2018/11/12 10:02</PriceUpdateDate>
      <ItemCode>723246284149</ItemCode>
      <ItemType>0</ItemType>
      <ItemName>הייד סיק עוגיות שוקוצ`יפס</ItemName>
      <ManufactureName>ציון תורגמן בעמ</ManufactureName>
      <ManufactureCountry />
      <ManufactureItemDescription />
      <UnitQty>י"ח</UnitQty>
      <Quantity>600</Quantity>
      <UnitMeasure>ל  גרם</UnitMeasure>
      <BisWeighted>0</BisWeighted>
      <QtyInPackage>1</QtyInPackage>
      <ItemPrice>4.90</ItemPrice>
      <UnitOfMeasurePrice>0.82</UnitOfMeasurePrice>
      <AllowDiscount>1</AllowDiscount>
      <itemStatus>1</itemStatus>
      <LastUpdateDate />
      <LastUpdateTime />
    </Product>
    <Product>
      <PriceUpdateDate>2018/11/12 10:02</PriceUpdateDate>
      <ItemCode>723246284156</ItemCode>
      <ItemType>0</ItemType>
      <ItemName>הייד סיק עוגיות קפה מוקה שוקוציפס</ItemName>
      <ManufactureName>ציון תורגמן בעמ</ManufactureName>
      <ManufactureCountry />
      <ManufactureItemDescription />
      <UnitQty>י"ח</UnitQty>
      <Quantity>600</Quantity>
      <UnitMeasure>ל  גרם</UnitMeasure>
      <BisWeighted>0</BisWeighted>
      <QtyInPackage>1</QtyInPackage>
      <ItemPrice>4.90</ItemPrice>
      <UnitOfMeasurePrice>0.82</UnitOfMeasurePrice>
      <AllowDiscount>1</AllowDiscount>
      <itemStatus>1</itemStatus>
      <LastUpdateDate />
      <LastUpdateTime />
    </Product>
    <Product>
      <PriceUpdateDate>2018/05/09 11:04</PriceUpdateDate>
      <ItemCode>729001420628</ItemCode>
      <ItemType>0</ItemType>
      <ItemName>צלחת בינונית  תפארת  10יח שווה</ItemName>
      <ManufactureName>ח.כהן סוכנות מזון ומשקאות בע</ManufactureName>
      <ManufactureCountry />
      <ManufactureItemDescription />
      <UnitQty>י"ח</UnitQty>
      <Quantity>10</Quantity>
      <UnitMeasure>י"ח</UnitMeasure>
      <BisWeighted>0</BisWeighted>
      <QtyInPackage>1</QtyInPackage>
      <ItemPrice>8.90</ItemPrice>
      <UnitOfMeasurePrice>0.89</UnitOfMeasurePrice>
      <AllowDiscount>1</AllowDiscount>
      <itemStatus>1</itemStatus>
      <LastUpdateDate />
      <LastUpdateTime />
    </Product>
    <Product>
      <PriceUpdateDate>2019/04/22 08:08</PriceUpdateDate>
      <ItemCode>729001744965</ItemCode>
      <ItemType>0</ItemType>
      <ItemName>אל סבון נוזלי לידיים קמיל 1ליטר</ItemName>
      <ManufactureName>פישר תעשיות פרמבצטיות בעמ</ManufactureName>
      <ManufactureCountry />
      <ManufactureItemDescription />
      <UnitQty>י"ח</UnitQty>
      <Quantity>1</Quantity>
      <UnitMeasure>ליטר</UnitMeasure>
      <BisWeighted>0</BisWeighted>
      <QtyInPackage>1</QtyInPackage>
      <ItemPrice>14.90</ItemPrice>
      <UnitOfMeasurePrice>14.90</UnitOfMeasurePrice>
      <AllowDiscount>1</AllowDiscount>
      <itemStatus>1</itemStatus>
      <LastUpdateDate />
      <LastUpdateTime />
    </Product>
    <Product>
      <PriceUpdateDate>2018/11/20 07:48</PriceUpdateDate>
      <ItemCode>729011193260</ItemCode>
      <ItemType>0</ItemType>
      <ItemName>קולגייט  מי פה טוטל כחול 500מ"ל</ItemName>
      <ManufactureName>ש.שסטוביץ בעמ</ManufactureName>
      <ManufactureCountry />
      <ManufactureItemDescription />
      <UnitQty>י"ח</UnitQty>
      <Quantity>500</Quantity>
      <UnitMeasure>ל  מ"ל</UnitMeasure>
      <BisWeighted>0</BisWeighted>
      <QtyInPackage>1</QtyInPackage>
      <ItemPrice>33.90</ItemPrice>
      <UnitOfMeasurePrice>6.78</UnitOfMeasurePrice>
      <AllowDiscount>1</AllowDiscount>
      <itemStatus>1</itemStatus>
      <LastUpdateDate />
      <LastUpdateTime />
    </Product>
    <Product>
      <PriceUpdateDate>2017/08/17 13:34</PriceUpdateDate>
      <ItemCode>768404001640</ItemCode>
      <ItemType>0</ItemType>
      <ItemName>גלידה פיינטים קפה</ItemName>
      <ManufactureName>מוצרי איכות אמריקאיים בעמ</ManufactureName>
      <ManufactureCountry />
      <ManufactureItemDescription />
      <UnitQty>י"ח</UnitQty>
      <Quantity>500</Quantity>
      <UnitMeasure>ל  מ"ל</UnitMeasure>
      <BisWeighted>0</BisWeighted>
      <QtyInPackage>1</QtyInPackage>
      <ItemPrice>23.90</ItemPrice>
      <UnitOfMeasurePrice>4.78</UnitOfMeasurePrice>
      <AllowDiscount>1</AllowDiscount>
      <itemStatus>1</itemStatus>
      <LastUpdateDate />
      <LastUpdateTime />
    </Product>
    <Product>
      <PriceUpdateDate>2019/11/26 07:54</PriceUpdateDate>
      <ItemCode>812130020496</ItemCode>
      <ItemType>0</ItemType>
      <ItemName>סטיביה תערובת סוכר חום טרוביה 510גרם</ItemName>
      <ManufactureName>גורי ע.ע.ע. בעמ</ManufactureName>
      <ManufactureCountry />
      <ManufactureItemDescription />
      <UnitQty>י"ח</UnitQty>
      <Quantity>51</Quantity>
      <UnitMeasure>ל  מ"ל</UnitMeasure>
      <BisWeighted>0</BisWeighted>
      <QtyInPackage>1</QtyInPackage>
      <ItemPrice>34.90</ItemPrice>
      <UnitOfMeasurePrice>68.43</UnitOfMeasurePrice>
      <AllowDiscount>1</AllowDiscount>
      <itemStatus>1</itemStatus>
      <LastUpdateDate />
      <LastUpdateTime />
    </Product>
    <Product>
      <PriceUpdateDate>2018/12/12 10:09</PriceUpdateDate>
      <ItemCode>839762000641</ItemCode>
      <ItemType>0</ItemType>
      <ItemName>איילנד מנגו 1 ליטר</ItemName>
      <ManufactureName>טמפו משקאות בעמ</ManufactureName>
      <ManufactureCountry />
      <ManufactureItemDescription />
      <UnitQty>י"ח</UnitQty>
      <Quantity>1</Quantity>
      <UnitMeasure>ליטר</UnitMeasure>
      <BisWeighted>0</BisWeighted>
      <QtyInPackage>1</QtyInPackage>
      <ItemPrice>11.20</ItemPrice>
      <UnitOfMeasurePrice>11.20</UnitOfMeasurePrice>
      <AllowDiscount>1</AllowDiscount>
      <itemStatus>1</itemStatus>
      <LastUpdateDate />
      <LastUpdateTime />
    </Product>
    <Product>
      <PriceUpdateDate>2018/12/12 10:09</PriceUpdateDate>
      <ItemCode>839762000658</ItemCode>
      <ItemType>0</ItemType>
      <ItemName>איילנד גויאבה 1 ליטר</ItemName>
      <ManufactureName>טמפו משקאות בעמ</ManufactureName>
      <ManufactureCountry />
      <ManufactureItemDescription />
      <UnitQty>י"ח</UnitQty>
      <Quantity>1</Quantity>
      <UnitMeasure>ליטר</UnitMeasure>
      <BisWeighted>0</BisWeighted>
      <QtyInPackage>1</QtyInPackage>
      <ItemPrice>11.20</ItemPrice>
      <UnitOfMeasurePrice>11.20</UnitOfMeasurePrice>
      <AllowDiscount>1</AllowDiscount>
      <itemStatus>1</itemStatus>
      <LastUpdateDate />
      <LastUpdateTime />
    </Product>
    <Product>
      <PriceUpdateDate>2018/04/04 17:10</PriceUpdateDate>
      <ItemCode>856591000055</ItemCode>
      <ItemType>0</ItemType>
      <ItemName>עבאדי עוגיות מזרחיות קריספי  -400</ItemName>
      <ManufactureName>תה ויסוצקי (ישראל)בעמ</ManufactureName>
      <ManufactureCountry />
      <ManufactureItemDescription />
      <UnitQty>י"ח</UnitQty>
      <Quantity>400</Quantity>
      <UnitMeasure>ל  גרם</UnitMeasure>
      <BisWeighted>0</BisWeighted>
      <QtyInPackage>1</QtyInPackage>
      <ItemPrice>17.90</ItemPrice>
      <UnitOfMeasurePrice>4.48</UnitOfMeasurePrice>
      <AllowDiscount>1</AllowDiscount>
      <itemStatus>1</itemStatus>
      <LastUpdateDate />
      <LastUpdateTime />
    </Product>
    <Product>
      <PriceUpdateDate>2013/12/25 11:42</PriceUpdateDate>
      <ItemCode>856591000062</ItemCode>
      <ItemType>0</ItemType>
      <ItemName>עבאדי עוגיות מזרחיות מלח  -400</ItemName>
      <ManufactureName>תה ויסוצקי (ישראל)בעמ</ManufactureName>
      <ManufactureCountry />
      <ManufactureItemDescription />
      <UnitQty>י"ח</UnitQty>
      <Quantity>400</Quantity>
      <UnitMeasure>ל  גרם</UnitMeasure>
      <BisWeighted>0</BisWeighted>
      <QtyInPackage>1</QtyInPackage>
      <ItemPrice>17.90</ItemPrice>
      <UnitOfMeasurePrice>4.48</UnitOfMeasurePrice>
      <AllowDiscount>1</AllowDiscount>
      <itemStatus>1</itemStatus>
      <LastUpdateDate />
      <LastUpdateTime />
    </Product>
    <Product>
      <PriceUpdateDate>2018/09/23 08:00</PriceUpdateDate>
      <ItemCode>856591000109</ItemCode>
      <ItemType>0</ItemType>
      <ItemName>עבאדי עוגיות מזרחיות פריך במיוחד 400גר</ItemName>
      <ManufactureName>תה ויסוצקי (ישראל)בעמ</ManufactureName>
      <ManufactureCountry />
      <ManufactureItemDescription />
      <UnitQty>י"ח</UnitQty>
      <Quantity>400</Quantity>
      <UnitMeasure>ל  גרם</UnitMeasure>
      <BisWeighted>0</BisWeighted>
      <QtyInPackage>1</QtyInPackage>
      <ItemPrice>16.90</ItemPrice>
      <UnitOfMeasurePrice>4.23</UnitOfMeasurePrice>
      <AllowDiscount>1</AllowDiscount>
      <itemStatus>1</itemStatus>
      <LastUpdateDate />
      <LastUpdateTime />
    </Product>
    <Product>
      <PriceUpdateDate>2018/05/21 08:02</PriceUpdateDate>
      <ItemCode>856591000123</ItemCode>
      <ItemType>0</ItemType>
      <ItemName>עבאדי עוגיות מזרחיות  -400גר</ItemName>
      <ManufactureName>תה ויסוצקי (ישראל)בעמ</ManufactureName>
      <ManufactureCountry />
      <ManufactureItemDescription />
      <UnitQty>י"ח</UnitQty>
      <Quantity>400</Quantity>
      <UnitMeasure>ל  גרם</UnitMeasure>
      <BisWeighted>0</BisWeighted>
      <QtyInPackage>1</QtyInPackage>
      <ItemPrice>16.90</ItemPrice>
      <UnitOfMeasurePrice>4.23</UnitOfMeasurePrice>
      <AllowDiscount>1</AllowDiscount>
      <itemStatus>1</itemStatus>
      <LastUpdateDate />
      <LastUpdateTime />
    </Product>
    <Product>
      <PriceUpdateDate>2019/02/19 13:45</PriceUpdateDate>
      <ItemCode>856591000499</ItemCode>
      <ItemType>0</ItemType>
      <ItemName>עבאדי נשנוש בטעם טבעי 400גר</ItemName>
      <ManufactureName>תה ויסוצקי (ישראל)בעמ</ManufactureName>
      <ManufactureCountry />
      <ManufactureItemDescription />
      <UnitQty>י"ח</UnitQty>
      <Quantity>400</Quantity>
      <UnitMeasure>ל  גרם</UnitMeasure>
      <BisWeighted>0</BisWeighted>
      <QtyInPackage>1</QtyInPackage>
      <ItemPrice>17.90</ItemPrice>
      <UnitOfMeasurePrice>4.48</UnitOfMeasurePrice>
      <AllowDiscount>1</AllowDiscount>
      <itemStatus>1</itemStatus>
      <LastUpdateDate />
      <LastUpdateTime />
    </Product>
    <Product>
      <PriceUpdateDate>2019/02/19 13:45</PriceUpdateDate>
      <ItemCode>856591000505</ItemCode>
      <ItemType>0</ItemType>
      <ItemName>עבאדי נשנוש בטעם ברביקיו 400גר</ItemName>
      <ManufactureName>תה ויסוצקי (ישראל)בעמ</ManufactureName>
      <ManufactureCountry />
      <ManufactureItemDescription />
      <UnitQty>י"ח</UnitQty>
      <Quantity>400</Quantity>
      <UnitMeasure>ל  גרם</UnitMeasure>
      <BisWeighted>0</BisWeighted>
      <QtyInPackage>1</QtyInPackage>
      <ItemPrice>17.90</ItemPrice>
      <UnitOfMeasurePrice>4.48</UnitOfMeasurePrice>
      <AllowDiscount>1</AllowDiscount>
      <itemStatus>1</itemStatus>
      <LastUpdateDate />
      <LastUpdateTime />
    </Product>
    <Product>
      <PriceUpdateDate>2018/04/04 17:10</PriceUpdateDate>
      <ItemCode>856591000512</ItemCode>
      <ItemType>0</ItemType>
      <ItemName>עוגיות מזרחיות מקלות לניגוב 400גר`</ItemName>
      <ManufactureName>תה ויסוצקי (ישראל)בעמ</ManufactureName>
      <ManufactureCountry />
      <ManufactureItemDescription />
      <UnitQty>י"ח</UnitQty>
      <Quantity>400</Quantity>
      <UnitMeasure>ל  גרם</UnitMeasure>
      <BisWeighted>0</BisWeighted>
      <QtyInPackage>1</QtyInPackage>
      <ItemPrice>17.90</ItemPrice>
      <UnitOfMeasurePrice>4.48</UnitOfMeasurePrice>
      <AllowDiscount>1</AllowDiscount>
      <itemStatus>1</itemStatus>
      <LastUpdateDate />
      <LastUpdateTime />
    </Product>
    <Product>
      <PriceUpdateDate>2013/12/25 11:42</PriceUpdateDate>
      <ItemCode>856591000529</ItemCode>
      <ItemType>0</ItemType>
      <ItemName>עוגיות מזרחיות קמח מלא 400 גרם</ItemName>
      <ManufactureName>תה ויסוצקי (ישראל)בעמ</ManufactureName>
      <ManufactureCountry />
      <ManufactureItemDescription />
      <UnitQty>י"ח</UnitQty>
      <Quantity>400</Quantity>
      <UnitMeasure>ל  גרם</UnitMeasure>
      <BisWeighted>0</BisWeighted>
      <QtyInPackage>1</QtyInPackage>
      <ItemPrice>17.90</ItemPrice>
      <UnitOfMeasurePrice>4.48</UnitOfMeasurePrice>
      <AllowDiscount>1</AllowDiscount>
      <itemStatus>1</itemStatus>
      <LastUpdateDate />
      <LastUpdateTime />
    </Product>
    <Product>
      <PriceUpdateDate>2019/02/19 13:45</PriceUpdateDate>
      <ItemCode>856591000642</ItemCode>
      <ItemType>0</ItemType>
      <ItemName>עבאדי נשנוש בטעם פלאפל 400גר</ItemName>
      <ManufactureName>תה ויסוצקי (ישראל)בעמ</ManufactureName>
      <ManufactureCountry />
      <ManufactureItemDescription />
      <UnitQty>י"ח</UnitQty>
      <Quantity>400</Quantity>
      <UnitMeasure>ל  גרם</UnitMeasure>
      <BisWeighted>0</BisWeighted>
      <QtyInPackage>1</QtyInPackage>
      <ItemPrice>17.90</ItemPrice>
      <UnitOfMeasurePrice>4.48</UnitOfMeasurePrice>
      <AllowDiscount>1</AllowDiscount>
      <itemStatus>1</itemStatus>
      <LastUpdateDate />
      <LastUpdateTime />
    </Product>
    <Product>
      <PriceUpdateDate>2019/02/19 13:45</PriceUpdateDate>
      <ItemCode>856591000659</ItemCode>
      <ItemType>0</ItemType>
      <ItemName>עבאדי נשנוש טעם חריף 400גר</ItemName>
      <ManufactureName>תה ויסוצקי (ישראל)בעמ</ManufactureName>
      <ManufactureCountry />
      <ManufactureItemDescription />
      <UnitQty>י"ח</UnitQty>
      <Quantity>400</Quantity>
      <UnitMeasure>ל  גרם</UnitMeasure>
      <BisWeighted>0</BisWeighted>
      <QtyInPackage>1</QtyInPackage>
      <ItemPrice>17.90</ItemPrice>
      <UnitOfMeasurePrice>4.48</UnitOfMeasurePrice>
      <AllowDiscount>1</AllowDiscount>
      <itemStatus>1</itemStatus>
      <LastUpdateDate />
      <LastUpdateTime />
    </Product>
    <Product>
      <PriceUpdateDate>2019/02/19 13:45</PriceUpdateDate>
      <ItemCode>856591000666</ItemCode>
      <ItemType>0</ItemType>
      <ItemName>עבאדי נשנוש בטעם איטלקי 400גר</ItemName>
      <ManufactureName>תה ויסוצקי (ישראל)בעמ</ManufactureName>
      <ManufactureCountry />
      <ManufactureItemDescription />
      <UnitQty>י"ח</UnitQty>
      <Quantity>400</Quantity>
      <UnitMeasure>ל  גרם</UnitMeasure>
      <BisWeighted>0</BisWeighted>
      <QtyInPackage>1</QtyInPackage>
      <ItemPrice>17.90</ItemPrice>
      <UnitOfMeasurePrice>4.48</UnitOfMeasurePrice>
      <AllowDiscount>1</AllowDiscount>
      <itemStatus>1</itemStatus>
      <LastUpdateDate />
      <LastUpdateTime />
    </Product>
    <Product>
      <PriceUpdateDate>2019/04/22 08:08</PriceUpdateDate>
      <ItemCode>871716364722</ItemCode>
      <ItemType>0</ItemType>
      <ItemName>אקס בודי ספריי בלק 150מ"ל</ItemName>
      <ManufactureName>יוניליוור ישראל שיווק בעמ</ManufactureName>
      <ManufactureCountry />
      <ManufactureItemDescription />
      <UnitQty>י"ח</UnitQty>
      <Quantity>150</Quantity>
      <UnitMeasure>ל  מ"ל</UnitMeasure>
      <BisWeighted>0</BisWeighted>
      <QtyInPackage>1</QtyInPackage>
      <ItemPrice>14.90</ItemPrice>
      <UnitOfMeasurePrice>9.93</UnitOfMeasurePrice>
      <AllowDiscount>1</AllowDiscount>
      <itemStatus>1</itemStatus>
      <LastUpdateDate />
      <LastUpdateTime />
    </Product>
    <Product>
      <PriceUpdateDate>2017/11/24 09:16</PriceUpdateDate>
      <ItemCode>884912014245</ItemCode>
      <ItemType>0</ItemType>
      <ItemName>דגני בוקר האני באנצ רוסטד411גר</ItemName>
      <ManufactureName>ר.ב. מוצרי דגנים בעמ</ManufactureName>
      <ManufactureCountry />
      <ManufactureItemDescription />
      <UnitQty>י"ח</UnitQty>
      <Quantity>411</Quantity>
      <UnitMeasure>ל  גרם</UnitMeasure>
      <BisWeighted>0</BisWeighted>
      <QtyInPackage>1</QtyInPackage>
      <ItemPrice>21.90</ItemPrice>
      <UnitOfMeasurePrice>5.33</UnitOfMeasurePrice>
      <AllowDiscount>1</AllowDiscount>
      <itemStatus>1</itemStatus>
      <LastUpdateDate />
      <LastUpdateTime />
    </Product>
    <Product>
      <PriceUpdateDate>2015/06/02 08:55</PriceUpdateDate>
      <ItemCode>884912014252</ItemCode>
      <ItemType>0</ItemType>
      <ItemName>דגני בוקר האני באנצ אלמונד 411 גר</ItemName>
      <ManufactureName>ר.ב. מוצרי דגנים בעמ</ManufactureName>
      <ManufactureCountry />
      <ManufactureItemDescription />
      <UnitQty>י"ח</UnitQty>
      <Quantity>411</Quantity>
      <UnitMeasure>ל  גרם</UnitMeasure>
      <BisWeighted>0</BisWeighted>
      <QtyInPackage>1</QtyInPackage>
      <ItemPrice>25.90</ItemPrice>
      <UnitOfMeasurePrice>6.30</UnitOfMeasurePrice>
      <AllowDiscount>1</AllowDiscount>
      <itemStatus>1</itemStatus>
      <LastUpdateDate />
      <LastUpdateTime />
    </Product>
    <Product>
      <PriceUpdateDate>2016/11/21 09:51</PriceUpdateDate>
      <ItemCode>884912103703</ItemCode>
      <ItemType>0</ItemType>
      <ItemName>דגני בוק וואפלס קריספ 326גר</ItemName>
      <ManufactureName>ר.ב. מוצרי דגנים בעמ</ManufactureName>
      <ManufactureCountry />
      <ManufactureItemDescription />
      <UnitQty>י"ח</UnitQty>
      <Quantity>325</Quantity>
      <UnitMeasure>ל  גרם</UnitMeasure>
      <BisWeighted>0</BisWeighted>
      <QtyInPackage>1</QtyInPackage>
      <ItemPrice>21.90</ItemPrice>
      <UnitOfMeasurePrice>6.74</UnitOfMeasurePrice>
      <AllowDiscount>1</AllowDiscount>
      <itemStatus>1</itemStatus>
      <LastUpdateDate />
      <LastUpdateTime />
    </Product>
    <Product>
      <PriceUpdateDate>2017/06/15 11:11</PriceUpdateDate>
      <ItemCode>884912112217</ItemCode>
      <ItemType>0</ItemType>
      <ItemName>דגני בוקר האני באנצ תות 368גר</ItemName>
      <ManufactureName>ר.ב. מוצרי דגנים בעמ</ManufactureName>
      <ManufactureCountry />
      <ManufactureItemDescription />
      <UnitQty>י"ח</UnitQty>
      <Quantity>368</Quantity>
      <UnitMeasure>ל  גרם</UnitMeasure>
      <BisWeighted>0</BisWeighted>
      <QtyInPackage>1</QtyInPackage>
      <ItemPrice>23.90</ItemPrice>
      <UnitOfMeasurePrice>6.49</UnitOfMeasurePrice>
      <AllowDiscount>1</AllowDiscount>
      <itemStatus>1</itemStatus>
      <LastUpdateDate />
      <LastUpdateTime />
    </Product>
    <Product>
      <PriceUpdateDate>2014/01/12 09:58</PriceUpdateDate>
      <ItemCode>884912113139</ItemCode>
      <ItemType>0</ItemType>
      <ItemName>דגני בוקר בראן פלקס453גר</ItemName>
      <ManufactureName>ר.ב. מוצרי דגנים בעמ</ManufactureName>
      <ManufactureCountry />
      <ManufactureItemDescription />
      <UnitQty>י"ח</UnitQty>
      <Quantity>455</Quantity>
      <UnitMeasure>ל  גרם</UnitMeasure>
      <BisWeighted>0</BisWeighted>
      <QtyInPackage>1</QtyInPackage>
      <ItemPrice>21.90</ItemPrice>
      <UnitOfMeasurePrice>4.81</UnitOfMeasurePrice>
      <AllowDiscount>1</AllowDiscount>
      <itemStatus>1</itemStatus>
      <LastUpdateDate />
      <LastUpdateTime />
    </Product>
    <Product>
      <PriceUpdateDate>2017/10/20 07:39</PriceUpdateDate>
      <ItemCode>884912117625</ItemCode>
      <ItemType>0</ItemType>
      <ItemName>שלווה גולדן קריספי</ItemName>
      <ManufactureName>ר.ב. מוצרי דגנים בעמ</ManufactureName>
      <ManufactureCountry />
      <ManufactureItemDescription />
      <UnitQty>י"ח</UnitQty>
      <Quantity>100</Quantity>
      <UnitMeasure>ל  גרם</UnitMeasure>
      <BisWeighted>0</BisWeighted>
      <QtyInPackage>1</QtyInPackage>
      <ItemPrice>16.90</ItemPrice>
      <UnitOfMeasurePrice>16.90</UnitOfMeasurePrice>
      <AllowDiscount>1</AllowDiscount>
      <itemStatus>1</itemStatus>
      <LastUpdateDate />
      <LastUpdateTime />
    </Product>
    <Product>
      <PriceUpdateDate>2016/11/21 09:51</PriceUpdateDate>
      <ItemCode>884912129659</ItemCode>
      <ItemType>0</ItemType>
      <ItemName>דגני בוקר קוקו פבלס 425גר</ItemName>
      <ManufactureName>ר.ב. מוצרי דגנים בעמ</ManufactureName>
      <ManufactureCountry />
      <ManufactureItemDescription />
      <UnitQty>י"ח</UnitQty>
      <Quantity>425</Quantity>
      <UnitMeasure>ל  גרם</UnitMeasure>
      <BisWeighted>0</BisWeighted>
      <QtyInPackage>1</QtyInPackage>
      <ItemPrice>21.90</ItemPrice>
      <UnitOfMeasurePrice>5.15</UnitOfMeasurePrice>
      <AllowDiscount>1</AllowDiscount>
      <itemStatus>1</itemStatus>
      <LastUpdateDate />
      <LastUpdateTime />
    </Product>
    <Product>
      <PriceUpdateDate>2016/11/21 09:51</PriceUpdateDate>
      <ItemCode>884912129741</ItemCode>
      <ItemType>0</ItemType>
      <ItemName>דגני בוקר פרוטי פבלס 425גר</ItemName>
      <ManufactureName>ר.ב. מוצרי דגנים בעמ</ManufactureName>
      <ManufactureCountry />
      <ManufactureItemDescription />
      <UnitQty>י"ח</UnitQty>
      <Quantity>425</Quantity>
      <UnitMeasure>ל  גרם</UnitMeasure>
      <BisWeighted>0</BisWeighted>
      <QtyInPackage>1</QtyInPackage>
      <ItemPrice>21.90</ItemPrice>
      <UnitOfMeasurePrice>5.15</UnitOfMeasurePrice>
      <AllowDiscount>1</AllowDiscount>
      <itemStatus>1</itemStatus>
      <LastUpdateDate />
      <LastUpdateTime />
    </Product>
    <Product>
      <PriceUpdateDate>2017/04/02 15:51</PriceUpdateDate>
      <ItemCode>884912256539</ItemCode>
      <ItemType>0</ItemType>
      <ItemName>דגני בוקר קינמון פבלס 425גר</ItemName>
      <ManufactureName>ר.ב. מוצרי דגנים בעמ</ManufactureName>
      <ManufactureCountry />
      <ManufactureItemDescription />
      <UnitQty>י"ח</UnitQty>
      <Quantity>425</Quantity>
      <UnitMeasure>ל  גרם</UnitMeasure>
      <BisWeighted>0</BisWeighted>
      <QtyInPackage>1</QtyInPackage>
      <ItemPrice>21.90</ItemPrice>
      <UnitOfMeasurePrice>5.15</UnitOfMeasurePrice>
      <AllowDiscount>1</AllowDiscount>
      <itemStatus>1</itemStatus>
      <LastUpdateDate />
      <LastUpdateTime />
    </Product>
    <Product>
      <PriceUpdateDate>2017/03/17 07:14</PriceUpdateDate>
      <ItemCode>884912259363</ItemCode>
      <ItemType>0</ItemType>
      <ItemName>דגנ בוקר פקאן מייפל וסוגר חום HBO411גר</ItemName>
      <ManufactureName>ר.ב. מוצרי דגנים בעמ</ManufactureName>
      <ManufactureCountry />
      <ManufactureItemDescription />
      <UnitQty>י"ח</UnitQty>
      <Quantity>455</Quantity>
      <UnitMeasure>ל  גרם</UnitMeasure>
      <BisWeighted>0</BisWeighted>
      <QtyInPackage>1</QtyInPackage>
      <ItemPrice>21.90</ItemPrice>
      <UnitOfMeasurePrice>4.81</UnitOfMeasurePrice>
      <AllowDiscount>1</AllowDiscount>
      <itemStatus>1</itemStatus>
      <LastUpdateDate />
      <LastUpdateTime />
    </Product>
    <Product>
      <PriceUpdateDate>2018/06/06 13:53</PriceUpdateDate>
      <ItemCode>884912273116</ItemCode>
      <ItemType>0</ItemType>
      <ItemName>דגני בוקר אוראו 311גר</ItemName>
      <ManufactureName>ר.ב. מוצרי דגנים בעמ</ManufactureName>
      <ManufactureCountry />
      <ManufactureItemDescription />
      <UnitQty>י"ח</UnitQty>
      <Quantity>311</Quantity>
      <UnitMeasure>ל  גרם</UnitMeasure>
      <BisWeighted>0</BisWeighted>
      <QtyInPackage>1</QtyInPackage>
      <ItemPrice>24.90</ItemPrice>
      <UnitOfMeasurePrice>8.01</UnitOfMeasurePrice>
      <AllowDiscount>1</AllowDiscount>
      <itemStatus>1</itemStatus>
      <LastUpdateDate />
      <LastUpdateTime />
    </Product>
    <Product>
      <PriceUpdateDate>2018/08/22 13:26</PriceUpdateDate>
      <ItemCode>884912288745</ItemCode>
      <ItemType>0</ItemType>
      <ItemName>דגני בוקר קוקו פבלס 425גר</ItemName>
      <ManufactureName>ר.ב. מוצרי דגנים בעמ</ManufactureName>
      <ManufactureCountry />
      <ManufactureItemDescription />
      <UnitQty>י"ח</UnitQty>
      <Quantity>425</Quantity>
      <UnitMeasure>ל  גרם</UnitMeasure>
      <BisWeighted>0</BisWeighted>
      <QtyInPackage>1</QtyInPackage>
      <ItemPrice>21.90</ItemPrice>
      <UnitOfMeasurePrice>5.15</UnitOfMeasurePrice>
      <AllowDiscount>1</AllowDiscount>
      <itemStatus>1</itemStatus>
      <LastUpdateDate />
      <LastUpdateTime />
    </Product>
    <Product>
      <PriceUpdateDate>2018/11/23 08:39</PriceUpdateDate>
      <ItemCode>884912290090</ItemCode>
      <ItemType>0</ItemType>
      <ItemName>דגני בוקר Peanut Butter Cocoa Pepp 326</ItemName>
      <ManufactureName>ר.ב. מוצרי דגנים בעמ</ManufactureName>
      <ManufactureCountry />
      <ManufactureItemDescription />
      <UnitQty>י"ח</UnitQty>
      <Quantity>325</Quantity>
      <UnitMeasure>ל  גרם</UnitMeasure>
      <BisWeighted>0</BisWeighted>
      <QtyInPackage>1</QtyInPackage>
      <ItemPrice>21.90</ItemPrice>
      <UnitOfMeasurePrice>6.74</UnitOfMeasurePrice>
      <AllowDiscount>1</AllowDiscount>
      <itemStatus>1</itemStatus>
      <LastUpdateDate />
      <LastUpdateTime />
    </Product>
    <Product>
      <PriceUpdateDate>2019/05/14 09:26</PriceUpdateDate>
      <ItemCode>884912299314</ItemCode>
      <ItemType>0</ItemType>
      <ItemName>דגני בוקר אוראו גולדן 311גר</ItemName>
      <ManufactureName>ר.ב. מוצרי דגנים בעמ</ManufactureName>
      <ManufactureCountry />
      <ManufactureItemDescription />
      <UnitQty>י"ח</UnitQty>
      <Quantity>311</Quantity>
      <UnitMeasure>ל  גרם</UnitMeasure>
      <BisWeighted>0</BisWeighted>
      <QtyInPackage>1</QtyInPackage>
      <ItemPrice>23.90</ItemPrice>
      <UnitOfMeasurePrice>7.68</UnitOfMeasurePrice>
      <AllowDiscount>1</AllowDiscount>
      <itemStatus>1</itemStatus>
      <LastUpdateDate />
      <LastUpdateTime />
    </Product>
    <Product>
      <PriceUpdateDate>2019/08/21 08:47</PriceUpdateDate>
      <ItemCode>884912301642</ItemCode>
      <ItemType>0</ItemType>
      <ItemName>דגני בוקר אוראו 311גר</ItemName>
      <ManufactureName>ר.ב. מוצרי דגנים בעמ</ManufactureName>
      <ManufactureCountry />
      <ManufactureItemDescription />
      <UnitQty>י"ח</UnitQty>
      <Quantity>311</Quantity>
      <UnitMeasure>ל  גרם</UnitMeasure>
      <BisWeighted>0</BisWeighted>
      <QtyInPackage>1</QtyInPackage>
      <ItemPrice>23.90</ItemPrice>
      <UnitOfMeasurePrice>7.68</UnitOfMeasurePrice>
      <AllowDiscount>1</AllowDiscount>
      <itemStatus>1</itemStatus>
      <LastUpdateDate />
      <LastUpdateTime />
    </Product>
    <Product>
      <PriceUpdateDate>2020/01/16 08:24</PriceUpdateDate>
      <ItemCode>884912333773</ItemCode>
      <ItemType>0</ItemType>
      <ItemName>דגני בוקר האני באנצ דבש 382גר</ItemName>
      <ManufactureName>ר.ב. מוצרי דגנים בעמ</ManufactureName>
      <ManufactureCountry />
      <ManufactureItemDescription />
      <UnitQty>י"ח</UnitQty>
      <Quantity>382</Quantity>
      <UnitMeasure>ל  גרם</UnitMeasure>
      <BisWeighted>0</BisWeighted>
      <QtyInPackage>1</QtyInPackage>
      <ItemPrice>22.90</ItemPrice>
      <UnitOfMeasurePrice>5.99</UnitOfMeasurePrice>
      <AllowDiscount>1</AllowDiscount>
      <itemStatus>1</itemStatus>
      <LastUpdateDate />
      <LastUpdateTime />
    </Product>
    <Product>
      <PriceUpdateDate>2020/01/30 07:51</PriceUpdateDate>
      <ItemCode>3014260023089</ItemCode>
      <ItemType>1</ItemType>
      <ItemName>מברשת שיניים אורל בי שלישייה 40</ItemName>
      <ManufactureName>דיפלומט מפיצים 1968 בעמ</ManufactureName>
      <ManufactureCountry />
      <ManufactureItemDescription />
      <UnitQty>י"ח</UnitQty>
      <Quantity>3</Quantity>
      <UnitMeasure>י"ח</UnitMeasure>
      <BisWeighted>0</BisWeighted>
      <QtyInPackage>1</QtyInPackage>
      <ItemPrice>15.90</ItemPrice>
      <UnitOfMeasurePrice>5.30</UnitOfMeasurePrice>
      <AllowDiscount>1</AllowDiscount>
      <itemStatus>1</itemStatus>
      <LastUpdateDate />
      <LastUpdateTime />
    </Product>
    <Product>
      <PriceUpdateDate>2018/10/04 08:59</PriceUpdateDate>
      <ItemCode>3014260096717</ItemCode>
      <ItemType>1</ItemType>
      <ItemName>אורל בי זוג מברשות שיניים היגייה</ItemName>
      <ManufactureName>דיפלומט מפיצים 1968 בעמ</ManufactureName>
      <ManufactureCountry />
      <ManufactureItemDescription />
      <UnitQty>י"ח</UnitQty>
      <Quantity>1</Quantity>
      <UnitMeasure />
      <BisWeighted>0</BisWeighted>
      <QtyInPackage>1</QtyInPackage>
      <ItemPrice>32.90</ItemPrice>
      <UnitOfMeasurePrice>32.90</UnitOfMeasurePrice>
      <AllowDiscount>1</AllowDiscount>
      <itemStatus>1</itemStatus>
      <LastUpdateDate />
      <LastUpdateTime />
    </Product>
    <Product>
      <PriceUpdateDate>2019/11/28 08:18</PriceUpdateDate>
      <ItemCode>3014260100667</ItemCode>
      <ItemType>1</ItemType>
      <ItemName>מברשת ילדים 3-5שנים</ItemName>
      <ManufactureName>דיפלומט מפיצים 1968 בעמ</ManufactureName>
      <ManufactureCountry />
      <ManufactureItemDescription />
      <UnitQty>י"ח</UnitQty>
      <Quantity>1</Quantity>
      <UnitMeasure />
      <BisWeighted>0</BisWeighted>
      <QtyInPackage>1</QtyInPackage>
      <ItemPrice>15.90</ItemPrice>
      <UnitOfMeasurePrice>15.90</UnitOfMeasurePrice>
      <AllowDiscount>1</AllowDiscount>
      <itemStatus>1</itemStatus>
      <LastUpdateDate />
      <LastUpdateTime />
    </Product>
    <Product>
      <PriceUpdateDate>2013/06/23 11:18</PriceUpdateDate>
      <ItemCode>3014260228842</ItemCode>
      <ItemType>1</ItemType>
      <ItemName>גילט קצף גילוח רגיל 200 מ"ל</ItemName>
      <ManufactureName>דיפלומט מפיצים 1968 בעמ</ManufactureName>
      <ManufactureCountry />
      <ManufactureItemDescription />
      <UnitQty>י"ח</UnitQty>
      <Quantity>200</Quantity>
      <UnitMeasure>ל  מ"ל</UnitMeasure>
      <BisWeighted>0</BisWeighted>
      <QtyInPackage>1</QtyInPackage>
      <ItemPrice>16.30</ItemPrice>
      <UnitOfMeasurePrice>8.15</UnitOfMeasurePrice>
      <AllowDiscount>1</AllowDiscount>
      <itemStatus>1</itemStatus>
      <LastUpdateDate />
      <LastUpdateTime />
    </Product>
    <Product>
      <PriceUpdateDate>2013/06/23 11:18</PriceUpdateDate>
      <ItemCode>3014260240226</ItemCode>
      <ItemType>1</ItemType>
      <ItemName>גילט קצף גילוח רגיש 200 מ"ל</ItemName>
      <ManufactureName>דיפלומט מפיצים 1968 בעמ</ManufactureName>
      <ManufactureCountry />
      <ManufactureItemDescription />
      <UnitQty>י"ח</UnitQty>
      <Quantity>200</Quantity>
      <UnitMeasure>ל  מ"ל</UnitMeasure>
      <BisWeighted>0</BisWeighted>
      <QtyInPackage>1</QtyInPackage>
      <ItemPrice>16.30</ItemPrice>
      <UnitOfMeasurePrice>8.15</UnitOfMeasurePrice>
      <AllowDiscount>1</AllowDiscount>
      <itemStatus>1</itemStatus>
      <LastUpdateDate />
      <LastUpdateTime />
    </Product>
    <Product>
      <PriceUpdateDate>2019/01/06 12:28</PriceUpdateDate>
      <ItemCode>3014260262693</ItemCode>
      <ItemType>1</ItemType>
      <ItemName>מכשיר ונוס  רב פעמי +2סכינים</ItemName>
      <ManufactureName>דיפלומט מפיצים 1968 בעמ</ManufactureName>
      <ManufactureCountry />
      <ManufactureItemDescription />
      <UnitQty>י"ח</UnitQty>
      <Quantity>1</Quantity>
      <UnitMeasure />
      <BisWeighted>0</BisWeighted>
      <QtyInPackage>1</QtyInPackage>
      <ItemPrice>39.90</ItemPrice>
      <UnitOfMeasurePrice>39.90</UnitOfMeasurePrice>
      <AllowDiscount>1</AllowDiscount>
      <itemStatus>1</itemStatus>
      <LastUpdateDate />
      <LastUpdateTime />
    </Product>
    <Product>
      <PriceUpdateDate>2018/12/30 09:44</PriceUpdateDate>
      <ItemCode>3014260262709</ItemCode>
      <ItemType>1</ItemType>
      <ItemName>סכיני גילוח ונוס 4 יח</ItemName>
      <ManufactureName>דיפלומט מפיצים 1968 בעמ</ManufactureName>
      <ManufactureCountry />
      <ManufactureItemDescription />
      <UnitQty>י"ח</UnitQty>
      <Quantity>1</Quantity>
      <UnitMeasure />
      <BisWeighted>0</BisWeighted>
      <QtyInPackage>1</QtyInPackage>
      <ItemPrice>45.90</ItemPrice>
      <UnitOfMeasurePrice>45.90</UnitOfMeasurePrice>
      <AllowDiscount>1</AllowDiscount>
      <itemStatus>1</itemStatus>
      <LastUpdateDate />
      <LastUpdateTime />
    </Product>
    <Product>
      <PriceUpdateDate>2018/03/11 09:07</PriceUpdateDate>
      <ItemCode>3014260289287</ItemCode>
      <ItemType>1</ItemType>
      <ItemName>בלו2 חמישיה  לאשה</ItemName>
      <ManufactureName>דיפלומט מפיצים 1968 בעמ</ManufactureName>
      <ManufactureCountry />
      <ManufactureItemDescription />
      <UnitQty>י"ח</UnitQty>
      <Quantity>1</Quantity>
      <UnitMeasure />
      <BisWeighted>0</BisWeighted>
      <QtyInPackage>1</QtyInPackage>
      <ItemPrice>14.90</ItemPrice>
      <UnitOfMeasurePrice>14.90</UnitOfMeasurePrice>
      <AllowDiscount>1</AllowDiscount>
      <itemStatus>1</itemStatus>
      <LastUpdateDate />
      <LastUpdateTime />
    </Product>
    <Product>
      <PriceUpdateDate>2019/07/29 11:22</PriceUpdateDate>
      <ItemCode>3014260833732</ItemCode>
      <ItemType>1</ItemType>
      <ItemName>אורל בי פרו אקספרט  זוג להגנה מקיפה 35</ItemName>
      <ManufactureName>דיפלומט מפיצים 1968 בעמ</ManufactureName>
      <ManufactureCountry />
      <ManufactureItemDescription />
      <UnitQty>י"ח</UnitQty>
      <Quantity>1</Quantity>
      <UnitMeasure />
      <BisWeighted>0</BisWeighted>
      <QtyInPackage>1</QtyInPackage>
      <ItemPrice>35.90</ItemPrice>
      <UnitOfMeasurePrice>35.90</UnitOfMeasurePrice>
      <AllowDiscount>1</AllowDiscount>
      <itemStatus>1</itemStatus>
      <LastUpdateDate />
      <LastUpdateTime />
    </Product>
    <Product>
      <PriceUpdateDate>2015/12/02 09:09</PriceUpdateDate>
      <ItemCode>3045140105502</ItemCode>
      <ItemType>1</ItemType>
      <ItemName>מילקה חלב 100 ג</ItemName>
      <ManufactureName>דיפלומט בעמ</ManufactureName>
      <ManufactureCountry />
      <ManufactureItemDescription />
      <UnitQty>י"ח</UnitQty>
      <Quantity>100</Quantity>
      <UnitMeasure>ל  גרם</UnitMeasure>
      <BisWeighted>0</BisWeighted>
      <QtyInPackage>1</QtyInPackage>
      <ItemPrice>5.90</ItemPrice>
      <UnitOfMeasurePrice>5.90</UnitOfMeasurePrice>
      <AllowDiscount>1</AllowDiscount>
      <itemStatus>1</itemStatus>
      <LastUpdateDate />
      <LastUpdateTime />
    </Product>
    <Product>
      <PriceUpdateDate>2015/12/02 09:09</PriceUpdateDate>
      <ItemCode>3045140280902</ItemCode>
      <ItemType>1</ItemType>
      <ItemName>מילקה צימוקים 100ג</ItemName>
      <ManufactureName>דיפלומט בעמ</ManufactureName>
      <ManufactureCountry />
      <ManufactureItemDescription />
      <UnitQty>י"ח</UnitQty>
      <Quantity>100</Quantity>
      <UnitMeasure>ל  גרם</UnitMeasure>
      <BisWeighted>0</BisWeighted>
      <QtyInPackage>1</QtyInPackage>
      <ItemPrice>5.90</ItemPrice>
      <UnitOfMeasurePrice>5.90</UnitOfMeasurePrice>
      <AllowDiscount>1</AllowDiscount>
      <itemStatus>1</itemStatus>
      <LastUpdateDate />
      <LastUpdateTime />
    </Product>
    <Product>
      <PriceUpdateDate>2018/12/30 09:44</PriceUpdateDate>
      <ItemCode>3045200760009</ItemCode>
      <ItemType>1</ItemType>
      <ItemName>דזיטול נוזל מחטא בגדים בכביסה 500מ"ל.</ItemName>
      <ManufactureName>יעקב יעקבי ובניו בעמ</ManufactureName>
      <ManufactureCountry />
      <ManufactureItemDescription />
      <UnitQty>י"ח</UnitQty>
      <Quantity>500</Quantity>
      <UnitMeasure>ל  מ"ל</UnitMeasure>
      <BisWeighted>0</BisWeighted>
      <QtyInPackage>1</QtyInPackage>
      <ItemPrice>14.90</ItemPrice>
      <UnitOfMeasurePrice>2.98</UnitOfMeasurePrice>
      <AllowDiscount>1</AllowDiscount>
      <itemStatus>1</itemStatus>
      <LastUpdateDate />
      <LastUpdateTime />
    </Product>
    <Product>
      <PriceUpdateDate>2019/09/17 08:23</PriceUpdateDate>
      <ItemCode>3059940007768</ItemCode>
      <ItemType>1</ItemType>
      <ItemName>אירוויק ספריי וניל</ItemName>
      <ManufactureName>רקיט בנקיזר (ניר איסט) בעמ</ManufactureName>
      <ManufactureCountry />
      <ManufactureItemDescription />
      <UnitQty>י"ח</UnitQty>
      <Quantity>300</Quantity>
      <UnitMeasure>ל  מ"ל</UnitMeasure>
      <BisWeighted>0</BisWeighted>
      <QtyInPackage>1</QtyInPackage>
      <ItemPrice>10.90</ItemPrice>
      <UnitOfMeasurePrice>3.63</UnitOfMeasurePrice>
      <AllowDiscount>1</AllowDiscount>
      <itemStatus>1</itemStatus>
      <LastUpdateDate />
      <LastUpdateTime />
    </Product>
    <Product>
      <PriceUpdateDate>2013/11/28 13:30</PriceUpdateDate>
      <ItemCode>3059943015104</ItemCode>
      <ItemType>1</ItemType>
      <ItemName>אירוויק נטול גז יסמין 345 מ"ל</ItemName>
      <ManufactureName>רקיט בנקיזר (ניר איסט) בעמ</ManufactureName>
      <ManufactureCountry />
      <ManufactureItemDescription />
      <UnitQty>י"ח</UnitQty>
      <Quantity>345</Quantity>
      <UnitMeasure>ל  מ"ל</UnitMeasure>
      <BisWeighted>0</BisWeighted>
      <QtyInPackage>1</QtyInPackage>
      <ItemPrice>19.90</ItemPrice>
      <UnitOfMeasurePrice>5.77</UnitOfMeasurePrice>
      <AllowDiscount>1</AllowDiscount>
      <itemStatus>1</itemStatus>
      <LastUpdateDate />
      <LastUpdateTime />
    </Product>
    <Product>
      <PriceUpdateDate>2013/11/28 13:30</PriceUpdateDate>
      <ItemCode>3059943015128</ItemCode>
      <ItemType>1</ItemType>
      <ItemName>אירוויק נטול גז לוונדר</ItemName>
      <ManufactureName>רקיט בנקיזר (ניר איסט) בעמ</ManufactureName>
      <ManufactureCountry />
      <ManufactureItemDescription />
      <UnitQty>י"ח</UnitQty>
      <Quantity>345</Quantity>
      <UnitMeasure>ל  מ"ל</UnitMeasure>
      <BisWeighted>0</BisWeighted>
      <QtyInPackage>1</QtyInPackage>
      <ItemPrice>19.90</ItemPrice>
      <UnitOfMeasurePrice>5.77</UnitOfMeasurePrice>
      <AllowDiscount>1</AllowDiscount>
      <itemStatus>1</itemStatus>
      <LastUpdateDate />
      <LastUpdateTime />
    </Product>
    <Product>
      <PriceUpdateDate>2019/09/17 08:23</PriceUpdateDate>
      <ItemCode>3059943016507</ItemCode>
      <ItemType>1</ItemType>
      <ItemName>אירוויק ספריי לבנדר</ItemName>
      <ManufactureName>רקיט בנקיזר (ניר איסט) בעמ</ManufactureName>
      <ManufactureCountry />
      <ManufactureItemDescription />
      <UnitQty>י"ח</UnitQty>
      <Quantity>300</Quantity>
      <UnitMeasure>ל  מ"ל</UnitMeasure>
      <BisWeighted>0</BisWeighted>
      <QtyInPackage>1</QtyInPackage>
      <ItemPrice>10.90</ItemPrice>
      <UnitOfMeasurePrice>3.63</UnitOfMeasurePrice>
      <AllowDiscount>1</AllowDiscount>
      <itemStatus>1</itemStatus>
      <LastUpdateDate />
      <LastUpdateTime />
    </Product>
    <Product>
      <PriceUpdateDate>2019/09/17 08:23</PriceUpdateDate>
      <ItemCode>3059943016552</ItemCode>
      <ItemType>1</ItemType>
      <ItemName>אירוויק ספריי לבלוב הכותנה</ItemName>
      <ManufactureName>רקיט בנקיזר (ניר איסט) בעמ</ManufactureName>
      <ManufactureCountry />
      <ManufactureItemDescription />
      <UnitQty>י"ח</UnitQty>
      <Quantity>300</Quantity>
      <UnitMeasure>ל  מ"ל</UnitMeasure>
      <BisWeighted>0</BisWeighted>
      <QtyInPackage>1</QtyInPackage>
      <ItemPrice>10.90</ItemPrice>
      <UnitOfMeasurePrice>3.63</UnitOfMeasurePrice>
      <AllowDiscount>1</AllowDiscount>
      <itemStatus>1</itemStatus>
      <LastUpdateDate />
      <LastUpdateTime />
    </Product>
    <Product>
      <PriceUpdateDate>2019/09/17 08:23</PriceUpdateDate>
      <ItemCode>3059943016569</ItemCode>
      <ItemType>1</ItemType>
      <ItemName>אירוויק ספריי פריסיה ויסמין</ItemName>
      <ManufactureName>רקיט בנקיזר (ניר איסט) בעמ</ManufactureName>
      <ManufactureCountry />
      <ManufactureItemDescription />
      <UnitQty>י"ח</UnitQty>
      <Quantity>300</Quantity>
      <UnitMeasure>ל  מ"ל</UnitMeasure>
      <BisWeighted>0</BisWeighted>
      <QtyInPackage>1</QtyInPackage>
      <ItemPrice>10.90</ItemPrice>
      <UnitOfMeasurePrice>3.63</UnitOfMeasurePrice>
      <AllowDiscount>1</AllowDiscount>
      <itemStatus>1</itemStatus>
      <LastUpdateDate />
      <LastUpdateTime />
    </Product>
    <Product>
      <PriceUpdateDate>2019/09/17 08:23</PriceUpdateDate>
      <ItemCode>3059943023765</ItemCode>
      <ItemType>1</ItemType>
      <ItemName>מילוי מבשם אוטומטי חטאים מתוקים</ItemName>
      <ManufactureName>רקיט בנקיזר (ניר איסט) בעמ</ManufactureName>
      <ManufactureCountry />
      <ManufactureItemDescription />
      <UnitQty>י"ח</UnitQty>
      <Quantity>1</Quantity>
      <UnitMeasure />
      <BisWeighted>0</BisWeighted>
      <QtyInPackage>1</QtyInPackage>
      <ItemPrice>19.90</ItemPrice>
      <UnitOfMeasurePrice>19.90</UnitOfMeasurePrice>
      <AllowDiscount>1</AllowDiscount>
      <itemStatus>1</itemStatus>
      <LastUpdateDate />
      <LastUpdateTime />
    </Product>
    <Product>
      <PriceUpdateDate>2013/12/17 20:45</PriceUpdateDate>
      <ItemCode>3059944021197</ItemCode>
      <ItemType>1</ItemType>
      <ItemName>ויט קרם עור רגיש</ItemName>
      <ManufactureName>רקיט בנקיזר (ניר איסט) בעמ</ManufactureName>
      <ManufactureCountry />
      <ManufactureItemDescription />
      <UnitQty>י"ח</UnitQty>
      <Quantity>1</Quantity>
      <UnitMeasure />
      <BisWeighted>0</BisWeighted>
      <QtyInPackage>1</QtyInPackage>
      <ItemPrice>61.20</ItemPrice>
      <UnitOfMeasurePrice>61.20</UnitOfMeasurePrice>
      <AllowDiscount>1</AllowDiscount>
      <itemStatus>1</itemStatus>
      <LastUpdateDate />
      <LastUpdateTime />
    </Product>
    <Product>
      <PriceUpdateDate>2016/11/22 14:10</PriceUpdateDate>
      <ItemCode>3059944022415</ItemCode>
      <ItemType>1</ItemType>
      <ItemName>ויט ארומטיק רצועות שעווה</ItemName>
      <ManufactureName>רקיט בנקיזר (ניר איסט) בעמ</ManufactureName>
      <ManufactureCountry />
      <ManufactureItemDescription />
      <UnitQty>י"ח</UnitQty>
      <Quantity>1</Quantity>
      <UnitMeasure>י"ח</UnitMeasure>
      <BisWeighted>0</BisWeighted>
      <QtyInPackage>1</QtyInPackage>
      <ItemPrice>29.90</ItemPrice>
      <UnitOfMeasurePrice>29.90</UnitOfMeasurePrice>
      <AllowDiscount>1</AllowDiscount>
      <itemStatus>1</itemStatus>
      <LastUpdateDate />
      <LastUpdateTime />
    </Product>
    <Product>
      <PriceUpdateDate>2016/03/16 08:59</PriceUpdateDate>
      <ItemCode>3059944025003</ItemCode>
      <ItemType>1</ItemType>
      <ItemName>ויט רצועות שעווה 20יח</ItemName>
      <ManufactureName>רקיט בנקיזר (ניר איסט) בעמ</ManufactureName>
      <ManufactureCountry />
      <ManufactureItemDescription />
      <UnitQty>י"ח</UnitQty>
      <Quantity>250</Quantity>
      <UnitMeasure>ל  מ"ל</UnitMeasure>
      <BisWeighted>0</BisWeighted>
      <QtyInPackage>1</QtyInPackage>
      <ItemPrice>49.90</ItemPrice>
      <UnitOfMeasurePrice>19.96</UnitOfMeasurePrice>
      <AllowDiscount>1</AllowDiscount>
      <itemStatus>1</itemStatus>
      <LastUpdateDate />
      <LastUpdateTime />
    </Product>
    <Product>
      <PriceUpdateDate>2017/11/15 13:32</PriceUpdateDate>
      <ItemCode>3073780828628</ItemCode>
      <ItemType>1</ItemType>
      <ItemName>בייבי בל 6 יח  120 גר`נטו</ItemName>
      <ManufactureName>נטו מלינדה סחר בעמ</ManufactureName>
      <ManufactureCountry />
      <ManufactureItemDescription />
      <UnitQty>י"ח</UnitQty>
      <Quantity>120</Quantity>
      <UnitMeasure>ל  גרם</UnitMeasure>
      <BisWeighted>0</BisWeighted>
      <QtyInPackage>1</QtyInPackage>
      <ItemPrice>17.90</ItemPrice>
      <UnitOfMeasurePrice>14.92</UnitOfMeasurePrice>
      <AllowDiscount>1</AllowDiscount>
      <itemStatus>1</itemStatus>
      <LastUpdateDate />
      <LastUpdateTime />
    </Product>
    <Product>
      <PriceUpdateDate>2017/11/10 08:42</PriceUpdateDate>
      <ItemCode>3178040682603</ItemCode>
      <ItemType>1</ItemType>
      <ItemName>פה רול נטרול פרש</ItemName>
      <ManufactureName>הנקל סוד בעמ</ManufactureName>
      <ManufactureCountry />
      <ManufactureItemDescription />
      <UnitQty>י"ח</UnitQty>
      <Quantity>50</Quantity>
      <UnitMeasure>ל  מ"ל</UnitMeasure>
      <BisWeighted>0</BisWeighted>
      <QtyInPackage>1</QtyInPackage>
      <ItemPrice>10.90</ItemPrice>
      <UnitOfMeasurePrice>21.80</UnitOfMeasurePrice>
      <AllowDiscount>1</AllowDiscount>
      <itemStatus>1</itemStatus>
      <LastUpdateDate />
      <LastUpdateTime />
    </Product>
    <Product>
      <PriceUpdateDate>2017/11/10 08:42</PriceUpdateDate>
      <ItemCode>3178040682610</ItemCode>
      <ItemType>1</ItemType>
      <ItemName>פה רול  מקס`פרוטקט</ItemName>
      <ManufactureName>הנקל סוד בעמ</ManufactureName>
      <ManufactureCountry />
      <ManufactureItemDescription />
      <UnitQty>י"ח</UnitQty>
      <Quantity>50</Quantity>
      <UnitMeasure>ל  מ"ל</UnitMeasure>
      <BisWeighted>0</BisWeighted>
      <QtyInPackage>1</QtyInPackage>
      <ItemPrice>10.90</ItemPrice>
      <UnitOfMeasurePrice>21.80</UnitOfMeasurePrice>
      <AllowDiscount>1</AllowDiscount>
      <itemStatus>1</itemStatus>
      <LastUpdateDate />
      <LastUpdateTime />
    </Product>
    <Product>
      <PriceUpdateDate>2017/11/09 09:34</PriceUpdateDate>
      <ItemCode>3178040682771</ItemCode>
      <ItemType>1</ItemType>
      <ItemName>דאו פה נטורל פרש</ItemName>
      <ManufactureName>הנקל סוד בעמ</ManufactureName>
      <ManufactureCountry />
      <ManufactureItemDescription />
      <UnitQty>י"ח</UnitQty>
      <Quantity>200</Quantity>
      <UnitMeasure>ל  מ"ל</UnitMeasure>
      <BisWeighted>0</BisWeighted>
      <QtyInPackage>1</QtyInPackage>
      <ItemPrice>10.90</ItemPrice>
      <UnitOfMeasurePrice>5.45</UnitOfMeasurePrice>
      <AllowDiscount>1</AllowDiscount>
      <itemStatus>1</itemStatus>
      <LastUpdateDate />
      <LastUpdateTime />
    </Product>
    <Product>
      <PriceUpdateDate>2016/12/20 09:56</PriceUpdateDate>
      <ItemCode>3178530402278</ItemCode>
      <ItemType>1</ItemType>
      <ItemName>גאלט חמאה עם קרמל  150ג</ItemName>
      <ManufactureName>נטו מלינדה סחר בעמ</ManufactureName>
      <ManufactureCountry />
      <ManufactureItemDescription />
      <UnitQty>י"ח</UnitQty>
      <Quantity>150</Quantity>
      <UnitMeasure>ל  גרם</UnitMeasure>
      <BisWeighted>0</BisWeighted>
      <QtyInPackage>1</QtyInPackage>
      <ItemPrice>13.90</ItemPrice>
      <UnitOfMeasurePrice>9.27</UnitOfMeasurePrice>
      <AllowDiscount>1</AllowDiscount>
      <itemStatus>1</itemStatus>
      <LastUpdateDate />
      <LastUpdateTime />
    </Product>
    <Product>
      <PriceUpdateDate>2016/12/20 09:56</PriceUpdateDate>
      <ItemCode>3178530411478</ItemCode>
      <ItemType>1</ItemType>
      <ItemName>גאלט חמאה קלאסי 150ג</ItemName>
      <ManufactureName>נטו מלינדה סחר בעמ</ManufactureName>
      <ManufactureCountry />
      <ManufactureItemDescription />
      <UnitQty>י"ח</UnitQty>
      <Quantity>150</Quantity>
      <UnitMeasure>ל  גרם</UnitMeasure>
      <BisWeighted>0</BisWeighted>
      <QtyInPackage>1</QtyInPackage>
      <ItemPrice>11.90</ItemPrice>
      <UnitOfMeasurePrice>7.93</UnitOfMeasurePrice>
      <AllowDiscount>1</AllowDiscount>
      <itemStatus>1</itemStatus>
      <LastUpdateDate />
      <LastUpdateTime />
    </Product>
    <Product>
      <PriceUpdateDate>2018/03/01 07:51</PriceUpdateDate>
      <ItemCode>3387390320244</ItemCode>
      <ItemType>1</ItemType>
      <ItemName>פיטנס דגנים עם פירות 375גרם</ItemName>
      <ManufactureName>קבוצת אוסם סחר-שות.מוגבלת</ManufactureName>
      <ManufactureCountry />
      <ManufactureItemDescription />
      <UnitQty>י"ח</UnitQty>
      <Quantity>375</Quantity>
      <UnitMeasure>ל  גרם</UnitMeasure>
      <BisWeighted>0</BisWeighted>
      <QtyInPackage>1</QtyInPackage>
      <ItemPrice>19.90</ItemPrice>
      <UnitOfMeasurePrice>5.31</UnitOfMeasurePrice>
      <AllowDiscount>1</AllowDiscount>
      <itemStatus>1</itemStatus>
      <LastUpdateDate />
      <LastUpdateTime />
    </Product>
    <Product>
      <PriceUpdateDate>2016/12/12 12:51</PriceUpdateDate>
      <ItemCode>3387390525960</ItemCode>
      <ItemType>1</ItemType>
      <ItemName>קראנץ  500גר`</ItemName>
      <ManufactureName>קבוצת אוסם סחר-שות.מוגבלת</ManufactureName>
      <ManufactureCountry />
      <ManufactureItemDescription />
      <UnitQty>י"ח</UnitQty>
      <Quantity>500</Quantity>
      <UnitMeasure>ל  גרם</UnitMeasure>
      <BisWeighted>0</BisWeighted>
      <QtyInPackage>1</QtyInPackage>
      <ItemPrice>22.90</ItemPrice>
      <UnitOfMeasurePrice>4.58</UnitOfMeasurePrice>
      <AllowDiscount>1</AllowDiscount>
      <itemStatus>1</itemStatus>
      <LastUpdateDate />
      <LastUpdateTime />
    </Product>
    <Product>
      <PriceUpdateDate>2019/11/28 08:17</PriceUpdateDate>
      <ItemCode>3387390730852</ItemCode>
      <ItemType>1</ItemType>
      <ItemName>פיטנס 375 גרם</ItemName>
      <ManufactureName>קבוצת אוסם סחר-שות.מוגבלת</ManufactureName>
      <ManufactureCountry />
      <ManufactureItemDescription />
      <UnitQty>י"ח</UnitQty>
      <Quantity>375</Quantity>
      <UnitMeasure>ל  גרם</UnitMeasure>
      <BisWeighted>0</BisWeighted>
      <QtyInPackage>1</QtyInPackage>
      <ItemPrice>19.90</ItemPrice>
      <UnitOfMeasurePrice>5.31</UnitOfMeasurePrice>
      <AllowDiscount>1</AllowDiscount>
      <itemStatus>1</itemStatus>
      <LastUpdateDate />
      <LastUpdateTime />
    </Product>
    <Product>
      <PriceUpdateDate>2014/01/03 13:46</PriceUpdateDate>
      <ItemCode>3574660067590</ItemCode>
      <ItemType>1</ItemType>
      <ItemName>קרפרי 20 יחידות</ItemName>
      <ManufactureName>ש.שסטוביץ בעמ</ManufactureName>
      <ManufactureCountry />
      <ManufactureItemDescription />
      <UnitQty>י"ח</UnitQty>
      <Quantity>20</Quantity>
      <UnitMeasure>י"ח</UnitMeasure>
      <BisWeighted>0</BisWeighted>
      <QtyInPackage>1</QtyInPackage>
      <ItemPrice>5.10</ItemPrice>
      <UnitOfMeasurePrice>0.26</UnitOfMeasurePrice>
      <AllowDiscount>1</AllowDiscount>
      <itemStatus>1</itemStatus>
      <LastUpdateDate />
      <LastUpdateTime />
    </Product>
    <Product>
      <PriceUpdateDate>2014/01/03 13:46</PriceUpdateDate>
      <ItemCode>3574660096897</ItemCode>
      <ItemType>1</ItemType>
      <ItemName>קרפרי 18 יחידות פלקסי לבן</ItemName>
      <ManufactureName>ש.שסטוביץ בעמ</ManufactureName>
      <ManufactureCountry />
      <ManufactureItemDescription />
      <UnitQty>י"ח</UnitQty>
      <Quantity>20</Quantity>
      <UnitMeasure>י"ח</UnitMeasure>
      <BisWeighted>0</BisWeighted>
      <QtyInPackage>1</QtyInPackage>
      <ItemPrice>5</ItemPrice>
      <UnitOfMeasurePrice>0.25</UnitOfMeasurePrice>
      <AllowDiscount>1</AllowDiscount>
      <itemStatus>1</itemStatus>
      <LastUpdateDate />
      <LastUpdateTime />
    </Product>
    <Product>
      <PriceUpdateDate>2017/04/21 09:14</PriceUpdateDate>
      <ItemCode>3574660322576</ItemCode>
      <ItemType>1</ItemType>
      <ItemName>קרפרי רגיל</ItemName>
      <ManufactureName>ש.שסטוביץ בעמ</ManufactureName>
      <ManufactureCountry />
      <ManufactureItemDescription />
      <UnitQty>י"ח</UnitQty>
      <Quantity>58</Quantity>
      <UnitMeasure>י"ח</UnitMeasure>
      <BisWeighted>0</BisWeighted>
      <QtyInPackage>1</QtyInPackage>
      <ItemPrice>19.90</ItemPrice>
      <UnitOfMeasurePrice>0.34</UnitOfMeasurePrice>
      <AllowDiscount>1</AllowDiscount>
      <itemStatus>1</itemStatus>
      <LastUpdateDate />
      <LastUpdateTime />
    </Product>
    <Product>
      <PriceUpdateDate>2017/04/21 09:14</PriceUpdateDate>
      <ItemCode>3574660322590</ItemCode>
      <ItemType>1</ItemType>
      <ItemName>קרפרי אוורירי</ItemName>
      <ManufactureName>ש.שסטוביץ בעמ</ManufactureName>
      <ManufactureCountry />
      <ManufactureItemDescription />
      <UnitQty>י"ח</UnitQty>
      <Quantity>1</Quantity>
      <UnitMeasure />
      <BisWeighted>0</BisWeighted>
      <QtyInPackage>1</QtyInPackage>
      <ItemPrice>19.90</ItemPrice>
      <UnitOfMeasurePrice>19.90</UnitOfMeasurePrice>
      <AllowDiscount>1</AllowDiscount>
      <itemStatus>1</itemStatus>
      <LastUpdateDate />
      <LastUpdateTime />
    </Product>
    <Product>
      <PriceUpdateDate>2017/04/21 09:14</PriceUpdateDate>
      <ItemCode>3574660322613</ItemCode>
      <ItemType>1</ItemType>
      <ItemName>קרפרי אוורירי מבושם</ItemName>
      <ManufactureName>ש.שסטוביץ בעמ</ManufactureName>
      <ManufactureCountry />
      <ManufactureItemDescription />
      <UnitQty>י"ח</UnitQty>
      <Quantity>1</Quantity>
      <UnitMeasure />
      <BisWeighted>0</BisWeighted>
      <QtyInPackage>1</QtyInPackage>
      <ItemPrice>19.90</ItemPrice>
      <UnitOfMeasurePrice>19.90</UnitOfMeasurePrice>
      <AllowDiscount>1</AllowDiscount>
      <itemStatus>1</itemStatus>
      <LastUpdateDate />
      <LastUpdateTime />
    </Product>
    <Product>
      <PriceUpdateDate>2017/04/21 09:14</PriceUpdateDate>
      <ItemCode>3574660322637</ItemCode>
      <ItemType>1</ItemType>
      <ItemName>קרפרי אלווורה</ItemName>
      <ManufactureName>ש.שסטוביץ בעמ</ManufactureName>
      <ManufactureCountry />
      <ManufactureItemDescription />
      <UnitQty>י"ח</UnitQty>
      <Quantity>1</Quantity>
      <UnitMeasure />
      <BisWeighted>0</BisWeighted>
      <QtyInPackage>1</QtyInPackage>
      <ItemPrice>19.90</ItemPrice>
      <UnitOfMeasurePrice>19.90</UnitOfMeasurePrice>
      <AllowDiscount>1</AllowDiscount>
      <itemStatus>1</itemStatus>
      <LastUpdateDate />
      <LastUpdateTime />
    </Product>
    <Product>
      <PriceUpdateDate>2017/04/21 09:14</PriceUpdateDate>
      <ItemCode>3574660322651</ItemCode>
      <ItemType>1</ItemType>
      <ItemName>קרפרי רגיל טנגה</ItemName>
      <ManufactureName>ש.שסטוביץ בעמ</ManufactureName>
      <ManufactureCountry />
      <ManufactureItemDescription />
      <UnitQty>י"ח</UnitQty>
      <Quantity>1</Quantity>
      <UnitMeasure />
      <BisWeighted>0</BisWeighted>
      <QtyInPackage>1</QtyInPackage>
      <ItemPrice>19.90</ItemPrice>
      <UnitOfMeasurePrice>19.90</UnitOfMeasurePrice>
      <AllowDiscount>1</AllowDiscount>
      <itemStatus>1</itemStatus>
      <LastUpdateDate />
      <LastUpdateTime />
    </Product>
    <Product>
      <PriceUpdateDate>2017/04/21 09:14</PriceUpdateDate>
      <ItemCode>3574660322675</ItemCode>
      <ItemType>1</ItemType>
      <ItemName>קרפרי פלקסיפורם 58 יח</ItemName>
      <ManufactureName>ש.שסטוביץ בעמ</ManufactureName>
      <ManufactureCountry />
      <ManufactureItemDescription />
      <UnitQty>י"ח</UnitQty>
      <Quantity>1</Quantity>
      <UnitMeasure />
      <BisWeighted>0</BisWeighted>
      <QtyInPackage>1</QtyInPackage>
      <ItemPrice>19.90</ItemPrice>
      <UnitOfMeasurePrice>19.90</UnitOfMeasurePrice>
      <AllowDiscount>1</AllowDiscount>
      <itemStatus>1</itemStatus>
      <LastUpdateDate />
      <LastUpdateTime />
    </Product>
    <Product>
      <PriceUpdateDate>2017/04/21 09:14</PriceUpdateDate>
      <ItemCode>3574660322699</ItemCode>
      <ItemType>1</ItemType>
      <ItemName>קרפרי מקסי לארג</ItemName>
      <ManufactureName>ש.שסטוביץ בעמ</ManufactureName>
      <ManufactureCountry />
      <ManufactureItemDescription />
      <UnitQty>י"ח</UnitQty>
      <Quantity>1</Quantity>
      <UnitMeasure />
      <BisWeighted>0</BisWeighted>
      <QtyInPackage>1</QtyInPackage>
      <ItemPrice>19.90</ItemPrice>
      <UnitOfMeasurePrice>19.90</UnitOfMeasurePrice>
      <AllowDiscount>1</AllowDiscount>
      <itemStatus>1</itemStatus>
      <LastUpdateDate />
      <LastUpdateTime />
    </Product>
    <Product>
      <PriceUpdateDate>2017/04/21 09:14</PriceUpdateDate>
      <ItemCode>3574660322712</ItemCode>
      <ItemType>1</ItemType>
      <ItemName>קרפרי מקסי לארג  מבושם</ItemName>
      <ManufactureName>ש.שסטוביץ בעמ</ManufactureName>
      <ManufactureCountry />
      <ManufactureItemDescription />
      <UnitQty>י"ח</UnitQty>
      <Quantity>1</Quantity>
      <UnitMeasure />
      <BisWeighted>0</BisWeighted>
      <QtyInPackage>1</QtyInPackage>
      <ItemPrice>19.90</ItemPrice>
      <UnitOfMeasurePrice>19.90</UnitOfMeasurePrice>
      <AllowDiscount>1</AllowDiscount>
      <itemStatus>1</itemStatus>
      <LastUpdateDate />
      <LastUpdateTime />
    </Product>
    <Product>
      <PriceUpdateDate>2019/08/01 10:43</PriceUpdateDate>
      <ItemCode>3574660323696</ItemCode>
      <ItemType>1</ItemType>
      <ItemName>קרפרי אוורירי 56יח</ItemName>
      <ManufactureName>ש.שסטוביץ בעמ</ManufactureName>
      <ManufactureCountry />
      <ManufactureItemDescription />
      <UnitQty>י"ח</UnitQty>
      <Quantity>1</Quantity>
      <UnitMeasure />
      <BisWeighted>0</BisWeighted>
      <QtyInPackage>1</QtyInPackage>
      <ItemPrice>19.90</ItemPrice>
      <UnitOfMeasurePrice>19.90</UnitOfMeasurePrice>
      <AllowDiscount>1</AllowDiscount>
      <itemStatus>1</itemStatus>
      <LastUpdateDate />
      <LastUpdateTime />
    </Product>
    <Product>
      <PriceUpdateDate>2017/04/21 09:14</PriceUpdateDate>
      <ItemCode>3574660334890</ItemCode>
      <ItemType>1</ItemType>
      <ItemName>קרפרי לונג+ריחני</ItemName>
      <ManufactureName>ש.שסטוביץ בעמ</ManufactureName>
      <ManufactureCountry />
      <ManufactureItemDescription />
      <UnitQty>י"ח</UnitQty>
      <Quantity>1</Quantity>
      <UnitMeasure />
      <BisWeighted>0</BisWeighted>
      <QtyInPackage>1</QtyInPackage>
      <ItemPrice>19.90</ItemPrice>
      <UnitOfMeasurePrice>19.90</UnitOfMeasurePrice>
      <AllowDiscount>1</AllowDiscount>
      <itemStatus>1</itemStatus>
      <LastUpdateDate />
      <LastUpdateTime />
    </Product>
    <Product>
      <PriceUpdateDate>2017/04/21 09:14</PriceUpdateDate>
      <ItemCode>3574660334937</ItemCode>
      <ItemType>1</ItemType>
      <ItemName>קרפרי לונג  +40 יחידות</ItemName>
      <ManufactureName>ש.שסטוביץ בעמ</ManufactureName>
      <ManufactureCountry />
      <ManufactureItemDescription />
      <UnitQty>י"ח</UnitQty>
      <Quantity>1</Quantity>
      <UnitMeasure />
      <BisWeighted>0</BisWeighted>
      <QtyInPackage>1</QtyInPackage>
      <ItemPrice>19.90</ItemPrice>
      <UnitOfMeasurePrice>19.90</UnitOfMeasurePrice>
      <AllowDiscount>1</AllowDiscount>
      <itemStatus>1</itemStatus>
      <LastUpdateDate />
      <LastUpdateTime />
    </Product>
    <Product>
      <PriceUpdateDate>2014/01/03 13:46</PriceUpdateDate>
      <ItemCode>3574660464337</ItemCode>
      <ItemType>1</ItemType>
      <ItemName>קרפרי מגן תחתון מבושם 76יח`</ItemName>
      <ManufactureName>ש.שסטוביץ בעמ</ManufactureName>
      <ManufactureCountry />
      <ManufactureItemDescription />
      <UnitQty>י"ח</UnitQty>
      <Quantity>76</Quantity>
      <UnitMeasure>י"ח</UnitMeasure>
      <BisWeighted>0</BisWeighted>
      <QtyInPackage>1</QtyInPackage>
      <ItemPrice>23.90</ItemPrice>
      <UnitOfMeasurePrice>0.31</UnitOfMeasurePrice>
      <AllowDiscount>1</AllowDiscount>
      <itemStatus>1</itemStatus>
      <LastUpdateDate />
      <LastUpdateTime />
    </Product>
    <Product>
      <PriceUpdateDate>2014/01/03 13:46</PriceUpdateDate>
      <ItemCode>3574660464368</ItemCode>
      <ItemType>1</ItemType>
      <ItemName>קרפרי מגן תחתון אלוורה 76יח`</ItemName>
      <ManufactureName>ש.שסטוביץ בעמ</ManufactureName>
      <ManufactureCountry />
      <ManufactureItemDescription />
      <UnitQty>י"ח</UnitQty>
      <Quantity>1</Quantity>
      <UnitMeasure />
      <BisWeighted>0</BisWeighted>
      <QtyInPackage>1</QtyInPackage>
      <ItemPrice>23.90</ItemPrice>
      <UnitOfMeasurePrice>23.90</UnitOfMeasurePrice>
      <AllowDiscount>1</AllowDiscount>
      <itemStatus>1</itemStatus>
      <LastUpdateDate />
      <LastUpdateTime />
    </Product>
    <Product>
      <PriceUpdateDate>2014/01/03 13:46</PriceUpdateDate>
      <ItemCode>3574660464399</ItemCode>
      <ItemType>1</ItemType>
      <ItemName>קרפרי מגן תחתון  לארג`מקסי 64יח`</ItemName>
      <ManufactureName>ש.שסטוביץ בעמ</ManufactureName>
      <ManufactureCountry />
      <ManufactureItemDescription />
      <UnitQty>י"ח</UnitQty>
      <Quantity>1</Quantity>
      <UnitMeasure />
      <BisWeighted>0</BisWeighted>
      <QtyInPackage>1</QtyInPackage>
      <ItemPrice>23.90</ItemPrice>
      <UnitOfMeasurePrice>23.90</UnitOfMeasurePrice>
      <AllowDiscount>1</AllowDiscount>
      <itemStatus>1</itemStatus>
      <LastUpdateDate />
      <LastUpdateTime />
    </Product>
    <Product>
      <PriceUpdateDate>2014/01/03 13:46</PriceUpdateDate>
      <ItemCode>3574660464429</ItemCode>
      <ItemType>1</ItemType>
      <ItemName>קרפרי מגן תחתון אוורירי 76יח`</ItemName>
      <ManufactureName>ש.שסטוביץ בעמ</ManufactureName>
      <ManufactureCountry />
      <ManufactureItemDescription />
      <UnitQty>י"ח</UnitQty>
      <Quantity>1</Quantity>
      <UnitMeasure />
      <BisWeighted>0</BisWeighted>
      <QtyInPackage>1</QtyInPackage>
      <ItemPrice>23.90</ItemPrice>
      <UnitOfMeasurePrice>23.90</UnitOfMeasurePrice>
      <AllowDiscount>1</AllowDiscount>
      <itemStatus>1</itemStatus>
      <LastUpdateDate />
      <LastUpdateTime />
    </Product>
    <Product>
      <PriceUpdateDate>2018/11/08 09:44</PriceUpdateDate>
      <ItemCode>3574660724943</ItemCode>
      <ItemType>1</ItemType>
      <ItemName>תחליב רחצה לה פטיט מרסייה 650מ"ל</ItemName>
      <ManufactureName>שקד תבל בעמ</ManufactureName>
      <ManufactureCountry />
      <ManufactureItemDescription />
      <UnitQty>י"ח</UnitQty>
      <Quantity>650</Quantity>
      <UnitMeasure>ל  מ"ל</UnitMeasure>
      <BisWeighted>0</BisWeighted>
      <QtyInPackage>1</QtyInPackage>
      <ItemPrice>18.90</ItemPrice>
      <UnitOfMeasurePrice>2.91</UnitOfMeasurePrice>
      <AllowDiscount>1</AllowDiscount>
      <itemStatus>1</itemStatus>
      <LastUpdateDate />
      <LastUpdateTime />
    </Product>
    <Product>
      <PriceUpdateDate>2018/12/17 10:51</PriceUpdateDate>
      <ItemCode>3574661003924</ItemCode>
      <ItemType>1</ItemType>
      <ItemName>ליסטרין טוטל קאר  500 מ"ל</ItemName>
      <ManufactureName>שקד תבל בעמ</ManufactureName>
      <ManufactureCountry />
      <ManufactureItemDescription />
      <UnitQty>י"ח</UnitQty>
      <Quantity>500</Quantity>
      <UnitMeasure>ל  מ"ל</UnitMeasure>
      <BisWeighted>0</BisWeighted>
      <QtyInPackage>1</QtyInPackage>
      <ItemPrice>29.90</ItemPrice>
      <UnitOfMeasurePrice>5.98</UnitOfMeasurePrice>
      <AllowDiscount>1</AllowDiscount>
      <itemStatus>1</itemStatus>
      <LastUpdateDate />
      <LastUpdateTime />
    </Product>
    <Product>
      <PriceUpdateDate>2018/11/08 09:44</PriceUpdateDate>
      <ItemCode>3574661012544</ItemCode>
      <ItemType>1</ItemType>
      <ItemName>תחליב רחצה לה פטיט מרסייה 650מ"ל</ItemName>
      <ManufactureName>שקד תבל בעמ</ManufactureName>
      <ManufactureCountry />
      <ManufactureItemDescription />
      <UnitQty>י"ח</UnitQty>
      <Quantity>650</Quantity>
      <UnitMeasure>ל  מ"ל</UnitMeasure>
      <BisWeighted>0</BisWeighted>
      <QtyInPackage>1</QtyInPackage>
      <ItemPrice>18.90</ItemPrice>
      <UnitOfMeasurePrice>2.91</UnitOfMeasurePrice>
      <AllowDiscount>1</AllowDiscount>
      <itemStatus>1</itemStatus>
      <LastUpdateDate />
      <LastUpdateTime />
    </Product>
    <Product>
      <PriceUpdateDate>2018/11/08 09:44</PriceUpdateDate>
      <ItemCode>3574661012568</ItemCode>
      <ItemType>1</ItemType>
      <ItemName>תחליב רחצה לה פטיט מרסייה 650מ"ל</ItemName>
      <ManufactureName>שקד תבל בעמ</ManufactureName>
      <ManufactureCountry />
      <ManufactureItemDescription />
      <UnitQty>י"ח</UnitQty>
      <Quantity>650</Quantity>
      <UnitMeasure>ל  מ"ל</UnitMeasure>
      <BisWeighted>0</BisWeighted>
      <QtyInPackage>1</QtyInPackage>
      <ItemPrice>18.90</ItemPrice>
      <UnitOfMeasurePrice>2.91</UnitOfMeasurePrice>
      <AllowDiscount>1</AllowDiscount>
      <itemStatus>1</itemStatus>
      <LastUpdateDate />
      <LastUpdateTime />
    </Product>
    <Product>
      <PriceUpdateDate>2018/12/17 10:51</PriceUpdateDate>
      <ItemCode>3574661114637</ItemCode>
      <ItemType>1</ItemType>
      <ItemName>ליסטרין זירו  500 מ"ל</ItemName>
      <ManufactureName>שקד תבל בעמ</ManufactureName>
      <ManufactureCountry />
      <ManufactureItemDescription />
      <UnitQty>י"ח</UnitQty>
      <Quantity>500</Quantity>
      <UnitMeasure>ל  מ"ל</UnitMeasure>
      <BisWeighted>0</BisWeighted>
      <QtyInPackage>1</QtyInPackage>
      <ItemPrice>26.90</ItemPrice>
      <UnitOfMeasurePrice>5.38</UnitOfMeasurePrice>
      <AllowDiscount>1</AllowDiscount>
      <itemStatus>1</itemStatus>
      <LastUpdateDate />
      <LastUpdateTime />
    </Product>
    <Product>
      <PriceUpdateDate>2014/10/06 13:06</PriceUpdateDate>
      <ItemCode>3574661136356</ItemCode>
      <ItemType>1</ItemType>
      <ItemName>אובה פרוקומפורט נורמל עם מוליך 16יח</ItemName>
      <ManufactureName>ש.שסטוביץ בעמ</ManufactureName>
      <ManufactureCountry />
      <ManufactureItemDescription />
      <UnitQty>י"ח</UnitQty>
      <Quantity>1</Quantity>
      <UnitMeasure />
      <BisWeighted>0</BisWeighted>
      <QtyInPackage>1</QtyInPackage>
      <ItemPrice>24.90</ItemPrice>
      <UnitOfMeasurePrice>24.90</UnitOfMeasurePrice>
      <AllowDiscount>1</AllowDiscount>
      <itemStatus>1</itemStatus>
      <LastUpdateDate />
      <LastUpdateTime />
    </Product>
    <Product>
      <PriceUpdateDate>2014/10/06 13:06</PriceUpdateDate>
      <ItemCode>3574661136363</ItemCode>
      <ItemType>1</ItemType>
      <ItemName>אובה פרוקומפורט סופר עם מוליך 16יח</ItemName>
      <ManufactureName>ש.שסטוביץ בעמ</ManufactureName>
      <ManufactureCountry />
      <ManufactureItemDescription />
      <UnitQty>י"ח</UnitQty>
      <Quantity>1</Quantity>
      <UnitMeasure />
      <BisWeighted>0</BisWeighted>
      <QtyInPackage>1</QtyInPackage>
      <ItemPrice>24.90</ItemPrice>
      <UnitOfMeasurePrice>24.90</UnitOfMeasurePrice>
      <AllowDiscount>1</AllowDiscount>
      <itemStatus>1</itemStatus>
      <LastUpdateDate />
      <LastUpdateTime />
    </Product>
    <Product>
      <PriceUpdateDate>2018/11/08 09:44</PriceUpdateDate>
      <ItemCode>3574661183350</ItemCode>
      <ItemType>1</ItemType>
      <ItemName>תחליב רחצה לה פטיט מרסייה 650מ"ל</ItemName>
      <ManufactureName>שקד תבל בעמ</ManufactureName>
      <ManufactureCountry />
      <ManufactureItemDescription />
      <UnitQty>י"ח</UnitQty>
      <Quantity>650</Quantity>
      <UnitMeasure>ל  מ"ל</UnitMeasure>
      <BisWeighted>0</BisWeighted>
      <QtyInPackage>1</QtyInPackage>
      <ItemPrice>18.90</ItemPrice>
      <UnitOfMeasurePrice>2.91</UnitOfMeasurePrice>
      <AllowDiscount>1</AllowDiscount>
      <itemStatus>1</itemStatus>
      <LastUpdateDate />
      <LastUpdateTime />
    </Product>
    <Product>
      <PriceUpdateDate>2018/11/21 08:42</PriceUpdateDate>
      <ItemCode>3574661183916</ItemCode>
      <ItemType>1</ItemType>
      <ItemName>תחליב גוף לה פטיט מרסייה 400מ"ל</ItemName>
      <ManufactureName>שקד תבל בעמ</ManufactureName>
      <ManufactureCountry />
      <ManufactureItemDescription />
      <UnitQty>י"ח</UnitQty>
      <Quantity>400</Quantity>
      <UnitMeasure>ל  מ"ל</UnitMeasure>
      <BisWeighted>0</BisWeighted>
      <QtyInPackage>1</QtyInPackage>
      <ItemPrice>24.90</ItemPrice>
      <UnitOfMeasurePrice>6.23</UnitOfMeasurePrice>
      <AllowDiscount>1</AllowDiscount>
      <itemStatus>1</itemStatus>
      <LastUpdateDate />
      <LastUpdateTime />
    </Product>
    <Product>
      <PriceUpdateDate>2018/11/21 08:42</PriceUpdateDate>
      <ItemCode>3574661184159</ItemCode>
      <ItemType>1</ItemType>
      <ItemName>תחליב גוף לה פטיט מרסייה 400מ"ל</ItemName>
      <ManufactureName>שקד תבל בעמ</ManufactureName>
      <ManufactureCountry />
      <ManufactureItemDescription />
      <UnitQty>י"ח</UnitQty>
      <Quantity>400</Quantity>
      <UnitMeasure>ל  מ"ל</UnitMeasure>
      <BisWeighted>0</BisWeighted>
      <QtyInPackage>1</QtyInPackage>
      <ItemPrice>24.90</ItemPrice>
      <UnitOfMeasurePrice>6.23</UnitOfMeasurePrice>
      <AllowDiscount>1</AllowDiscount>
      <itemStatus>1</itemStatus>
      <LastUpdateDate />
      <LastUpdateTime />
    </Product>
    <Product>
      <PriceUpdateDate>2018/12/17 10:51</PriceUpdateDate>
      <ItemCode>3574661248318</ItemCode>
      <ItemType>1</ItemType>
      <ItemName>ליסטרין אדוונסד וואט  500 מ"ל</ItemName>
      <ManufactureName>שקד תבל בעמ</ManufactureName>
      <ManufactureCountry />
      <ManufactureItemDescription />
      <UnitQty>י"ח</UnitQty>
      <Quantity>500</Quantity>
      <UnitMeasure>ל  מ"ל</UnitMeasure>
      <BisWeighted>0</BisWeighted>
      <QtyInPackage>1</QtyInPackage>
      <ItemPrice>29.90</ItemPrice>
      <UnitOfMeasurePrice>5.98</UnitOfMeasurePrice>
      <AllowDiscount>1</AllowDiscount>
      <itemStatus>1</itemStatus>
      <LastUpdateDate />
      <LastUpdateTime />
    </Product>
    <Product>
      <PriceUpdateDate>2018/11/08 09:44</PriceUpdateDate>
      <ItemCode>3574661353524</ItemCode>
      <ItemType>1</ItemType>
      <ItemName>תחליב רחצה לה פטיט מרסייה 650מ"ל</ItemName>
      <ManufactureName>שקד תבל בעמ</ManufactureName>
      <ManufactureCountry />
      <ManufactureItemDescription />
      <UnitQty>י"ח</UnitQty>
      <Quantity>650</Quantity>
      <UnitMeasure>ל  מ"ל</UnitMeasure>
      <BisWeighted>0</BisWeighted>
      <QtyInPackage>1</QtyInPackage>
      <ItemPrice>18.90</ItemPrice>
      <UnitOfMeasurePrice>2.91</UnitOfMeasurePrice>
      <AllowDiscount>1</AllowDiscount>
      <itemStatus>1</itemStatus>
      <LastUpdateDate />
      <LastUpdateTime />
    </Product>
    <Product>
      <PriceUpdateDate>2018/11/21 08:42</PriceUpdateDate>
      <ItemCode>3574661362830</ItemCode>
      <ItemType>1</ItemType>
      <ItemName>תחליב גוף לה פטיט מרסייה 400מ"ל</ItemName>
      <ManufactureName>שקד תבל בעמ</ManufactureName>
      <ManufactureCountry />
      <ManufactureItemDescription />
      <UnitQty>י"ח</UnitQty>
      <Quantity>400</Quantity>
      <UnitMeasure>ל  מ"ל</UnitMeasure>
      <BisWeighted>0</BisWeighted>
      <QtyInPackage>1</QtyInPackage>
      <ItemPrice>24.90</ItemPrice>
      <UnitOfMeasurePrice>6.23</UnitOfMeasurePrice>
      <AllowDiscount>1</AllowDiscount>
      <itemStatus>1</itemStatus>
      <LastUpdateDate />
      <LastUpdateTime />
    </Product>
    <Product>
      <PriceUpdateDate>2018/12/17 10:51</PriceUpdateDate>
      <ItemCode>3574661363998</ItemCode>
      <ItemType>1</ItemType>
      <ItemName>ליסטרין גרין תה   500 מ"ל</ItemName>
      <ManufactureName>שקד תבל בעמ</ManufactureName>
      <ManufactureCountry />
      <ManufactureItemDescription />
      <UnitQty>י"ח</UnitQty>
      <Quantity>500</Quantity>
      <UnitMeasure>ל  מ"ל</UnitMeasure>
      <BisWeighted>0</BisWeighted>
      <QtyInPackage>1</QtyInPackage>
      <ItemPrice>29.90</ItemPrice>
      <UnitOfMeasurePrice>5.98</UnitOfMeasurePrice>
      <AllowDiscount>1</AllowDiscount>
      <itemStatus>1</itemStatus>
      <LastUpdateDate />
      <LastUpdateTime />
    </Product>
    <Product>
      <PriceUpdateDate>2019/04/19 08:20</PriceUpdateDate>
      <ItemCode>3574661401140</ItemCode>
      <ItemType>1</ItemType>
      <ItemName>ליסטרין נייט 400מ"ל</ItemName>
      <ManufactureName>שקד תבל בעמ</ManufactureName>
      <ManufactureCountry />
      <ManufactureItemDescription />
      <UnitQty>י"ח</UnitQty>
      <Quantity>500</Quantity>
      <UnitMeasure>ל  מ"ל</UnitMeasure>
      <BisWeighted>0</BisWeighted>
      <QtyInPackage>1</QtyInPackage>
      <ItemPrice>26.90</ItemPrice>
      <UnitOfMeasurePrice>5.38</UnitOfMeasurePrice>
      <AllowDiscount>1</AllowDiscount>
      <itemStatus>1</itemStatus>
      <LastUpdateDate />
      <LastUpdateTime />
    </Product>
    <Product>
      <PriceUpdateDate>2018/11/08 09:44</PriceUpdateDate>
      <ItemCode>3574661426150</ItemCode>
      <ItemType>1</ItemType>
      <ItemName>תחליב רחצה לה פטיט מרסייה 650מ"ל</ItemName>
      <ManufactureName>שקד תבל בעמ</ManufactureName>
      <ManufactureCountry />
      <ManufactureItemDescription />
      <UnitQty>י"ח</UnitQty>
      <Quantity>650</Quantity>
      <UnitMeasure>ל  מ"ל</UnitMeasure>
      <BisWeighted>0</BisWeighted>
      <QtyInPackage>1</QtyInPackage>
      <ItemPrice>18.90</ItemPrice>
      <UnitOfMeasurePrice>2.91</UnitOfMeasurePrice>
      <AllowDiscount>1</AllowDiscount>
      <itemStatus>1</itemStatus>
      <LastUpdateDate />
      <LastUpdateTime />
    </Product>
    <Product>
      <PriceUpdateDate>2019/08/01 10:43</PriceUpdateDate>
      <ItemCode>3574661487328</ItemCode>
      <ItemType>1</ItemType>
      <ItemName>קרפרי רגיל 56יח</ItemName>
      <ManufactureName>ש.שסטוביץ בעמ</ManufactureName>
      <ManufactureCountry />
      <ManufactureItemDescription />
      <UnitQty>י"ח</UnitQty>
      <Quantity>58</Quantity>
      <UnitMeasure>י"ח</UnitMeasure>
      <BisWeighted>0</BisWeighted>
      <QtyInPackage>1</QtyInPackage>
      <ItemPrice>19.90</ItemPrice>
      <UnitOfMeasurePrice>0.34</UnitOfMeasurePrice>
      <AllowDiscount>1</AllowDiscount>
      <itemStatus>1</itemStatus>
      <LastUpdateDate />
      <LastUpdateTime />
    </Product>
    <Product>
      <PriceUpdateDate>2019/08/01 10:43</PriceUpdateDate>
      <ItemCode>3574661487335</ItemCode>
      <ItemType>1</ItemType>
      <ItemName>קרפרי לונג+ריחני 40יח</ItemName>
      <ManufactureName>ש.שסטוביץ בעמ</ManufactureName>
      <ManufactureCountry />
      <ManufactureItemDescription />
      <UnitQty>י"ח</UnitQty>
      <Quantity>1</Quantity>
      <UnitMeasure />
      <BisWeighted>0</BisWeighted>
      <QtyInPackage>1</QtyInPackage>
      <ItemPrice>19.90</ItemPrice>
      <UnitOfMeasurePrice>19.90</UnitOfMeasurePrice>
      <AllowDiscount>1</AllowDiscount>
      <itemStatus>1</itemStatus>
      <LastUpdateDate />
      <LastUpdateTime />
    </Product>
    <Product>
      <PriceUpdateDate>2019/08/01 10:43</PriceUpdateDate>
      <ItemCode>3574661487618</ItemCode>
      <ItemType>1</ItemType>
      <ItemName>קרפרי מקסי לארג  מבושם 48יח</ItemName>
      <ManufactureName>ש.שסטוביץ בעמ</ManufactureName>
      <ManufactureCountry />
      <ManufactureItemDescription />
      <UnitQty>י"ח</UnitQty>
      <Quantity>1</Quantity>
      <UnitMeasure />
      <BisWeighted>0</BisWeighted>
      <QtyInPackage>1</QtyInPackage>
      <ItemPrice>19.90</ItemPrice>
      <UnitOfMeasurePrice>19.90</UnitOfMeasurePrice>
      <AllowDiscount>1</AllowDiscount>
      <itemStatus>1</itemStatus>
      <LastUpdateDate />
      <LastUpdateTime />
    </Product>
    <Product>
      <PriceUpdateDate>2019/08/01 10:43</PriceUpdateDate>
      <ItemCode>3574661487625</ItemCode>
      <ItemType>1</ItemType>
      <ItemName>קרפרי מקסי לארג 48יח</ItemName>
      <ManufactureName>ש.שסטוביץ בעמ</ManufactureName>
      <ManufactureCountry />
      <ManufactureItemDescription />
      <UnitQty>י"ח</UnitQty>
      <Quantity>1</Quantity>
      <UnitMeasure />
      <BisWeighted>0</BisWeighted>
      <QtyInPackage>1</QtyInPackage>
      <ItemPrice>19.90</ItemPrice>
      <UnitOfMeasurePrice>19.90</UnitOfMeasurePrice>
      <AllowDiscount>1</AllowDiscount>
      <itemStatus>1</itemStatus>
      <LastUpdateDate />
      <LastUpdateTime />
    </Product>
    <Product>
      <PriceUpdateDate>2019/08/01 10:43</PriceUpdateDate>
      <ItemCode>3574661487632</ItemCode>
      <ItemType>1</ItemType>
      <ItemName>קרפרי מגן תחתון  לארג`מקסי 64יח`</ItemName>
      <ManufactureName>ש.שסטוביץ בעמ</ManufactureName>
      <ManufactureCountry />
      <ManufactureItemDescription />
      <UnitQty>י"ח</UnitQty>
      <Quantity>1</Quantity>
      <UnitMeasure />
      <BisWeighted>0</BisWeighted>
      <QtyInPackage>1</QtyInPackage>
      <ItemPrice>23.90</ItemPrice>
      <UnitOfMeasurePrice>23.90</UnitOfMeasurePrice>
      <AllowDiscount>1</AllowDiscount>
      <itemStatus>1</itemStatus>
      <LastUpdateDate />
      <LastUpdateTime />
    </Product>
    <Product>
      <PriceUpdateDate>2019/08/01 10:43</PriceUpdateDate>
      <ItemCode>3574661500355</ItemCode>
      <ItemType>1</ItemType>
      <ItemName>קרפרי לונג  +40 יחידות</ItemName>
      <ManufactureName>ש.שסטוביץ בעמ</ManufactureName>
      <ManufactureCountry />
      <ManufactureItemDescription />
      <UnitQty>י"ח</UnitQty>
      <Quantity>1</Quantity>
      <UnitMeasure />
      <BisWeighted>0</BisWeighted>
      <QtyInPackage>1</QtyInPackage>
      <ItemPrice>19.90</ItemPrice>
      <UnitOfMeasurePrice>19.90</UnitOfMeasurePrice>
      <AllowDiscount>1</AllowDiscount>
      <itemStatus>1</itemStatus>
      <LastUpdateDate />
      <LastUpdateTime />
    </Product>
    <Product>
      <PriceUpdateDate>2019/09/26 09:31</PriceUpdateDate>
      <ItemCode>3574661507170</ItemCode>
      <ItemType>1</ItemType>
      <ItemName>תחליב רחצה לה פטיט מרסייה 650מ"ל</ItemName>
      <ManufactureName>שקד תבל בעמ</ManufactureName>
      <ManufactureCountry />
      <ManufactureItemDescription />
      <UnitQty>י"ח</UnitQty>
      <Quantity>650</Quantity>
      <UnitMeasure>ל  מ"ל</UnitMeasure>
      <BisWeighted>0</BisWeighted>
      <QtyInPackage>1</QtyInPackage>
      <ItemPrice>18.90</ItemPrice>
      <UnitOfMeasurePrice>2.91</UnitOfMeasurePrice>
      <AllowDiscount>1</AllowDiscount>
      <itemStatus>1</itemStatus>
      <LastUpdateDate />
      <LastUpdateTime />
    </Product>
    <Product>
      <PriceUpdateDate>2019/09/26 09:31</PriceUpdateDate>
      <ItemCode>3574661507217</ItemCode>
      <ItemType>1</ItemType>
      <ItemName>תחליב רחצה לה פטיט מרסייה 650מ"ל</ItemName>
      <ManufactureName>שקד תבל בעמ</ManufactureName>
      <ManufactureCountry />
      <ManufactureItemDescription />
      <UnitQty>י"ח</UnitQty>
      <Quantity>650</Quantity>
      <UnitMeasure>ל  מ"ל</UnitMeasure>
      <BisWeighted>0</BisWeighted>
      <QtyInPackage>1</QtyInPackage>
      <ItemPrice>18.90</ItemPrice>
      <UnitOfMeasurePrice>2.91</UnitOfMeasurePrice>
      <AllowDiscount>1</AllowDiscount>
      <itemStatus>1</itemStatus>
      <LastUpdateDate />
      <LastUpdateTime />
    </Product>
    <Product>
      <PriceUpdateDate>2016/08/19 07:56</PriceUpdateDate>
      <ItemCode>3600010018209</ItemCode>
      <ItemType>1</ItemType>
      <ItemName>פיור ג ל ניקוי</ItemName>
      <ManufactureName>לוריאל ישראל קוסמטיקס בעמ</ManufactureName>
      <ManufactureCountry />
      <ManufactureItemDescription />
      <UnitQty>י"ח</UnitQty>
      <Quantity>150</Quantity>
      <UnitMeasure>ל  מ"ל</UnitMeasure>
      <BisWeighted>0</BisWeighted>
      <QtyInPackage>1</QtyInPackage>
      <ItemPrice>27.90</ItemPrice>
      <UnitOfMeasurePrice>18.60</UnitOfMeasurePrice>
      <AllowDiscount>1</AllowDiscount>
      <itemStatus>1</itemStatus>
      <LastUpdateDate />
      <LastUpdateTime />
    </Product>
    <Product>
      <PriceUpdateDate>2016/08/19 07:56</PriceUpdateDate>
      <ItemCode>3600010018278</ItemCode>
      <ItemType>1</ItemType>
      <ItemName>פיור מי פנים</ItemName>
      <ManufactureName>לוריאל ישראל קוסמטיקס בעמ</ManufactureName>
      <ManufactureCountry />
      <ManufactureItemDescription />
      <UnitQty>י"ח</UnitQty>
      <Quantity>1</Quantity>
      <UnitMeasure />
      <BisWeighted>0</BisWeighted>
      <QtyInPackage>1</QtyInPackage>
      <ItemPrice>27.90</ItemPrice>
      <UnitOfMeasurePrice>27.90</UnitOfMeasurePrice>
      <AllowDiscount>1</AllowDiscount>
      <itemStatus>1</itemStatus>
      <LastUpdateDate />
      <LastUpdateTime />
    </Product>
    <Product>
      <PriceUpdateDate>2016/05/11 11:18</PriceUpdateDate>
      <ItemCode>3600520970707</ItemCode>
      <ItemType>1</ItemType>
      <ItemName>אקסלנס קרם חום אפרפר</ItemName>
      <ManufactureName>לוריאל ישראל קוסמטיקס בעמ</ManufactureName>
      <ManufactureCountry />
      <ManufactureItemDescription />
      <UnitQty>י"ח</UnitQty>
      <Quantity>1</Quantity>
      <UnitMeasure />
      <BisWeighted>0</BisWeighted>
      <QtyInPackage>1</QtyInPackage>
      <ItemPrice>39.90</ItemPrice>
      <UnitOfMeasurePrice>39.90</UnitOfMeasurePrice>
      <AllowDiscount>1</AllowDiscount>
      <itemStatus>1</itemStatus>
      <LastUpdateDate />
      <LastUpdateTime />
    </Product>
    <Product>
      <PriceUpdateDate>2016/06/16 07:56</PriceUpdateDate>
      <ItemCode>3600521720219</ItemCode>
      <ItemType>1</ItemType>
      <ItemName>דרמו פעולה משולשת לילה</ItemName>
      <ManufactureName>לוריאל ישראל קוסמטיקס בעמ</ManufactureName>
      <ManufactureCountry />
      <ManufactureItemDescription />
      <UnitQty>י"ח</UnitQty>
      <Quantity>15</Quantity>
      <UnitMeasure>ל  מ"ל</UnitMeasure>
      <BisWeighted>0</BisWeighted>
      <QtyInPackage>1</QtyInPackage>
      <ItemPrice>50</ItemPrice>
      <UnitOfMeasurePrice>333.33</UnitOfMeasurePrice>
      <AllowDiscount>1</AllowDiscount>
      <itemStatus>1</itemStatus>
      <LastUpdateDate />
      <LastUpdateTime />
    </Product>
    <Product>
      <PriceUpdateDate>2016/06/16 07:56</PriceUpdateDate>
      <ItemCode>3600521823866</ItemCode>
      <ItemType>1</ItemType>
      <ItemName>דרמו פעולה משולשת עיניים</ItemName>
      <ManufactureName>לוריאל ישראל קוסמטיקס בעמ</ManufactureName>
      <ManufactureCountry />
      <ManufactureItemDescription />
      <UnitQty>י"ח</UnitQty>
      <Quantity>15</Quantity>
      <UnitMeasure>ל  מ"ל</UnitMeasure>
      <BisWeighted>0</BisWeighted>
      <QtyInPackage>1</QtyInPackage>
      <ItemPrice>50</ItemPrice>
      <UnitOfMeasurePrice>333.33</UnitOfMeasurePrice>
      <AllowDiscount>1</AllowDiscount>
      <itemStatus>1</itemStatus>
      <LastUpdateDate />
      <LastUpdateTime />
    </Product>
    <Product>
      <PriceUpdateDate>2016/06/16 07:56</PriceUpdateDate>
      <ItemCode>3600521855416</ItemCode>
      <ItemType>1</ItemType>
      <ItemName>סובלים פרש חלב פנים</ItemName>
      <ManufactureName>לוריאל ישראל קוסמטיקס בעמ</ManufactureName>
      <ManufactureCountry />
      <ManufactureItemDescription />
      <UnitQty>י"ח</UnitQty>
      <Quantity>1</Quantity>
      <UnitMeasure>י"ח</UnitMeasure>
      <BisWeighted>0</BisWeighted>
      <QtyInPackage>1</QtyInPackage>
      <ItemPrice>30</ItemPrice>
      <UnitOfMeasurePrice>30</UnitOfMeasurePrice>
      <AllowDiscount>1</AllowDiscount>
      <itemStatus>1</itemStatus>
      <LastUpdateDate />
      <LastUpdateTime />
    </Product>
    <Product>
      <PriceUpdateDate>2016/06/16 07:56</PriceUpdateDate>
      <ItemCode>3600521856079</ItemCode>
      <ItemType>1</ItemType>
      <ItemName>סובלים פרש מי פנים</ItemName>
      <ManufactureName>לוריאל ישראל קוסמטיקס בעמ</ManufactureName>
      <ManufactureCountry />
      <ManufactureItemDescription />
      <UnitQty>י"ח</UnitQty>
      <Quantity>1</Quantity>
      <UnitMeasure>י"ח</UnitMeasure>
      <BisWeighted>0</BisWeighted>
      <QtyInPackage>1</QtyInPackage>
      <ItemPrice>30</ItemPrice>
      <UnitOfMeasurePrice>30</UnitOfMeasurePrice>
      <AllowDiscount>1</AllowDiscount>
      <itemStatus>1</itemStatus>
      <LastUpdateDate />
      <LastUpdateTime />
    </Product>
    <Product>
      <PriceUpdateDate>2016/05/11 11:18</PriceUpdateDate>
      <ItemCode>3600521897928</ItemCode>
      <ItemType>1</ItemType>
      <ItemName>אקסלנס קרם חום שחור</ItemName>
      <ManufactureName>לוריאל ישראל קוסמטיקס בעמ</ManufactureName>
      <ManufactureCountry />
      <ManufactureItemDescription />
      <UnitQty>י"ח</UnitQty>
      <Quantity>1</Quantity>
      <UnitMeasure />
      <BisWeighted>0</BisWeighted>
      <QtyInPackage>1</QtyInPackage>
      <ItemPrice>39.90</ItemPrice>
      <UnitOfMeasurePrice>39.90</UnitOfMeasurePrice>
      <AllowDiscount>1</AllowDiscount>
      <itemStatus>1</itemStatus>
      <LastUpdateDate />
      <LastUpdateTime />
    </Product>
    <Product>
      <PriceUpdateDate>2016/04/11 14:47</PriceUpdateDate>
      <ItemCode>3600522022893</ItemCode>
      <ItemType>1</ItemType>
      <ItemName>צבע לוריאל</ItemName>
      <ManufactureName>לוריאל ישראל קוסמטיקס בעמ</ManufactureName>
      <ManufactureCountry />
      <ManufactureItemDescription />
      <UnitQty>י"ח</UnitQty>
      <Quantity>1</Quantity>
      <UnitMeasure />
      <BisWeighted>0</BisWeighted>
      <QtyInPackage>1</QtyInPackage>
      <ItemPrice>39.90</ItemPrice>
      <UnitOfMeasurePrice>39.90</UnitOfMeasurePrice>
      <AllowDiscount>1</AllowDiscount>
      <itemStatus>1</itemStatus>
      <LastUpdateDate />
      <LastUpdateTime />
    </Product>
    <Product>
      <PriceUpdateDate>2016/04/11 14:47</PriceUpdateDate>
      <ItemCode>3600522022947</ItemCode>
      <ItemType>1</ItemType>
      <ItemName>צבעי אקסלנס בצבעים</ItemName>
      <ManufactureName>לוריאל ישראל קוסמטיקס בעמ</ManufactureName>
      <ManufactureCountry />
      <ManufactureItemDescription />
      <UnitQty>י"ח</UnitQty>
      <Quantity>1</Quantity>
      <UnitMeasure />
      <BisWeighted>0</BisWeighted>
      <QtyInPackage>1</QtyInPackage>
      <ItemPrice>39.90</ItemPrice>
      <UnitOfMeasurePrice>39.90</UnitOfMeasurePrice>
      <AllowDiscount>1</AllowDiscount>
      <itemStatus>1</itemStatus>
      <LastUpdateDate />
      <LastUpdateTime />
    </Product>
    <Product>
      <PriceUpdateDate>2017/12/17 10:31</PriceUpdateDate>
      <ItemCode>3600522050278</ItemCode>
      <ItemType>1</ItemType>
      <ItemName>סובלים פרש גל ניקוי</ItemName>
      <ManufactureName>לוריאל ישראל קוסמטיקס בעמ</ManufactureName>
      <ManufactureCountry />
      <ManufactureItemDescription />
      <UnitQty>י"ח</UnitQty>
      <Quantity>1</Quantity>
      <UnitMeasure>י"ח</UnitMeasure>
      <BisWeighted>0</BisWeighted>
      <QtyInPackage>1</QtyInPackage>
      <ItemPrice>31.90</ItemPrice>
      <UnitOfMeasurePrice>31.90</UnitOfMeasurePrice>
      <AllowDiscount>1</AllowDiscount>
      <itemStatus>1</itemStatus>
      <LastUpdateDate />
      <LastUpdateTime />
    </Product>
    <Product>
      <PriceUpdateDate>2016/08/11 14:39</PriceUpdateDate>
      <ItemCode>3600522050285</ItemCode>
      <ItemType>1</ItemType>
      <ItemName>סובלים פרש מי פנים</ItemName>
      <ManufactureName>לוריאל ישראל קוסמטיקס בעמ</ManufactureName>
      <ManufactureCountry />
      <ManufactureItemDescription />
      <UnitQty>י"ח</UnitQty>
      <Quantity>1</Quantity>
      <UnitMeasure>י"ח</UnitMeasure>
      <BisWeighted>0</BisWeighted>
      <QtyInPackage>1</QtyInPackage>
      <ItemPrice>30</ItemPrice>
      <UnitOfMeasurePrice>30</UnitOfMeasurePrice>
      <AllowDiscount>1</AllowDiscount>
      <itemStatus>1</itemStatus>
      <LastUpdateDate />
      <LastUpdateTime />
    </Product>
    <Product>
      <PriceUpdateDate>2014/08/20 16:02</PriceUpdateDate>
      <ItemCode>3600522060017</ItemCode>
      <ItemType>1</ItemType>
      <ItemName>אלביב מסכה לשיער מתולתל 300מ"ל</ItemName>
      <ManufactureName>לוריאל ישראל קוסמטיקס בעמ</ManufactureName>
      <ManufactureCountry />
      <ManufactureItemDescription />
      <UnitQty>י"ח</UnitQty>
      <Quantity>750</Quantity>
      <UnitMeasure>ל  מ"ל</UnitMeasure>
      <BisWeighted>0</BisWeighted>
      <QtyInPackage>1</QtyInPackage>
      <ItemPrice>26.90</ItemPrice>
      <UnitOfMeasurePrice>3.59</UnitOfMeasurePrice>
      <AllowDiscount>1</AllowDiscount>
      <itemStatus>1</itemStatus>
      <LastUpdateDate />
      <LastUpdateTime />
    </Product>
    <Product>
      <PriceUpdateDate>2019/10/08 06:55</PriceUpdateDate>
      <ItemCode>3600522107385</ItemCode>
      <ItemType>1</ItemType>
      <ItemName>מן אקס דאו קרבון פרוטקס 150מ"ל</ItemName>
      <ManufactureName>לוריאל ישראל קוסמטיקס בעמ</ManufactureName>
      <ManufactureCountry />
      <ManufactureItemDescription />
      <UnitQty>י"ח</UnitQty>
      <Quantity>150</Quantity>
      <UnitMeasure>ל  מ"ל</UnitMeasure>
      <BisWeighted>0</BisWeighted>
      <QtyInPackage>1</QtyInPackage>
      <ItemPrice>17.90</ItemPrice>
      <UnitOfMeasurePrice>11.93</UnitOfMeasurePrice>
      <AllowDiscount>1</AllowDiscount>
      <itemStatus>1</itemStatus>
      <LastUpdateDate />
      <LastUpdateTime />
    </Product>
    <Product>
      <PriceUpdateDate>2016/09/08 08:28</PriceUpdateDate>
      <ItemCode>3600522164623</ItemCode>
      <ItemType>1</ItemType>
      <ItemName>אלביב מרכך ארג`נין אינטנס  600מ"ל</ItemName>
      <ManufactureName>לוריאל ישראל קוסמטיקס בעמ</ManufactureName>
      <ManufactureCountry />
      <ManufactureItemDescription />
      <UnitQty>י"ח</UnitQty>
      <Quantity>600</Quantity>
      <UnitMeasure>ל  מ"ל</UnitMeasure>
      <BisWeighted>0</BisWeighted>
      <QtyInPackage>1</QtyInPackage>
      <ItemPrice>18.90</ItemPrice>
      <UnitOfMeasurePrice>3.15</UnitOfMeasurePrice>
      <AllowDiscount>1</AllowDiscount>
      <itemStatus>1</itemStatus>
      <LastUpdateDate />
      <LastUpdateTime />
    </Product>
    <Product>
      <PriceUpdateDate>2016/11/24 09:42</PriceUpdateDate>
      <ItemCode>3600522301875</ItemCode>
      <ItemType>1</ItemType>
      <ItemName>גרניה רול אינהיזי</ItemName>
      <ManufactureName>לוריאל ישראל קוסמטיקס בעמ</ManufactureName>
      <ManufactureCountry />
      <ManufactureItemDescription />
      <UnitQty>י"ח</UnitQty>
      <Quantity>50</Quantity>
      <UnitMeasure>ל  מ"ל</UnitMeasure>
      <BisWeighted>0</BisWeighted>
      <QtyInPackage>1</QtyInPackage>
      <ItemPrice>16.90</ItemPrice>
      <UnitOfMeasurePrice>33.80</UnitOfMeasurePrice>
      <AllowDiscount>1</AllowDiscount>
      <itemStatus>1</itemStatus>
      <LastUpdateDate />
      <LastUpdateTime />
    </Product>
    <Product>
      <PriceUpdateDate>2016/06/20 11:19</PriceUpdateDate>
      <ItemCode>3600522344032</ItemCode>
      <ItemType>1</ItemType>
      <ItemName>אלביב מסכה לשיער פגום טואל ריפר 300מ"ל</ItemName>
      <ManufactureName>לוריאל ישראל קוסמטיקס בעמ</ManufactureName>
      <ManufactureCountry />
      <ManufactureItemDescription />
      <UnitQty>י"ח</UnitQty>
      <Quantity>300</Quantity>
      <UnitMeasure>ל  מ"ל</UnitMeasure>
      <BisWeighted>0</BisWeighted>
      <QtyInPackage>1</QtyInPackage>
      <ItemPrice>29.90</ItemPrice>
      <UnitOfMeasurePrice>9.97</UnitOfMeasurePrice>
      <AllowDiscount>1</AllowDiscount>
      <itemStatus>1</itemStatus>
      <LastUpdateDate />
      <LastUpdateTime />
    </Product>
    <Product>
      <PriceUpdateDate>2016/06/20 11:19</PriceUpdateDate>
      <ItemCode>3600522344070</ItemCode>
      <ItemType>1</ItemType>
      <ItemName>אלביב מסיכה לשיער צבוע</ItemName>
      <ManufactureName>לוריאל ישראל קוסמטיקס בעמ</ManufactureName>
      <ManufactureCountry />
      <ManufactureItemDescription />
      <UnitQty>י"ח</UnitQty>
      <Quantity>750</Quantity>
      <UnitMeasure>ל  מ"ל</UnitMeasure>
      <BisWeighted>0</BisWeighted>
      <QtyInPackage>1</QtyInPackage>
      <ItemPrice>29.90</ItemPrice>
      <UnitOfMeasurePrice>3.99</UnitOfMeasurePrice>
      <AllowDiscount>1</AllowDiscount>
      <itemStatus>1</itemStatus>
      <LastUpdateDate />
      <LastUpdateTime />
    </Product>
    <Product>
      <PriceUpdateDate>2016/06/20 11:19</PriceUpdateDate>
      <ItemCode>3600522344155</ItemCode>
      <ItemType>1</ItemType>
      <ItemName>אלביב מסיכת ארג`ינין</ItemName>
      <ManufactureName>לוריאל ישראל קוסמטיקס בעמ</ManufactureName>
      <ManufactureCountry />
      <ManufactureItemDescription />
      <UnitQty>י"ח</UnitQty>
      <Quantity>750</Quantity>
      <UnitMeasure>ל  מ"ל</UnitMeasure>
      <BisWeighted>0</BisWeighted>
      <QtyInPackage>1</QtyInPackage>
      <ItemPrice>29.90</ItemPrice>
      <UnitOfMeasurePrice>3.99</UnitOfMeasurePrice>
      <AllowDiscount>1</AllowDiscount>
      <itemStatus>1</itemStatus>
      <LastUpdateDate />
      <LastUpdateTime />
    </Product>
    <Product>
      <PriceUpdateDate>2016/06/16 07:56</PriceUpdateDate>
      <ItemCode>3600522365846</ItemCode>
      <ItemType>1</ItemType>
      <ItemName>דרמו סובלים סופט מי מיסלר</ItemName>
      <ManufactureName>לוריאל ישראל קוסמטיקס בעמ</ManufactureName>
      <ManufactureCountry />
      <ManufactureItemDescription />
      <UnitQty>י"ח</UnitQty>
      <Quantity>1</Quantity>
      <UnitMeasure>י"ח</UnitMeasure>
      <BisWeighted>0</BisWeighted>
      <QtyInPackage>1</QtyInPackage>
      <ItemPrice>30</ItemPrice>
      <UnitOfMeasurePrice>30</UnitOfMeasurePrice>
      <AllowDiscount>1</AllowDiscount>
      <itemStatus>1</itemStatus>
      <LastUpdateDate />
      <LastUpdateTime />
    </Product>
    <Product>
      <PriceUpdateDate>2016/06/20 11:19</PriceUpdateDate>
      <ItemCode>3600522368250</ItemCode>
      <ItemType>1</ItemType>
      <ItemName>אקסלנס קרם עבר/יוון</ItemName>
      <ManufactureName>לוריאל ישראל קוסמטיקס בעמ</ManufactureName>
      <ManufactureCountry />
      <ManufactureItemDescription />
      <UnitQty>י"ח</UnitQty>
      <Quantity>1</Quantity>
      <UnitMeasure />
      <BisWeighted>0</BisWeighted>
      <QtyInPackage>1</QtyInPackage>
      <ItemPrice>39.90</ItemPrice>
      <UnitOfMeasurePrice>39.90</UnitOfMeasurePrice>
      <AllowDiscount>1</AllowDiscount>
      <itemStatus>1</itemStatus>
      <LastUpdateDate />
      <LastUpdateTime />
    </Product>
    <Product>
      <PriceUpdateDate>2019/10/08 06:55</PriceUpdateDate>
      <ItemCode>3600522373278</ItemCode>
      <ItemType>1</ItemType>
      <ItemName>מן אקס דאו שרט פרוטקס 150מ"ל</ItemName>
      <ManufactureName>לוריאל ישראל קוסמטיקס בעמ</ManufactureName>
      <ManufactureCountry />
      <ManufactureItemDescription />
      <UnitQty>י"ח</UnitQty>
      <Quantity>150</Quantity>
      <UnitMeasure>ל  מ"ל</UnitMeasure>
      <BisWeighted>0</BisWeighted>
      <QtyInPackage>1</QtyInPackage>
      <ItemPrice>17.90</ItemPrice>
      <UnitOfMeasurePrice>11.93</UnitOfMeasurePrice>
      <AllowDiscount>1</AllowDiscount>
      <itemStatus>1</itemStatus>
      <LastUpdateDate />
      <LastUpdateTime />
    </Product>
    <Product>
      <PriceUpdateDate>2016/06/20 11:19</PriceUpdateDate>
      <ItemCode>3600522377870</ItemCode>
      <ItemType>1</ItemType>
      <ItemName>אקסלנס קרם</ItemName>
      <ManufactureName>לוריאל ישראל קוסמטיקס בעמ</ManufactureName>
      <ManufactureCountry />
      <ManufactureItemDescription />
      <UnitQty>י"ח</UnitQty>
      <Quantity>1</Quantity>
      <UnitMeasure />
      <BisWeighted>0</BisWeighted>
      <QtyInPackage>1</QtyInPackage>
      <ItemPrice>39.90</ItemPrice>
      <UnitOfMeasurePrice>39.90</UnitOfMeasurePrice>
      <AllowDiscount>1</AllowDiscount>
      <itemStatus>1</itemStatus>
      <LastUpdateDate />
      <LastUpdateTime />
    </Product>
    <Product>
      <PriceUpdateDate>2016/06/20 11:19</PriceUpdateDate>
      <ItemCode>3600522378051</ItemCode>
      <ItemType>1</ItemType>
      <ItemName>אקסלנס לג`נד חום</ItemName>
      <ManufactureName>לוריאל ישראל קוסמטיקס בעמ</ManufactureName>
      <ManufactureCountry />
      <ManufactureItemDescription />
      <UnitQty>י"ח</UnitQty>
      <Quantity>1</Quantity>
      <UnitMeasure />
      <BisWeighted>0</BisWeighted>
      <QtyInPackage>1</QtyInPackage>
      <ItemPrice>39.90</ItemPrice>
      <UnitOfMeasurePrice>39.90</UnitOfMeasurePrice>
      <AllowDiscount>1</AllowDiscount>
      <itemStatus>1</itemStatus>
      <LastUpdateDate />
      <LastUpdateTime />
    </Product>
    <Product>
      <PriceUpdateDate>2016/06/16 07:56</PriceUpdateDate>
      <ItemCode>3600522384564</ItemCode>
      <ItemType>1</ItemType>
      <ItemName>סובלים גלואו גל גרגירים</ItemName>
      <ManufactureName>לוריאל ישראל קוסמטיקס בעמ</ManufactureName>
      <ManufactureCountry />
      <ManufactureItemDescription />
      <UnitQty>י"ח</UnitQty>
      <Quantity>1</Quantity>
      <UnitMeasure>י"ח</UnitMeasure>
      <BisWeighted>0</BisWeighted>
      <QtyInPackage>1</QtyInPackage>
      <ItemPrice>30</ItemPrice>
      <UnitOfMeasurePrice>30</UnitOfMeasurePrice>
      <AllowDiscount>1</AllowDiscount>
      <itemStatus>1</itemStatus>
      <LastUpdateDate />
      <LastUpdateTime />
    </Product>
    <Product>
      <PriceUpdateDate>2016/10/13 10:15</PriceUpdateDate>
      <ItemCode>3600522550129</ItemCode>
      <ItemType>1</ItemType>
      <ItemName>קרם יום אייג ספשיאליסט +45</ItemName>
      <ManufactureName>לוריאל ישראל קוסמטיקס בעמ</ManufactureName>
      <ManufactureCountry />
      <ManufactureItemDescription />
      <UnitQty>י"ח</UnitQty>
      <Quantity>50</Quantity>
      <UnitMeasure>ל  מ"ל</UnitMeasure>
      <BisWeighted>0</BisWeighted>
      <QtyInPackage>1</QtyInPackage>
      <ItemPrice>59.90</ItemPrice>
      <UnitOfMeasurePrice>119.80</UnitOfMeasurePrice>
      <AllowDiscount>1</AllowDiscount>
      <itemStatus>1</itemStatus>
      <LastUpdateDate />
      <LastUpdateTime />
    </Product>
    <Product>
      <PriceUpdateDate>2016/10/13 10:15</PriceUpdateDate>
      <ItemCode>3600522550167</ItemCode>
      <ItemType>1</ItemType>
      <ItemName>קרם לילה אייג ספשיאליסט +45</ItemName>
      <ManufactureName>לוריאל ישראל קוסמטיקס בעמ</ManufactureName>
      <ManufactureCountry />
      <ManufactureItemDescription />
      <UnitQty>י"ח</UnitQty>
      <Quantity>50</Quantity>
      <UnitMeasure>ל  מ"ל</UnitMeasure>
      <BisWeighted>0</BisWeighted>
      <QtyInPackage>1</QtyInPackage>
      <ItemPrice>59.90</ItemPrice>
      <UnitOfMeasurePrice>119.80</UnitOfMeasurePrice>
      <AllowDiscount>1</AllowDiscount>
      <itemStatus>1</itemStatus>
      <LastUpdateDate />
      <LastUpdateTime />
    </Product>
    <Product>
      <PriceUpdateDate>2016/10/13 10:15</PriceUpdateDate>
      <ItemCode>3600522550204</ItemCode>
      <ItemType>1</ItemType>
      <ItemName>קרם יום אייג ספשיאליסט +55</ItemName>
      <ManufactureName>לוריאל ישראל קוסמטיקס בעמ</ManufactureName>
      <ManufactureCountry />
      <ManufactureItemDescription />
      <UnitQty>י"ח</UnitQty>
      <Quantity>50</Quantity>
      <UnitMeasure>ל  מ"ל</UnitMeasure>
      <BisWeighted>0</BisWeighted>
      <QtyInPackage>1</QtyInPackage>
      <ItemPrice>59.90</ItemPrice>
      <UnitOfMeasurePrice>119.80</UnitOfMeasurePrice>
      <AllowDiscount>1</AllowDiscount>
      <itemStatus>1</itemStatus>
      <LastUpdateDate />
      <LastUpdateTime />
    </Product>
    <Product>
      <PriceUpdateDate>2016/06/16 07:56</PriceUpdateDate>
      <ItemCode>3600522626046</ItemCode>
      <ItemType>1</ItemType>
      <ItemName>סובלים סופט מיסלר גל</ItemName>
      <ManufactureName>לוריאל ישראל קוסמטיקס בעמ</ManufactureName>
      <ManufactureCountry />
      <ManufactureItemDescription />
      <UnitQty>י"ח</UnitQty>
      <Quantity>250</Quantity>
      <UnitMeasure>ל  מ"ל</UnitMeasure>
      <BisWeighted>0</BisWeighted>
      <QtyInPackage>1</QtyInPackage>
      <ItemPrice>30</ItemPrice>
      <UnitOfMeasurePrice>12</UnitOfMeasurePrice>
      <AllowDiscount>1</AllowDiscount>
      <itemStatus>1</itemStatus>
      <LastUpdateDate />
      <LastUpdateTime />
    </Product>
    <Product>
      <PriceUpdateDate>2019/10/08 06:55</PriceUpdateDate>
      <ItemCode>3600522626060</ItemCode>
      <ItemType>1</ItemType>
      <ItemName>מן אקס דאו טרמיק רזיסט  150מ"ל</ItemName>
      <ManufactureName>לוריאל ישראל קוסמטיקס בעמ</ManufactureName>
      <ManufactureCountry />
      <ManufactureItemDescription />
      <UnitQty>י"ח</UnitQty>
      <Quantity>150</Quantity>
      <UnitMeasure>ל  מ"ל</UnitMeasure>
      <BisWeighted>0</BisWeighted>
      <QtyInPackage>1</QtyInPackage>
      <ItemPrice>17.90</ItemPrice>
      <UnitOfMeasurePrice>11.93</UnitOfMeasurePrice>
      <AllowDiscount>1</AllowDiscount>
      <itemStatus>1</itemStatus>
      <LastUpdateDate />
      <LastUpdateTime />
    </Product>
    <Product>
      <PriceUpdateDate>2016/10/13 10:15</PriceUpdateDate>
      <ItemCode>3600522632436</ItemCode>
      <ItemType>1</ItemType>
      <ItemName>קרם לילה אייג ספשיאליסט +55</ItemName>
      <ManufactureName>לוריאל ישראל קוסמטיקס בעמ</ManufactureName>
      <ManufactureCountry />
      <ManufactureItemDescription />
      <UnitQty>י"ח</UnitQty>
      <Quantity>50</Quantity>
      <UnitMeasure>ל  מ"ל</UnitMeasure>
      <BisWeighted>0</BisWeighted>
      <QtyInPackage>1</QtyInPackage>
      <ItemPrice>59.90</ItemPrice>
      <UnitOfMeasurePrice>119.80</UnitOfMeasurePrice>
      <AllowDiscount>1</AllowDiscount>
      <itemStatus>1</itemStatus>
      <LastUpdateDate />
      <LastUpdateTime />
    </Product>
    <Product>
      <PriceUpdateDate>2016/06/20 11:19</PriceUpdateDate>
      <ItemCode>3600522738305</ItemCode>
      <ItemType>1</ItemType>
      <ItemName>אקסלנס בלונד</ItemName>
      <ManufactureName>לוריאל ישראל קוסמטיקס בעמ</ManufactureName>
      <ManufactureCountry />
      <ManufactureItemDescription />
      <UnitQty>י"ח</UnitQty>
      <Quantity>1</Quantity>
      <UnitMeasure />
      <BisWeighted>0</BisWeighted>
      <QtyInPackage>1</QtyInPackage>
      <ItemPrice>39.90</ItemPrice>
      <UnitOfMeasurePrice>39.90</UnitOfMeasurePrice>
      <AllowDiscount>1</AllowDiscount>
      <itemStatus>1</itemStatus>
      <LastUpdateDate />
      <LastUpdateTime />
    </Product>
    <Product>
      <PriceUpdateDate>2016/06/20 11:19</PriceUpdateDate>
      <ItemCode>3600522738329</ItemCode>
      <ItemType>1</ItemType>
      <ItemName>אקסלנס בלונד</ItemName>
      <ManufactureName>לוריאל ישראל קוסמטיקס בעמ</ManufactureName>
      <ManufactureCountry />
      <ManufactureItemDescription />
      <UnitQty>י"ח</UnitQty>
      <Quantity>1</Quantity>
      <UnitMeasure />
      <BisWeighted>0</BisWeighted>
      <QtyInPackage>1</QtyInPackage>
      <ItemPrice>39.90</ItemPrice>
      <UnitOfMeasurePrice>39.90</UnitOfMeasurePrice>
      <AllowDiscount>1</AllowDiscount>
      <itemStatus>1</itemStatus>
      <LastUpdateDate />
      <LastUpdateTime />
    </Product>
    <Product>
      <PriceUpdateDate>2016/06/20 11:19</PriceUpdateDate>
      <ItemCode>3600522738343</ItemCode>
      <ItemType>1</ItemType>
      <ItemName>אקסלנס בלונד</ItemName>
      <ManufactureName>לוריאל ישראל קוסמטיקס בעמ</ManufactureName>
      <ManufactureCountry />
      <ManufactureItemDescription />
      <UnitQty>י"ח</UnitQty>
      <Quantity>1</Quantity>
      <UnitMeasure />
      <BisWeighted>0</BisWeighted>
      <QtyInPackage>1</QtyInPackage>
      <ItemPrice>39.90</ItemPrice>
      <UnitOfMeasurePrice>39.90</UnitOfMeasurePrice>
      <AllowDiscount>1</AllowDiscount>
      <itemStatus>1</itemStatus>
      <LastUpdateDate />
      <LastUpdateTime />
    </Product>
    <Product>
      <PriceUpdateDate>2016/06/16 07:56</PriceUpdateDate>
      <ItemCode>3600522820604</ItemCode>
      <ItemType>1</ItemType>
      <ItemName>סובלים פרש  מי מיסלר</ItemName>
      <ManufactureName>לוריאל ישראל קוסמטיקס בעמ</ManufactureName>
      <ManufactureCountry />
      <ManufactureItemDescription />
      <UnitQty>י"ח</UnitQty>
      <Quantity>1</Quantity>
      <UnitMeasure>י"ח</UnitMeasure>
      <BisWeighted>0</BisWeighted>
      <QtyInPackage>1</QtyInPackage>
      <ItemPrice>30</ItemPrice>
      <UnitOfMeasurePrice>30</UnitOfMeasurePrice>
      <AllowDiscount>1</AllowDiscount>
      <itemStatus>1</itemStatus>
      <LastUpdateDate />
      <LastUpdateTime />
    </Product>
    <Product>
      <PriceUpdateDate>2016/06/20 11:19</PriceUpdateDate>
      <ItemCode>3600522822110</ItemCode>
      <ItemType>1</ItemType>
      <ItemName>אקסלנס אינטנס 1.1</ItemName>
      <ManufactureName>לוריאל ישראל קוסמטיקס בעמ</ManufactureName>
      <ManufactureCountry />
      <ManufactureItemDescription />
      <UnitQty>י"ח</UnitQty>
      <Quantity>1</Quantity>
      <UnitMeasure />
      <BisWeighted>0</BisWeighted>
      <QtyInPackage>1</QtyInPackage>
      <ItemPrice>39.90</ItemPrice>
      <UnitOfMeasurePrice>39.90</UnitOfMeasurePrice>
      <AllowDiscount>1</AllowDiscount>
      <itemStatus>1</itemStatus>
      <LastUpdateDate />
      <LastUpdateTime />
    </Product>
    <Product>
      <PriceUpdateDate>2016/06/20 11:19</PriceUpdateDate>
      <ItemCode>3600522822127</ItemCode>
      <ItemType>1</ItemType>
      <ItemName>אקסלנס אינטנס 6.13</ItemName>
      <ManufactureName>לוריאל ישראל קוסמטיקס בעמ</ManufactureName>
      <ManufactureCountry />
      <ManufactureItemDescription />
      <UnitQty>י"ח</UnitQty>
      <Quantity>1</Quantity>
      <UnitMeasure />
      <BisWeighted>0</BisWeighted>
      <QtyInPackage>1</QtyInPackage>
      <ItemPrice>39.90</ItemPrice>
      <UnitOfMeasurePrice>39.90</UnitOfMeasurePrice>
      <AllowDiscount>1</AllowDiscount>
      <itemStatus>1</itemStatus>
      <LastUpdateDate />
      <LastUpdateTime />
    </Product>
    <Product>
      <PriceUpdateDate>2016/06/20 11:19</PriceUpdateDate>
      <ItemCode>3600522822141</ItemCode>
      <ItemType>1</ItemType>
      <ItemName>אקסלנס אינטנס 2.16</ItemName>
      <ManufactureName>לוריאל ישראל קוסמטיקס בעמ</ManufactureName>
      <ManufactureCountry />
      <ManufactureItemDescription />
      <UnitQty>י"ח</UnitQty>
      <Quantity>1</Quantity>
      <UnitMeasure />
      <BisWeighted>0</BisWeighted>
      <QtyInPackage>1</QtyInPackage>
      <ItemPrice>39.90</ItemPrice>
      <UnitOfMeasurePrice>39.90</UnitOfMeasurePrice>
      <AllowDiscount>1</AllowDiscount>
      <itemStatus>1</itemStatus>
      <LastUpdateDate />
      <LastUpdateTime />
    </Product>
    <Product>
      <PriceUpdateDate>2016/06/20 11:19</PriceUpdateDate>
      <ItemCode>3600522822172</ItemCode>
      <ItemType>1</ItemType>
      <ItemName>אקסלנס אינטנס 5.52</ItemName>
      <ManufactureName>לוריאל ישראל קוסמטיקס בעמ</ManufactureName>
      <ManufactureCountry />
      <ManufactureItemDescription />
      <UnitQty>י"ח</UnitQty>
      <Quantity>1</Quantity>
      <UnitMeasure />
      <BisWeighted>0</BisWeighted>
      <QtyInPackage>1</QtyInPackage>
      <ItemPrice>39.90</ItemPrice>
      <UnitOfMeasurePrice>39.90</UnitOfMeasurePrice>
      <AllowDiscount>1</AllowDiscount>
      <itemStatus>1</itemStatus>
      <LastUpdateDate />
      <LastUpdateTime />
    </Product>
    <Product>
      <PriceUpdateDate>2016/04/11 14:47</PriceUpdateDate>
      <ItemCode>3600522822189</ItemCode>
      <ItemType>1</ItemType>
      <ItemName>אקסלנס אינטנס 8.34</ItemName>
      <ManufactureName>לוריאל ישראל קוסמטיקס בעמ</ManufactureName>
      <ManufactureCountry />
      <ManufactureItemDescription />
      <UnitQty>י"ח</UnitQty>
      <Quantity>1</Quantity>
      <UnitMeasure />
      <BisWeighted>0</BisWeighted>
      <QtyInPackage>1</QtyInPackage>
      <ItemPrice>39.90</ItemPrice>
      <UnitOfMeasurePrice>39.90</UnitOfMeasurePrice>
      <AllowDiscount>1</AllowDiscount>
      <itemStatus>1</itemStatus>
      <LastUpdateDate />
      <LastUpdateTime />
    </Product>
    <Product>
      <PriceUpdateDate>2016/06/20 11:19</PriceUpdateDate>
      <ItemCode>3600522822196</ItemCode>
      <ItemType>1</ItemType>
      <ItemName>אקסלנס אינטנס 5.3</ItemName>
      <ManufactureName>לוריאל ישראל קוסמטיקס בעמ</ManufactureName>
      <ManufactureCountry />
      <ManufactureItemDescription />
      <UnitQty>י"ח</UnitQty>
      <Quantity>1</Quantity>
      <UnitMeasure />
      <BisWeighted>0</BisWeighted>
      <QtyInPackage>1</QtyInPackage>
      <ItemPrice>39.90</ItemPrice>
      <UnitOfMeasurePrice>39.90</UnitOfMeasurePrice>
      <AllowDiscount>1</AllowDiscount>
      <itemStatus>1</itemStatus>
      <LastUpdateDate />
      <LastUpdateTime />
    </Product>
    <Product>
      <PriceUpdateDate>2016/06/20 11:19</PriceUpdateDate>
      <ItemCode>3600522822219</ItemCode>
      <ItemType>1</ItemType>
      <ItemName>אקסלנס אינטנס 4.26</ItemName>
      <ManufactureName>לוריאל ישראל קוסמטיקס בעמ</ManufactureName>
      <ManufactureCountry />
      <ManufactureItemDescription />
      <UnitQty>י"ח</UnitQty>
      <Quantity>1</Quantity>
      <UnitMeasure />
      <BisWeighted>0</BisWeighted>
      <QtyInPackage>1</QtyInPackage>
      <ItemPrice>39.90</ItemPrice>
      <UnitOfMeasurePrice>39.90</UnitOfMeasurePrice>
      <AllowDiscount>1</AllowDiscount>
      <itemStatus>1</itemStatus>
      <LastUpdateDate />
      <LastUpdateTime />
    </Product>
    <Product>
      <PriceUpdateDate>2016/06/20 11:19</PriceUpdateDate>
      <ItemCode>3600522822240</ItemCode>
      <ItemType>1</ItemType>
      <ItemName>אקסלנס אינטנס 6.32</ItemName>
      <ManufactureName>לוריאל ישראל קוסמטיקס בעמ</ManufactureName>
      <ManufactureCountry />
      <ManufactureItemDescription />
      <UnitQty>י"ח</UnitQty>
      <Quantity>1</Quantity>
      <UnitMeasure />
      <BisWeighted>0</BisWeighted>
      <QtyInPackage>1</QtyInPackage>
      <ItemPrice>39.90</ItemPrice>
      <UnitOfMeasurePrice>39.90</UnitOfMeasurePrice>
      <AllowDiscount>1</AllowDiscount>
      <itemStatus>1</itemStatus>
      <LastUpdateDate />
      <LastUpdateTime />
    </Product>
    <Product>
      <PriceUpdateDate>2016/06/20 11:19</PriceUpdateDate>
      <ItemCode>3600522822271</ItemCode>
      <ItemType>1</ItemType>
      <ItemName>אקסלנס אינטנס 5.45</ItemName>
      <ManufactureName>לוריאל ישראל קוסמטיקס בעמ</ManufactureName>
      <ManufactureCountry />
      <ManufactureItemDescription />
      <UnitQty>י"ח</UnitQty>
      <Quantity>1</Quantity>
      <UnitMeasure />
      <BisWeighted>0</BisWeighted>
      <QtyInPackage>1</QtyInPackage>
      <ItemPrice>39.90</ItemPrice>
      <UnitOfMeasurePrice>39.90</UnitOfMeasurePrice>
      <AllowDiscount>1</AllowDiscount>
      <itemStatus>1</itemStatus>
      <LastUpdateDate />
      <LastUpdateTime />
    </Product>
    <Product>
      <PriceUpdateDate>2016/06/20 11:19</PriceUpdateDate>
      <ItemCode>3600522825463</ItemCode>
      <ItemType>1</ItemType>
      <ItemName>אקסלנס אינטנס  6.66</ItemName>
      <ManufactureName>לוריאל ישראל קוסמטיקס בעמ</ManufactureName>
      <ManufactureCountry />
      <ManufactureItemDescription />
      <UnitQty>י"ח</UnitQty>
      <Quantity>1</Quantity>
      <UnitMeasure />
      <BisWeighted>0</BisWeighted>
      <QtyInPackage>1</QtyInPackage>
      <ItemPrice>39.90</ItemPrice>
      <UnitOfMeasurePrice>39.90</UnitOfMeasurePrice>
      <AllowDiscount>1</AllowDiscount>
      <itemStatus>1</itemStatus>
      <LastUpdateDate />
      <LastUpdateTime />
    </Product>
    <Product>
      <PriceUpdateDate>2016/06/20 11:19</PriceUpdateDate>
      <ItemCode>3600522903390</ItemCode>
      <ItemType>1</ItemType>
      <ItemName>אקסלנס בלונד</ItemName>
      <ManufactureName>לוריאל ישראל קוסמטיקס בעמ</ManufactureName>
      <ManufactureCountry />
      <ManufactureItemDescription />
      <UnitQty>י"ח</UnitQty>
      <Quantity>1</Quantity>
      <UnitMeasure />
      <BisWeighted>0</BisWeighted>
      <QtyInPackage>1</QtyInPackage>
      <ItemPrice>39.90</ItemPrice>
      <UnitOfMeasurePrice>39.90</UnitOfMeasurePrice>
      <AllowDiscount>1</AllowDiscount>
      <itemStatus>1</itemStatus>
      <LastUpdateDate />
      <LastUpdateTime />
    </Product>
    <Product>
      <PriceUpdateDate>2019/10/08 06:55</PriceUpdateDate>
      <ItemCode>3600522943419</ItemCode>
      <ItemType>1</ItemType>
      <ItemName>מן אקס דאו קול פאוור 150מ"ל</ItemName>
      <ManufactureName>לוריאל ישראל קוסמטיקס בעמ</ManufactureName>
      <ManufactureCountry />
      <ManufactureItemDescription />
      <UnitQty>י"ח</UnitQty>
      <Quantity>150</Quantity>
      <UnitMeasure>ל  מ"ל</UnitMeasure>
      <BisWeighted>0</BisWeighted>
      <QtyInPackage>1</QtyInPackage>
      <ItemPrice>17.90</ItemPrice>
      <UnitOfMeasurePrice>11.93</UnitOfMeasurePrice>
      <AllowDiscount>1</AllowDiscount>
      <itemStatus>1</itemStatus>
      <LastUpdateDate />
      <LastUpdateTime />
    </Product>
    <Product>
      <PriceUpdateDate>2016/06/20 11:19</PriceUpdateDate>
      <ItemCode>3600523136155</ItemCode>
      <ItemType>1</ItemType>
      <ItemName>אלביב מסכה שמנים מופלאים</ItemName>
      <ManufactureName>לוריאל ישראל קוסמטיקס בעמ</ManufactureName>
      <ManufactureCountry />
      <ManufactureItemDescription />
      <UnitQty>י"ח</UnitQty>
      <Quantity>1</Quantity>
      <UnitMeasure />
      <BisWeighted>0</BisWeighted>
      <QtyInPackage>1</QtyInPackage>
      <ItemPrice>29.90</ItemPrice>
      <UnitOfMeasurePrice>29.90</UnitOfMeasurePrice>
      <AllowDiscount>1</AllowDiscount>
      <itemStatus>1</itemStatus>
      <LastUpdateDate />
      <LastUpdateTime />
    </Product>
    <Product>
      <PriceUpdateDate>2016/06/20 11:19</PriceUpdateDate>
      <ItemCode>3600523154678</ItemCode>
      <ItemType>1</ItemType>
      <ItemName>אלביב שמפו נגד קשקשים  600מ"ל</ItemName>
      <ManufactureName>לוריאל ישראל קוסמטיקס בעמ</ManufactureName>
      <ManufactureCountry />
      <ManufactureItemDescription />
      <UnitQty>י"ח</UnitQty>
      <Quantity>600</Quantity>
      <UnitMeasure>ל  מ"ל</UnitMeasure>
      <BisWeighted>0</BisWeighted>
      <QtyInPackage>1</QtyInPackage>
      <ItemPrice>18.90</ItemPrice>
      <UnitOfMeasurePrice>3.15</UnitOfMeasurePrice>
      <AllowDiscount>1</AllowDiscount>
      <itemStatus>1</itemStatus>
      <LastUpdateDate />
      <LastUpdateTime />
    </Product>
    <Product>
      <PriceUpdateDate>2016/06/20 11:19</PriceUpdateDate>
      <ItemCode>3600523154685</ItemCode>
      <ItemType>1</ItemType>
      <ItemName>אלביב שמפו+מרכך טוטאל 2ב1  600מ"ל</ItemName>
      <ManufactureName>לוריאל ישראל קוסמטיקס בעמ</ManufactureName>
      <ManufactureCountry />
      <ManufactureItemDescription />
      <UnitQty>י"ח</UnitQty>
      <Quantity>600</Quantity>
      <UnitMeasure>ל  מ"ל</UnitMeasure>
      <BisWeighted>0</BisWeighted>
      <QtyInPackage>1</QtyInPackage>
      <ItemPrice>18.90</ItemPrice>
      <UnitOfMeasurePrice>3.15</UnitOfMeasurePrice>
      <AllowDiscount>1</AllowDiscount>
      <itemStatus>1</itemStatus>
      <LastUpdateDate />
      <LastUpdateTime />
    </Product>
    <Product>
      <PriceUpdateDate>2016/06/20 11:19</PriceUpdateDate>
      <ItemCode>3600523154746</ItemCode>
      <ItemType>1</ItemType>
      <ItemName>אלביב מרכך קולור פרוטקט צבוע 600מ"ל</ItemName>
      <ManufactureName>לוריאל ישראל קוסמטיקס בעמ</ManufactureName>
      <ManufactureCountry />
      <ManufactureItemDescription />
      <UnitQty>י"ח</UnitQty>
      <Quantity>600</Quantity>
      <UnitMeasure>ל  מ"ל</UnitMeasure>
      <BisWeighted>0</BisWeighted>
      <QtyInPackage>1</QtyInPackage>
      <ItemPrice>18.90</ItemPrice>
      <UnitOfMeasurePrice>3.15</UnitOfMeasurePrice>
      <AllowDiscount>1</AllowDiscount>
      <itemStatus>1</itemStatus>
      <LastUpdateDate />
      <LastUpdateTime />
    </Product>
    <Product>
      <PriceUpdateDate>2016/06/20 11:19</PriceUpdateDate>
      <ItemCode>3600523154777</ItemCode>
      <ItemType>1</ItemType>
      <ItemName>אלביב שמפו ארג`נין קיזסט עדין 600מ"ל</ItemName>
      <ManufactureName>לוריאל ישראל קוסמטיקס בעמ</ManufactureName>
      <ManufactureCountry />
      <ManufactureItemDescription />
      <UnitQty>י"ח</UnitQty>
      <Quantity>600</Quantity>
      <UnitMeasure>ל  מ"ל</UnitMeasure>
      <BisWeighted>0</BisWeighted>
      <QtyInPackage>1</QtyInPackage>
      <ItemPrice>18.90</ItemPrice>
      <UnitOfMeasurePrice>3.15</UnitOfMeasurePrice>
      <AllowDiscount>1</AllowDiscount>
      <itemStatus>1</itemStatus>
      <LastUpdateDate />
      <LastUpdateTime />
    </Product>
    <Product>
      <PriceUpdateDate>2016/06/20 11:19</PriceUpdateDate>
      <ItemCode>3600523154784</ItemCode>
      <ItemType>1</ItemType>
      <ItemName>אלביב שמפו לשיער פגום  600מ"ל</ItemName>
      <ManufactureName>לוריאל ישראל קוסמטיקס בעמ</ManufactureName>
      <ManufactureCountry />
      <ManufactureItemDescription />
      <UnitQty>י"ח</UnitQty>
      <Quantity>600</Quantity>
      <UnitMeasure>ל  מ"ל</UnitMeasure>
      <BisWeighted>0</BisWeighted>
      <QtyInPackage>1</QtyInPackage>
      <ItemPrice>18.90</ItemPrice>
      <UnitOfMeasurePrice>3.15</UnitOfMeasurePrice>
      <AllowDiscount>1</AllowDiscount>
      <itemStatus>1</itemStatus>
      <LastUpdateDate />
      <LastUpdateTime />
    </Product>
    <Product>
      <PriceUpdateDate>2016/06/20 11:19</PriceUpdateDate>
      <ItemCode>3600523154791</ItemCode>
      <ItemType>1</ItemType>
      <ItemName>אלביב מרכך ארג`נין ריזסט עדין  600מ"ל</ItemName>
      <ManufactureName>לוריאל ישראל קוסמטיקס בעמ</ManufactureName>
      <ManufactureCountry />
      <ManufactureItemDescription />
      <UnitQty>י"ח</UnitQty>
      <Quantity>600</Quantity>
      <UnitMeasure>ל  מ"ל</UnitMeasure>
      <BisWeighted>0</BisWeighted>
      <QtyInPackage>1</QtyInPackage>
      <ItemPrice>18.90</ItemPrice>
      <UnitOfMeasurePrice>3.15</UnitOfMeasurePrice>
      <AllowDiscount>1</AllowDiscount>
      <itemStatus>1</itemStatus>
      <LastUpdateDate />
      <LastUpdateTime />
    </Product>
    <Product>
      <PriceUpdateDate>2016/06/20 11:19</PriceUpdateDate>
      <ItemCode>3600523154807</ItemCode>
      <ItemType>1</ItemType>
      <ItemName>אלביב מרכך  600מ"ל</ItemName>
      <ManufactureName>לוריאל ישראל קוסמטיקס בעמ</ManufactureName>
      <ManufactureCountry />
      <ManufactureItemDescription />
      <UnitQty>י"ח</UnitQty>
      <Quantity>600</Quantity>
      <UnitMeasure>ל  מ"ל</UnitMeasure>
      <BisWeighted>0</BisWeighted>
      <QtyInPackage>1</QtyInPackage>
      <ItemPrice>18.90</ItemPrice>
      <UnitOfMeasurePrice>3.15</UnitOfMeasurePrice>
      <AllowDiscount>1</AllowDiscount>
      <itemStatus>1</itemStatus>
      <LastUpdateDate />
      <LastUpdateTime />
    </Product>
    <Product>
      <PriceUpdateDate>2016/06/20 11:19</PriceUpdateDate>
      <ItemCode>3600523154814</ItemCode>
      <ItemType>1</ItemType>
      <ItemName>אלביב מרכך טוטאל ריפר  600מ"ל</ItemName>
      <ManufactureName>לוריאל ישראל קוסמטיקס בעמ</ManufactureName>
      <ManufactureCountry />
      <ManufactureItemDescription />
      <UnitQty>י"ח</UnitQty>
      <Quantity>600</Quantity>
      <UnitMeasure>ל  מ"ל</UnitMeasure>
      <BisWeighted>0</BisWeighted>
      <QtyInPackage>1</QtyInPackage>
      <ItemPrice>18.90</ItemPrice>
      <UnitOfMeasurePrice>3.15</UnitOfMeasurePrice>
      <AllowDiscount>1</AllowDiscount>
      <itemStatus>1</itemStatus>
      <LastUpdateDate />
      <LastUpdateTime />
    </Product>
    <Product>
      <PriceUpdateDate>2016/06/20 11:19</PriceUpdateDate>
      <ItemCode>3600523154821</ItemCode>
      <ItemType>1</ItemType>
      <ItemName>אלביב שמפו לחות מוגברת   600מ"ל</ItemName>
      <ManufactureName>לוריאל ישראל קוסמטיקס בעמ</ManufactureName>
      <ManufactureCountry />
      <ManufactureItemDescription />
      <UnitQty>י"ח</UnitQty>
      <Quantity>600</Quantity>
      <UnitMeasure>ל  מ"ל</UnitMeasure>
      <BisWeighted>0</BisWeighted>
      <QtyInPackage>1</QtyInPackage>
      <ItemPrice>18.90</ItemPrice>
      <UnitOfMeasurePrice>3.15</UnitOfMeasurePrice>
      <AllowDiscount>1</AllowDiscount>
      <itemStatus>1</itemStatus>
      <LastUpdateDate />
      <LastUpdateTime />
    </Product>
    <Product>
      <PriceUpdateDate>2016/06/20 11:19</PriceUpdateDate>
      <ItemCode>3600523154838</ItemCode>
      <ItemType>1</ItemType>
      <ItemName>אלביב שמפו קולור פרוטקט צבוע 600מ"ל</ItemName>
      <ManufactureName>לוריאל ישראל קוסמטיקס בעמ</ManufactureName>
      <ManufactureCountry />
      <ManufactureItemDescription />
      <UnitQty>י"ח</UnitQty>
      <Quantity>600</Quantity>
      <UnitMeasure>ל  מ"ל</UnitMeasure>
      <BisWeighted>0</BisWeighted>
      <QtyInPackage>1</QtyInPackage>
      <ItemPrice>18.90</ItemPrice>
      <UnitOfMeasurePrice>3.15</UnitOfMeasurePrice>
      <AllowDiscount>1</AllowDiscount>
      <itemStatus>1</itemStatus>
      <LastUpdateDate />
      <LastUpdateTime />
    </Product>
    <Product>
      <PriceUpdateDate>2016/06/20 11:19</PriceUpdateDate>
      <ItemCode>3600523154845</ItemCode>
      <ItemType>1</ItemType>
      <ItemName>אלביב שמפו נוטרי גלוס ברק 600מ"ל</ItemName>
      <ManufactureName>לוריאל ישראל קוסמטיקס בעמ</ManufactureName>
      <ManufactureCountry />
      <ManufactureItemDescription />
      <UnitQty>י"ח</UnitQty>
      <Quantity>600</Quantity>
      <UnitMeasure>ל  מ"ל</UnitMeasure>
      <BisWeighted>0</BisWeighted>
      <QtyInPackage>1</QtyInPackage>
      <ItemPrice>18.90</ItemPrice>
      <UnitOfMeasurePrice>3.15</UnitOfMeasurePrice>
      <AllowDiscount>1</AllowDiscount>
      <itemStatus>1</itemStatus>
      <LastUpdateDate />
      <LastUpdateTime />
    </Product>
    <Product>
      <PriceUpdateDate>2016/06/20 11:19</PriceUpdateDate>
      <ItemCode>3600523154852</ItemCode>
      <ItemType>1</ItemType>
      <ItemName>אלביב שמפו משקם  600מ"ל</ItemName>
      <ManufactureName>לוריאל ישראל קוסמטיקס בעמ</ManufactureName>
      <ManufactureCountry />
      <ManufactureItemDescription />
      <UnitQty>י"ח</UnitQty>
      <Quantity>600</Quantity>
      <UnitMeasure>ל  מ"ל</UnitMeasure>
      <BisWeighted>0</BisWeighted>
      <QtyInPackage>1</QtyInPackage>
      <ItemPrice>18.90</ItemPrice>
      <UnitOfMeasurePrice>3.15</UnitOfMeasurePrice>
      <AllowDiscount>1</AllowDiscount>
      <itemStatus>1</itemStatus>
      <LastUpdateDate />
      <LastUpdateTime />
    </Product>
    <Product>
      <PriceUpdateDate>2016/06/20 11:19</PriceUpdateDate>
      <ItemCode>3600523154869</ItemCode>
      <ItemType>1</ItemType>
      <ItemName>אלביב שמפו רה נוטרישין יבש 600מ"ל</ItemName>
      <ManufactureName>לוריאל ישראל קוסמטיקס בעמ</ManufactureName>
      <ManufactureCountry />
      <ManufactureItemDescription />
      <UnitQty>י"ח</UnitQty>
      <Quantity>600</Quantity>
      <UnitMeasure>ל  מ"ל</UnitMeasure>
      <BisWeighted>0</BisWeighted>
      <QtyInPackage>1</QtyInPackage>
      <ItemPrice>18.90</ItemPrice>
      <UnitOfMeasurePrice>3.15</UnitOfMeasurePrice>
      <AllowDiscount>1</AllowDiscount>
      <itemStatus>1</itemStatus>
      <LastUpdateDate />
      <LastUpdateTime />
    </Product>
    <Product>
      <PriceUpdateDate>2016/06/20 11:19</PriceUpdateDate>
      <ItemCode>3600523159147</ItemCode>
      <ItemType>1</ItemType>
      <ItemName>אלביב מרכך לברק  600מ"ל</ItemName>
      <ManufactureName>לוריאל ישראל קוסמטיקס בעמ</ManufactureName>
      <ManufactureCountry />
      <ManufactureItemDescription />
      <UnitQty>י"ח</UnitQty>
      <Quantity>600</Quantity>
      <UnitMeasure>ל  מ"ל</UnitMeasure>
      <BisWeighted>0</BisWeighted>
      <QtyInPackage>1</QtyInPackage>
      <ItemPrice>18.90</ItemPrice>
      <UnitOfMeasurePrice>3.15</UnitOfMeasurePrice>
      <AllowDiscount>1</AllowDiscount>
      <itemStatus>1</itemStatus>
      <LastUpdateDate />
      <LastUpdateTime />
    </Product>
    <Product>
      <PriceUpdateDate>2016/06/20 11:19</PriceUpdateDate>
      <ItemCode>3600523159161</ItemCode>
      <ItemType>1</ItemType>
      <ItemName>אלביב מרכך משקם  600מ"ל</ItemName>
      <ManufactureName>לוריאל ישראל קוסמטיקס בעמ</ManufactureName>
      <ManufactureCountry />
      <ManufactureItemDescription />
      <UnitQty>י"ח</UnitQty>
      <Quantity>600</Quantity>
      <UnitMeasure>ל  מ"ל</UnitMeasure>
      <BisWeighted>0</BisWeighted>
      <QtyInPackage>1</QtyInPackage>
      <ItemPrice>18.90</ItemPrice>
      <UnitOfMeasurePrice>3.15</UnitOfMeasurePrice>
      <AllowDiscount>1</AllowDiscount>
      <itemStatus>1</itemStatus>
      <LastUpdateDate />
      <LastUpdateTime />
    </Product>
    <Product>
      <PriceUpdateDate>2016/06/20 11:19</PriceUpdateDate>
      <ItemCode>3600523159178</ItemCode>
      <ItemType>1</ItemType>
      <ItemName>אלביב מרכך רה נוטרישין יבש 600מ"ל</ItemName>
      <ManufactureName>לוריאל ישראל קוסמטיקס בעמ</ManufactureName>
      <ManufactureCountry />
      <ManufactureItemDescription />
      <UnitQty>י"ח</UnitQty>
      <Quantity>600</Quantity>
      <UnitMeasure>ל  מ"ל</UnitMeasure>
      <BisWeighted>0</BisWeighted>
      <QtyInPackage>1</QtyInPackage>
      <ItemPrice>18.90</ItemPrice>
      <UnitOfMeasurePrice>3.15</UnitOfMeasurePrice>
      <AllowDiscount>1</AllowDiscount>
      <itemStatus>1</itemStatus>
      <LastUpdateDate />
      <LastUpdateTime />
    </Product>
    <Product>
      <PriceUpdateDate>2016/06/20 11:19</PriceUpdateDate>
      <ItemCode>3600523165742</ItemCode>
      <ItemType>1</ItemType>
      <ItemName>אלביב שמפו 6 שמנים מופלאים 600מ"ל</ItemName>
      <ManufactureName>לוריאל ישראל קוסמטיקס בעמ</ManufactureName>
      <ManufactureCountry />
      <ManufactureItemDescription />
      <UnitQty>י"ח</UnitQty>
      <Quantity>750</Quantity>
      <UnitMeasure>ל  מ"ל</UnitMeasure>
      <BisWeighted>0</BisWeighted>
      <QtyInPackage>1</QtyInPackage>
      <ItemPrice>18.90</ItemPrice>
      <UnitOfMeasurePrice>2.52</UnitOfMeasurePrice>
      <AllowDiscount>1</AllowDiscount>
      <itemStatus>1</itemStatus>
      <LastUpdateDate />
      <LastUpdateTime />
    </Product>
    <Product>
      <PriceUpdateDate>2016/06/20 11:19</PriceUpdateDate>
      <ItemCode>3600523171040</ItemCode>
      <ItemType>1</ItemType>
      <ItemName>אלביב מרכך 6שמנים יבש מאוד 600מ"ל</ItemName>
      <ManufactureName>לוריאל ישראל קוסמטיקס בעמ</ManufactureName>
      <ManufactureCountry />
      <ManufactureItemDescription />
      <UnitQty>י"ח</UnitQty>
      <Quantity>600</Quantity>
      <UnitMeasure>ל  מ"ל</UnitMeasure>
      <BisWeighted>0</BisWeighted>
      <QtyInPackage>1</QtyInPackage>
      <ItemPrice>18.90</ItemPrice>
      <UnitOfMeasurePrice>3.15</UnitOfMeasurePrice>
      <AllowDiscount>1</AllowDiscount>
      <itemStatus>1</itemStatus>
      <LastUpdateDate />
      <LastUpdateTime />
    </Product>
    <Product>
      <PriceUpdateDate>2017/01/17 10:08</PriceUpdateDate>
      <ItemCode>3600523193134</ItemCode>
      <ItemType>1</ItemType>
      <ItemName>אלביב מג`יק  ריטאצ`בלונד</ItemName>
      <ManufactureName>לוריאל ישראל קוסמטיקס בעמ</ManufactureName>
      <ManufactureCountry />
      <ManufactureItemDescription />
      <UnitQty>י"ח</UnitQty>
      <Quantity>200</Quantity>
      <UnitMeasure>ל  מ"ל</UnitMeasure>
      <BisWeighted>0</BisWeighted>
      <QtyInPackage>1</QtyInPackage>
      <ItemPrice>39.90</ItemPrice>
      <UnitOfMeasurePrice>19.95</UnitOfMeasurePrice>
      <AllowDiscount>1</AllowDiscount>
      <itemStatus>1</itemStatus>
      <LastUpdateDate />
      <LastUpdateTime />
    </Product>
    <Product>
      <PriceUpdateDate>2017/01/17 10:08</PriceUpdateDate>
      <ItemCode>3600523193141</ItemCode>
      <ItemType>1</ItemType>
      <ItemName>אלביב מג`יק  ריטאצ`שחור</ItemName>
      <ManufactureName>לוריאל ישראל קוסמטיקס בעמ</ManufactureName>
      <ManufactureCountry />
      <ManufactureItemDescription />
      <UnitQty>י"ח</UnitQty>
      <Quantity>200</Quantity>
      <UnitMeasure>ל  מ"ל</UnitMeasure>
      <BisWeighted>0</BisWeighted>
      <QtyInPackage>1</QtyInPackage>
      <ItemPrice>39.90</ItemPrice>
      <UnitOfMeasurePrice>19.95</UnitOfMeasurePrice>
      <AllowDiscount>1</AllowDiscount>
      <itemStatus>1</itemStatus>
      <LastUpdateDate />
      <LastUpdateTime />
    </Product>
    <Product>
      <PriceUpdateDate>2017/01/17 10:08</PriceUpdateDate>
      <ItemCode>3600523193158</ItemCode>
      <ItemType>1</ItemType>
      <ItemName>אלביב מג`יק  ריטאצ`חום</ItemName>
      <ManufactureName>לוריאל ישראל קוסמטיקס בעמ</ManufactureName>
      <ManufactureCountry />
      <ManufactureItemDescription />
      <UnitQty>י"ח</UnitQty>
      <Quantity>200</Quantity>
      <UnitMeasure>ל  מ"ל</UnitMeasure>
      <BisWeighted>0</BisWeighted>
      <QtyInPackage>1</QtyInPackage>
      <ItemPrice>39.90</ItemPrice>
      <UnitOfMeasurePrice>19.95</UnitOfMeasurePrice>
      <AllowDiscount>1</AllowDiscount>
      <itemStatus>1</itemStatus>
      <LastUpdateDate />
      <LastUpdateTime />
    </Product>
    <Product>
      <PriceUpdateDate>2017/01/17 10:08</PriceUpdateDate>
      <ItemCode>3600523193165</ItemCode>
      <ItemType>1</ItemType>
      <ItemName>אלביב מג`יק  ריטאצ`חום בהיר</ItemName>
      <ManufactureName>לוריאל ישראל קוסמטיקס בעמ</ManufactureName>
      <ManufactureCountry />
      <ManufactureItemDescription />
      <UnitQty>י"ח</UnitQty>
      <Quantity>200</Quantity>
      <UnitMeasure>ל  מ"ל</UnitMeasure>
      <BisWeighted>0</BisWeighted>
      <QtyInPackage>1</QtyInPackage>
      <ItemPrice>39.90</ItemPrice>
      <UnitOfMeasurePrice>19.95</UnitOfMeasurePrice>
      <AllowDiscount>1</AllowDiscount>
      <itemStatus>1</itemStatus>
      <LastUpdateDate />
      <LastUpdateTime />
    </Product>
    <Product>
      <PriceUpdateDate>2017/01/17 10:08</PriceUpdateDate>
      <ItemCode>3600523193172</ItemCode>
      <ItemType>1</ItemType>
      <ItemName>אלביב מג`יק  ריטאצ`בלונד בז`</ItemName>
      <ManufactureName>לוריאל ישראל קוסמטיקס בעמ</ManufactureName>
      <ManufactureCountry />
      <ManufactureItemDescription />
      <UnitQty>י"ח</UnitQty>
      <Quantity>200</Quantity>
      <UnitMeasure>ל  מ"ל</UnitMeasure>
      <BisWeighted>0</BisWeighted>
      <QtyInPackage>1</QtyInPackage>
      <ItemPrice>39.90</ItemPrice>
      <UnitOfMeasurePrice>19.95</UnitOfMeasurePrice>
      <AllowDiscount>1</AllowDiscount>
      <itemStatus>1</itemStatus>
      <LastUpdateDate />
      <LastUpdateTime />
    </Product>
    <Product>
      <PriceUpdateDate>2016/06/29 13:04</PriceUpdateDate>
      <ItemCode>3600523275380</ItemCode>
      <ItemType>1</ItemType>
      <ItemName>אלביב טוטאל ריפר 5   600מ"ל</ItemName>
      <ManufactureName>לוריאל ישראל קוסמטיקס בעמ</ManufactureName>
      <ManufactureCountry />
      <ManufactureItemDescription />
      <UnitQty>י"ח</UnitQty>
      <Quantity>600</Quantity>
      <UnitMeasure>ל  מ"ל</UnitMeasure>
      <BisWeighted>0</BisWeighted>
      <QtyInPackage>1</QtyInPackage>
      <ItemPrice>18.90</ItemPrice>
      <UnitOfMeasurePrice>3.15</UnitOfMeasurePrice>
      <AllowDiscount>1</AllowDiscount>
      <itemStatus>1</itemStatus>
      <LastUpdateDate />
      <LastUpdateTime />
    </Product>
    <Product>
      <PriceUpdateDate>2016/06/29 13:04</PriceUpdateDate>
      <ItemCode>3600523275427</ItemCode>
      <ItemType>1</ItemType>
      <ItemName>אלביב מרכך טוטאל ריפר 5 600מ"ל</ItemName>
      <ManufactureName>לוריאל ישראל קוסמטיקס בעמ</ManufactureName>
      <ManufactureCountry />
      <ManufactureItemDescription />
      <UnitQty>י"ח</UnitQty>
      <Quantity>600</Quantity>
      <UnitMeasure>ל  מ"ל</UnitMeasure>
      <BisWeighted>0</BisWeighted>
      <QtyInPackage>1</QtyInPackage>
      <ItemPrice>18.90</ItemPrice>
      <UnitOfMeasurePrice>3.15</UnitOfMeasurePrice>
      <AllowDiscount>1</AllowDiscount>
      <itemStatus>1</itemStatus>
      <LastUpdateDate />
      <LastUpdateTime />
    </Product>
    <Product>
      <PriceUpdateDate>2016/06/21 11:11</PriceUpdateDate>
      <ItemCode>3600523304219</ItemCode>
      <ItemType>1</ItemType>
      <ItemName>אלביב מסכה לשיער 300מ"ל</ItemName>
      <ManufactureName>לוריאל ישראל קוסמטיקס בעמ</ManufactureName>
      <ManufactureCountry />
      <ManufactureItemDescription />
      <UnitQty>י"ח</UnitQty>
      <Quantity>300</Quantity>
      <UnitMeasure>ל  מ"ל</UnitMeasure>
      <BisWeighted>0</BisWeighted>
      <QtyInPackage>1</QtyInPackage>
      <ItemPrice>29.90</ItemPrice>
      <UnitOfMeasurePrice>9.97</UnitOfMeasurePrice>
      <AllowDiscount>1</AllowDiscount>
      <itemStatus>1</itemStatus>
      <LastUpdateDate />
      <LastUpdateTime />
    </Product>
    <Product>
      <PriceUpdateDate>2016/06/21 11:11</PriceUpdateDate>
      <ItemCode>3600523304226</ItemCode>
      <ItemType>1</ItemType>
      <ItemName>אלביב מסכה לשיער קרטין 300מ"ל</ItemName>
      <ManufactureName>לוריאל ישראל קוסמטיקס בעמ</ManufactureName>
      <ManufactureCountry />
      <ManufactureItemDescription />
      <UnitQty>י"ח</UnitQty>
      <Quantity>300</Quantity>
      <UnitMeasure>ל  מ"ל</UnitMeasure>
      <BisWeighted>0</BisWeighted>
      <QtyInPackage>1</QtyInPackage>
      <ItemPrice>29.90</ItemPrice>
      <UnitOfMeasurePrice>9.97</UnitOfMeasurePrice>
      <AllowDiscount>1</AllowDiscount>
      <itemStatus>1</itemStatus>
      <LastUpdateDate />
      <LastUpdateTime />
    </Product>
    <Product>
      <PriceUpdateDate>2018/02/04 09:40</PriceUpdateDate>
      <ItemCode>3600523305957</ItemCode>
      <ItemType>1</ItemType>
      <ItemName>מסיכה  שחורה לניקוי עמוק</ItemName>
      <ManufactureName>לוריאל ישראל קוסמטיקס בעמ</ManufactureName>
      <ManufactureCountry />
      <ManufactureItemDescription />
      <UnitQty>י"ח</UnitQty>
      <Quantity>1</Quantity>
      <UnitMeasure>י"ח</UnitMeasure>
      <BisWeighted>0</BisWeighted>
      <QtyInPackage>1</QtyInPackage>
      <ItemPrice>59.90</ItemPrice>
      <UnitOfMeasurePrice>59.90</UnitOfMeasurePrice>
      <AllowDiscount>1</AllowDiscount>
      <itemStatus>1</itemStatus>
      <LastUpdateDate />
      <LastUpdateTime />
    </Product>
    <Product>
      <PriceUpdateDate>2018/02/04 09:40</PriceUpdateDate>
      <ItemCode>3600523305964</ItemCode>
      <ItemType>1</ItemType>
      <ItemName>מסיכה  ירוקה לטיהור העור</ItemName>
      <ManufactureName>לוריאל ישראל קוסמטיקס בעמ</ManufactureName>
      <ManufactureCountry />
      <ManufactureItemDescription />
      <UnitQty>י"ח</UnitQty>
      <Quantity>1</Quantity>
      <UnitMeasure>י"ח</UnitMeasure>
      <BisWeighted>0</BisWeighted>
      <QtyInPackage>1</QtyInPackage>
      <ItemPrice>59.90</ItemPrice>
      <UnitOfMeasurePrice>59.90</UnitOfMeasurePrice>
      <AllowDiscount>1</AllowDiscount>
      <itemStatus>1</itemStatus>
      <LastUpdateDate />
      <LastUpdateTime />
    </Product>
    <Product>
      <PriceUpdateDate>2018/02/04 09:40</PriceUpdateDate>
      <ItemCode>3600523305971</ItemCode>
      <ItemType>1</ItemType>
      <ItemName>מסיכה  אדומה עם גרגרים</ItemName>
      <ManufactureName>לוריאל ישראל קוסמטיקס בעמ</ManufactureName>
      <ManufactureCountry />
      <ManufactureItemDescription />
      <UnitQty>י"ח</UnitQty>
      <Quantity>1</Quantity>
      <UnitMeasure>י"ח</UnitMeasure>
      <BisWeighted>0</BisWeighted>
      <QtyInPackage>1</QtyInPackage>
      <ItemPrice>59.90</ItemPrice>
      <UnitOfMeasurePrice>59.90</UnitOfMeasurePrice>
      <AllowDiscount>1</AllowDiscount>
      <itemStatus>1</itemStatus>
      <LastUpdateDate />
      <LastUpdateTime />
    </Product>
    <Product>
      <PriceUpdateDate>2016/09/07 09:16</PriceUpdateDate>
      <ItemCode>3600523323579</ItemCode>
      <ItemType>1</ItemType>
      <ItemName>אלביב שמפו ארג`נין אינטנס  600מ"ל</ItemName>
      <ManufactureName>לוריאל ישראל קוסמטיקס בעמ</ManufactureName>
      <ManufactureCountry />
      <ManufactureItemDescription />
      <UnitQty>י"ח</UnitQty>
      <Quantity>600</Quantity>
      <UnitMeasure>ל  מ"ל</UnitMeasure>
      <BisWeighted>0</BisWeighted>
      <QtyInPackage>1</QtyInPackage>
      <ItemPrice>18.90</ItemPrice>
      <UnitOfMeasurePrice>3.15</UnitOfMeasurePrice>
      <AllowDiscount>1</AllowDiscount>
      <itemStatus>1</itemStatus>
      <LastUpdateDate />
      <LastUpdateTime />
    </Product>
    <Product>
      <PriceUpdateDate>2016/09/07 09:16</PriceUpdateDate>
      <ItemCode>3600523323593</ItemCode>
      <ItemType>1</ItemType>
      <ItemName>אלביב מרכך ארג`נין אינטנס  600מ"ל</ItemName>
      <ManufactureName>לוריאל ישראל קוסמטיקס בעמ</ManufactureName>
      <ManufactureCountry />
      <ManufactureItemDescription />
      <UnitQty>י"ח</UnitQty>
      <Quantity>600</Quantity>
      <UnitMeasure>ל  מ"ל</UnitMeasure>
      <BisWeighted>0</BisWeighted>
      <QtyInPackage>1</QtyInPackage>
      <ItemPrice>18.90</ItemPrice>
      <UnitOfMeasurePrice>3.15</UnitOfMeasurePrice>
      <AllowDiscount>1</AllowDiscount>
      <itemStatus>1</itemStatus>
      <LastUpdateDate />
      <LastUpdateTime />
    </Product>
    <Product>
      <PriceUpdateDate>2018/02/22 10:13</PriceUpdateDate>
      <ItemCode>3600523430925</ItemCode>
      <ItemType>1</ItemType>
      <ItemName>דרמו פיור קלי תרחיץ אדום</ItemName>
      <ManufactureName>לוריאל ישראל קוסמטיקס בעמ</ManufactureName>
      <ManufactureCountry />
      <ManufactureItemDescription />
      <UnitQty>י"ח</UnitQty>
      <Quantity>250</Quantity>
      <UnitMeasure>ל  מ"ל</UnitMeasure>
      <BisWeighted>0</BisWeighted>
      <QtyInPackage>1</QtyInPackage>
      <ItemPrice>34.90</ItemPrice>
      <UnitOfMeasurePrice>13.96</UnitOfMeasurePrice>
      <AllowDiscount>1</AllowDiscount>
      <itemStatus>1</itemStatus>
      <LastUpdateDate />
      <LastUpdateTime />
    </Product>
    <Product>
      <PriceUpdateDate>2018/02/22 10:13</PriceUpdateDate>
      <ItemCode>3600523430932</ItemCode>
      <ItemType>1</ItemType>
      <ItemName>דרמו פיור קלי תרחיץ שחור</ItemName>
      <ManufactureName>לוריאל ישראל קוסמטיקס בעמ</ManufactureName>
      <ManufactureCountry />
      <ManufactureItemDescription />
      <UnitQty>י"ח</UnitQty>
      <Quantity>250</Quantity>
      <UnitMeasure>ל  מ"ל</UnitMeasure>
      <BisWeighted>0</BisWeighted>
      <QtyInPackage>1</QtyInPackage>
      <ItemPrice>34.90</ItemPrice>
      <UnitOfMeasurePrice>13.96</UnitOfMeasurePrice>
      <AllowDiscount>1</AllowDiscount>
      <itemStatus>1</itemStatus>
      <LastUpdateDate />
      <LastUpdateTime />
    </Product>
    <Product>
      <PriceUpdateDate>2018/02/22 10:13</PriceUpdateDate>
      <ItemCode>3600523430949</ItemCode>
      <ItemType>1</ItemType>
      <ItemName>דרמו פיור קלי תרחיץ ירוק</ItemName>
      <ManufactureName>לוריאל ישראל קוסמטיקס בעמ</ManufactureName>
      <ManufactureCountry />
      <ManufactureItemDescription />
      <UnitQty>י"ח</UnitQty>
      <Quantity>250</Quantity>
      <UnitMeasure>ל  מ"ל</UnitMeasure>
      <BisWeighted>0</BisWeighted>
      <QtyInPackage>1</QtyInPackage>
      <ItemPrice>34.90</ItemPrice>
      <UnitOfMeasurePrice>13.96</UnitOfMeasurePrice>
      <AllowDiscount>1</AllowDiscount>
      <itemStatus>1</itemStatus>
      <LastUpdateDate />
      <LastUpdateTime />
    </Product>
    <Product>
      <PriceUpdateDate>2018/02/04 09:40</PriceUpdateDate>
      <ItemCode>3600523439836</ItemCode>
      <ItemType>1</ItemType>
      <ItemName>לוריאל מי פנים לעור רגיש</ItemName>
      <ManufactureName>לוריאל ישראל קוסמטיקס בעמ</ManufactureName>
      <ManufactureCountry />
      <ManufactureItemDescription />
      <UnitQty>י"ח</UnitQty>
      <Quantity>1</Quantity>
      <UnitMeasure />
      <BisWeighted>0</BisWeighted>
      <QtyInPackage>1</QtyInPackage>
      <ItemPrice>39.90</ItemPrice>
      <UnitOfMeasurePrice>39.90</UnitOfMeasurePrice>
      <AllowDiscount>1</AllowDiscount>
      <itemStatus>1</itemStatus>
      <LastUpdateDate />
      <LastUpdateTime />
    </Product>
    <Product>
      <PriceUpdateDate>2018/02/04 09:40</PriceUpdateDate>
      <ItemCode>3600523439928</ItemCode>
      <ItemType>1</ItemType>
      <ItemName>לוריאל מי פנים לעור רגיל</ItemName>
      <ManufactureName>לוריאל ישראל קוסמטיקס בעמ</ManufactureName>
      <ManufactureCountry />
      <ManufactureItemDescription />
      <UnitQty>י"ח</UnitQty>
      <Quantity>1</Quantity>
      <UnitMeasure />
      <BisWeighted>0</BisWeighted>
      <QtyInPackage>1</QtyInPackage>
      <ItemPrice>39.90</ItemPrice>
      <UnitOfMeasurePrice>39.90</UnitOfMeasurePrice>
      <AllowDiscount>1</AllowDiscount>
      <itemStatus>1</itemStatus>
      <LastUpdateDate />
      <LastUpdateTime />
    </Product>
    <Product>
      <PriceUpdateDate>2018/02/04 09:40</PriceUpdateDate>
      <ItemCode>3600523447473</ItemCode>
      <ItemType>1</ItemType>
      <ItemName>קרם לעור רגיש לוריאל</ItemName>
      <ManufactureName>לוריאל ישראל קוסמטיקס בעמ</ManufactureName>
      <ManufactureCountry />
      <ManufactureItemDescription />
      <UnitQty>י"ח</UnitQty>
      <Quantity>1</Quantity>
      <UnitMeasure />
      <BisWeighted>0</BisWeighted>
      <QtyInPackage>1</QtyInPackage>
      <ItemPrice>39.90</ItemPrice>
      <UnitOfMeasurePrice>39.90</UnitOfMeasurePrice>
      <AllowDiscount>1</AllowDiscount>
      <itemStatus>1</itemStatus>
      <LastUpdateDate />
      <LastUpdateTime />
    </Product>
    <Product>
      <PriceUpdateDate>2018/02/04 09:40</PriceUpdateDate>
      <ItemCode>3600523448760</ItemCode>
      <ItemType>1</ItemType>
      <ItemName>פרחים חלב פנים לעור רגיש</ItemName>
      <ManufactureName>לוריאל ישראל קוסמטיקס בעמ</ManufactureName>
      <ManufactureCountry />
      <ManufactureItemDescription />
      <UnitQty>י"ח</UnitQty>
      <Quantity>1</Quantity>
      <UnitMeasure>י"ח</UnitMeasure>
      <BisWeighted>0</BisWeighted>
      <QtyInPackage>1</QtyInPackage>
      <ItemPrice>39.90</ItemPrice>
      <UnitOfMeasurePrice>39.90</UnitOfMeasurePrice>
      <AllowDiscount>1</AllowDiscount>
      <itemStatus>1</itemStatus>
      <LastUpdateDate />
      <LastUpdateTime />
    </Product>
    <Product>
      <PriceUpdateDate>2018/02/04 09:40</PriceUpdateDate>
      <ItemCode>3600523449132</ItemCode>
      <ItemType>1</ItemType>
      <ItemName>פרחים חלב פנים לעור רגיל</ItemName>
      <ManufactureName>לוריאל ישראל קוסמטיקס בעמ</ManufactureName>
      <ManufactureCountry />
      <ManufactureItemDescription />
      <UnitQty>י"ח</UnitQty>
      <Quantity>1</Quantity>
      <UnitMeasure>י"ח</UnitMeasure>
      <BisWeighted>0</BisWeighted>
      <QtyInPackage>1</QtyInPackage>
      <ItemPrice>39.90</ItemPrice>
      <UnitOfMeasurePrice>39.90</UnitOfMeasurePrice>
      <AllowDiscount>1</AllowDiscount>
      <itemStatus>1</itemStatus>
      <LastUpdateDate />
      <LastUpdateTime />
    </Product>
    <Product>
      <PriceUpdateDate>2018/02/04 09:40</PriceUpdateDate>
      <ItemCode>3600523450435</ItemCode>
      <ItemType>1</ItemType>
      <ItemName>לוריאל ג`ל רחצה לעור רגיש</ItemName>
      <ManufactureName>לוריאל ישראל קוסמטיקס בעמ</ManufactureName>
      <ManufactureCountry />
      <ManufactureItemDescription />
      <UnitQty>י"ח</UnitQty>
      <Quantity>1</Quantity>
      <UnitMeasure>י"ח</UnitMeasure>
      <BisWeighted>0</BisWeighted>
      <QtyInPackage>1</QtyInPackage>
      <ItemPrice>34.90</ItemPrice>
      <UnitOfMeasurePrice>34.90</UnitOfMeasurePrice>
      <AllowDiscount>1</AllowDiscount>
      <itemStatus>1</itemStatus>
      <LastUpdateDate />
      <LastUpdateTime />
    </Product>
    <Product>
      <PriceUpdateDate>2018/02/04 09:40</PriceUpdateDate>
      <ItemCode>3600523457984</ItemCode>
      <ItemType>1</ItemType>
      <ItemName>מגבונים להסרת איפור לעור רגיל</ItemName>
      <ManufactureName>לוריאל ישראל קוסמטיקס בעמ</ManufactureName>
      <ManufactureCountry />
      <ManufactureItemDescription />
      <UnitQty>י"ח</UnitQty>
      <Quantity>1</Quantity>
      <UnitMeasure />
      <BisWeighted>0</BisWeighted>
      <QtyInPackage>1</QtyInPackage>
      <ItemPrice>15.90</ItemPrice>
      <UnitOfMeasurePrice>15.90</UnitOfMeasurePrice>
      <AllowDiscount>1</AllowDiscount>
      <itemStatus>1</itemStatus>
      <LastUpdateDate />
      <LastUpdateTime />
    </Product>
    <Product>
      <PriceUpdateDate>2018/02/04 09:40</PriceUpdateDate>
      <ItemCode>3600523457991</ItemCode>
      <ItemType>1</ItemType>
      <ItemName>מגבונים להסרת איפור לעור רגיש</ItemName>
      <ManufactureName>לוריאל ישראל קוסמטיקס בעמ</ManufactureName>
      <ManufactureCountry />
      <ManufactureItemDescription />
      <UnitQty>י"ח</UnitQty>
      <Quantity>1</Quantity>
      <UnitMeasure />
      <BisWeighted>0</BisWeighted>
      <QtyInPackage>1</QtyInPackage>
      <ItemPrice>15.90</ItemPrice>
      <UnitOfMeasurePrice>15.90</UnitOfMeasurePrice>
      <AllowDiscount>1</AllowDiscount>
      <itemStatus>1</itemStatus>
      <LastUpdateDate />
      <LastUpdateTime />
    </Product>
    <Product>
      <PriceUpdateDate>2019/10/08 06:55</PriceUpdateDate>
      <ItemCode>3600523462360</ItemCode>
      <ItemType>1</ItemType>
      <ItemName>מן אקס דאו סנסיטיב קונט 150מ"ל</ItemName>
      <ManufactureName>לוריאל ישראל קוסמטיקס בעמ</ManufactureName>
      <ManufactureCountry />
      <ManufactureItemDescription />
      <UnitQty>י"ח</UnitQty>
      <Quantity>150</Quantity>
      <UnitMeasure>ל  מ"ל</UnitMeasure>
      <BisWeighted>0</BisWeighted>
      <QtyInPackage>1</QtyInPackage>
      <ItemPrice>17.90</ItemPrice>
      <UnitOfMeasurePrice>11.93</UnitOfMeasurePrice>
      <AllowDiscount>1</AllowDiscount>
      <itemStatus>1</itemStatus>
      <LastUpdateDate />
      <LastUpdateTime />
    </Product>
    <Product>
      <PriceUpdateDate>2018/03/04 11:06</PriceUpdateDate>
      <ItemCode>3600523516919</ItemCode>
      <ItemType>1</ItemType>
      <ItemName>דרמו פיור קלי מסכה כחולה 50מ"ל</ItemName>
      <ManufactureName>לוריאל ישראל קוסמטיקס בעמ</ManufactureName>
      <ManufactureCountry />
      <ManufactureItemDescription />
      <UnitQty>י"ח</UnitQty>
      <Quantity>50</Quantity>
      <UnitMeasure>ל  מ"ל</UnitMeasure>
      <BisWeighted>0</BisWeighted>
      <QtyInPackage>1</QtyInPackage>
      <ItemPrice>59.90</ItemPrice>
      <UnitOfMeasurePrice>119.80</UnitOfMeasurePrice>
      <AllowDiscount>1</AllowDiscount>
      <itemStatus>1</itemStatus>
      <LastUpdateDate />
      <LastUpdateTime />
    </Product>
    <Product>
      <PriceUpdateDate>2018/03/04 11:06</PriceUpdateDate>
      <ItemCode>3600523523108</ItemCode>
      <ItemType>1</ItemType>
      <ItemName>דרמו פיור קלי מסכה צהובה 50מ"ל</ItemName>
      <ManufactureName>לוריאל ישראל קוסמטיקס בעמ</ManufactureName>
      <ManufactureCountry />
      <ManufactureItemDescription />
      <UnitQty>י"ח</UnitQty>
      <Quantity>50</Quantity>
      <UnitMeasure>ל  מ"ל</UnitMeasure>
      <BisWeighted>0</BisWeighted>
      <QtyInPackage>1</QtyInPackage>
      <ItemPrice>59.90</ItemPrice>
      <UnitOfMeasurePrice>119.80</UnitOfMeasurePrice>
      <AllowDiscount>1</AllowDiscount>
      <itemStatus>1</itemStatus>
      <LastUpdateDate />
      <LastUpdateTime />
    </Product>
    <Product>
      <PriceUpdateDate>2017/06/27 08:31</PriceUpdateDate>
      <ItemCode>3600523524563</ItemCode>
      <ItemType>1</ItemType>
      <ItemName>אלביב שמפו חימר 600מ"ל</ItemName>
      <ManufactureName>לוריאל ישראל קוסמטיקס בעמ</ManufactureName>
      <ManufactureCountry />
      <ManufactureItemDescription />
      <UnitQty>י"ח</UnitQty>
      <Quantity>600</Quantity>
      <UnitMeasure>ל  מ"ל</UnitMeasure>
      <BisWeighted>0</BisWeighted>
      <QtyInPackage>1</QtyInPackage>
      <ItemPrice>18.90</ItemPrice>
      <UnitOfMeasurePrice>3.15</UnitOfMeasurePrice>
      <AllowDiscount>1</AllowDiscount>
      <itemStatus>1</itemStatus>
      <LastUpdateDate />
      <LastUpdateTime />
    </Product>
    <Product>
      <PriceUpdateDate>2017/06/27 08:31</PriceUpdateDate>
      <ItemCode>3600523525232</ItemCode>
      <ItemType>1</ItemType>
      <ItemName>אלביב מרכך חימר 600מ"ל</ItemName>
      <ManufactureName>לוריאל ישראל קוסמטיקס בעמ</ManufactureName>
      <ManufactureCountry />
      <ManufactureItemDescription />
      <UnitQty>י"ח</UnitQty>
      <Quantity>600</Quantity>
      <UnitMeasure>ל  מ"ל</UnitMeasure>
      <BisWeighted>0</BisWeighted>
      <QtyInPackage>1</QtyInPackage>
      <ItemPrice>18.90</ItemPrice>
      <UnitOfMeasurePrice>3.15</UnitOfMeasurePrice>
      <AllowDiscount>1</AllowDiscount>
      <itemStatus>1</itemStatus>
      <LastUpdateDate />
      <LastUpdateTime />
    </Product>
    <Product>
      <PriceUpdateDate>2017/11/24 09:16</PriceUpdateDate>
      <ItemCode>3600523536528</ItemCode>
      <ItemType>1</ItemType>
      <ItemName>אלביב מסכה חימר 150מ,ל</ItemName>
      <ManufactureName>לוריאל ישראל קוסמטיקס בעמ</ManufactureName>
      <ManufactureCountry />
      <ManufactureItemDescription />
      <UnitQty>י"ח</UnitQty>
      <Quantity>1</Quantity>
      <UnitMeasure />
      <BisWeighted>0</BisWeighted>
      <QtyInPackage>1</QtyInPackage>
      <ItemPrice>29.90</ItemPrice>
      <UnitOfMeasurePrice>29.90</UnitOfMeasurePrice>
      <AllowDiscount>1</AllowDiscount>
      <itemStatus>1</itemStatus>
      <LastUpdateDate />
      <LastUpdateTime />
    </Product>
    <Product>
      <PriceUpdateDate>2018/08/07 11:23</PriceUpdateDate>
      <ItemCode>3600523541324</ItemCode>
      <ItemType>1</ItemType>
      <ItemName>קרם דרמו שוגר סקראבס הזנה 50מ"ל</ItemName>
      <ManufactureName>לוריאל ישראל קוסמטיקס בעמ</ManufactureName>
      <ManufactureCountry />
      <ManufactureItemDescription />
      <UnitQty>י"ח</UnitQty>
      <Quantity>50</Quantity>
      <UnitMeasure>ל  מ"ל</UnitMeasure>
      <BisWeighted>0</BisWeighted>
      <QtyInPackage>1</QtyInPackage>
      <ItemPrice>59.90</ItemPrice>
      <UnitOfMeasurePrice>119.80</UnitOfMeasurePrice>
      <AllowDiscount>1</AllowDiscount>
      <itemStatus>1</itemStatus>
      <LastUpdateDate />
      <LastUpdateTime />
    </Product>
    <Product>
      <PriceUpdateDate>2018/08/07 11:23</PriceUpdateDate>
      <ItemCode>3600523541928</ItemCode>
      <ItemType>1</ItemType>
      <ItemName>קרם דרמו שוגר סקראבס זוהר 50מ"ל.</ItemName>
      <ManufactureName>לוריאל ישראל קוסמטיקס בעמ</ManufactureName>
      <ManufactureCountry />
      <ManufactureItemDescription />
      <UnitQty>י"ח</UnitQty>
      <Quantity>50</Quantity>
      <UnitMeasure>ל  מ"ל</UnitMeasure>
      <BisWeighted>0</BisWeighted>
      <QtyInPackage>1</QtyInPackage>
      <ItemPrice>59.90</ItemPrice>
      <UnitOfMeasurePrice>119.80</UnitOfMeasurePrice>
      <AllowDiscount>1</AllowDiscount>
      <itemStatus>1</itemStatus>
      <LastUpdateDate />
      <LastUpdateTime />
    </Product>
    <Product>
      <PriceUpdateDate>2018/08/07 11:23</PriceUpdateDate>
      <ItemCode>3600523541935</ItemCode>
      <ItemType>1</ItemType>
      <ItemName>קרם דרמו שוגר סקראבס ניקוי 50מ"ל</ItemName>
      <ManufactureName>לוריאל ישראל קוסמטיקס בעמ</ManufactureName>
      <ManufactureCountry />
      <ManufactureItemDescription />
      <UnitQty>י"ח</UnitQty>
      <Quantity>50</Quantity>
      <UnitMeasure>ל  מ"ל</UnitMeasure>
      <BisWeighted>0</BisWeighted>
      <QtyInPackage>1</QtyInPackage>
      <ItemPrice>59.90</ItemPrice>
      <UnitOfMeasurePrice>119.80</UnitOfMeasurePrice>
      <AllowDiscount>1</AllowDiscount>
      <itemStatus>1</itemStatus>
      <LastUpdateDate />
      <LastUpdateTime />
    </Product>
    <Product>
      <PriceUpdateDate>2018/03/04 11:06</PriceUpdateDate>
      <ItemCode>3600523605972</ItemCode>
      <ItemType>1</ItemType>
      <ItemName>קרם לחות לוריאל שמן קוקוס 300מ"ל</ItemName>
      <ManufactureName>לוריאל ישראל קוסמטיקס בעמ</ManufactureName>
      <ManufactureCountry />
      <ManufactureItemDescription />
      <UnitQty>י"ח</UnitQty>
      <Quantity>300</Quantity>
      <UnitMeasure>ל  מ"ל</UnitMeasure>
      <BisWeighted>0</BisWeighted>
      <QtyInPackage>1</QtyInPackage>
      <ItemPrice>29.90</ItemPrice>
      <UnitOfMeasurePrice>9.97</UnitOfMeasurePrice>
      <AllowDiscount>1</AllowDiscount>
      <itemStatus>1</itemStatus>
      <LastUpdateDate />
      <LastUpdateTime />
    </Product>
    <Product>
      <PriceUpdateDate>2019/03/25 10:10</PriceUpdateDate>
      <ItemCode>3600523642489</ItemCode>
      <ItemType>1</ItemType>
      <ItemName>אלביב מסכה 6 שמנים מופלאים</ItemName>
      <ManufactureName>לוריאל ישראל קוסמטיקס בעמ</ManufactureName>
      <ManufactureCountry />
      <ManufactureItemDescription />
      <UnitQty>י"ח</UnitQty>
      <Quantity>1</Quantity>
      <UnitMeasure />
      <BisWeighted>0</BisWeighted>
      <QtyInPackage>1</QtyInPackage>
      <ItemPrice>29.90</ItemPrice>
      <UnitOfMeasurePrice>29.90</UnitOfMeasurePrice>
      <AllowDiscount>1</AllowDiscount>
      <itemStatus>1</itemStatus>
      <LastUpdateDate />
      <LastUpdateTime />
    </Product>
    <Product>
      <PriceUpdateDate>2018/04/26 11:24</PriceUpdateDate>
      <ItemCode>3600523651863</ItemCode>
      <ItemType>1</ItemType>
      <ItemName>אלביב שמפו אינטנס  550מ"ל</ItemName>
      <ManufactureName>לוריאל ישראל קוסמטיקס בעמ</ManufactureName>
      <ManufactureCountry />
      <ManufactureItemDescription />
      <UnitQty>י"ח</UnitQty>
      <Quantity>550</Quantity>
      <UnitMeasure>ל  מ"ל</UnitMeasure>
      <BisWeighted>0</BisWeighted>
      <QtyInPackage>1</QtyInPackage>
      <ItemPrice>16.90</ItemPrice>
      <UnitOfMeasurePrice>3.07</UnitOfMeasurePrice>
      <AllowDiscount>1</AllowDiscount>
      <itemStatus>1</itemStatus>
      <LastUpdateDate />
      <LastUpdateTime />
    </Product>
    <Product>
      <PriceUpdateDate>2018/04/26 11:24</PriceUpdateDate>
      <ItemCode>3600523651870</ItemCode>
      <ItemType>1</ItemType>
      <ItemName>אלביב שמפו ארגנין   550מ"ל</ItemName>
      <ManufactureName>לוריאל ישראל קוסמטיקס בעמ</ManufactureName>
      <ManufactureCountry />
      <ManufactureItemDescription />
      <UnitQty>י"ח</UnitQty>
      <Quantity>550</Quantity>
      <UnitMeasure>ל  מ"ל</UnitMeasure>
      <BisWeighted>0</BisWeighted>
      <QtyInPackage>1</QtyInPackage>
      <ItemPrice>16.90</ItemPrice>
      <UnitOfMeasurePrice>3.07</UnitOfMeasurePrice>
      <AllowDiscount>1</AllowDiscount>
      <itemStatus>1</itemStatus>
      <LastUpdateDate />
      <LastUpdateTime />
    </Product>
    <Product>
      <PriceUpdateDate>2018/04/26 11:24</PriceUpdateDate>
      <ItemCode>3600523651887</ItemCode>
      <ItemType>1</ItemType>
      <ItemName>אלביב שמפו טוטל ריפר   550מ"ל</ItemName>
      <ManufactureName>לוריאל ישראל קוסמטיקס בעמ</ManufactureName>
      <ManufactureCountry />
      <ManufactureItemDescription />
      <UnitQty>י"ח</UnitQty>
      <Quantity>550</Quantity>
      <UnitMeasure>ל  מ"ל</UnitMeasure>
      <BisWeighted>0</BisWeighted>
      <QtyInPackage>1</QtyInPackage>
      <ItemPrice>16.90</ItemPrice>
      <UnitOfMeasurePrice>3.07</UnitOfMeasurePrice>
      <AllowDiscount>1</AllowDiscount>
      <itemStatus>1</itemStatus>
      <LastUpdateDate />
      <LastUpdateTime />
    </Product>
    <Product>
      <PriceUpdateDate>2018/04/26 11:24</PriceUpdateDate>
      <ItemCode>3600523651900</ItemCode>
      <ItemType>1</ItemType>
      <ItemName>אלביב מרכך ארגנון  550מ"ל</ItemName>
      <ManufactureName>לוריאל ישראל קוסמטיקס בעמ</ManufactureName>
      <ManufactureCountry />
      <ManufactureItemDescription />
      <UnitQty>י"ח</UnitQty>
      <Quantity>550</Quantity>
      <UnitMeasure>ל  מ"ל</UnitMeasure>
      <BisWeighted>0</BisWeighted>
      <QtyInPackage>1</QtyInPackage>
      <ItemPrice>16.90</ItemPrice>
      <UnitOfMeasurePrice>3.07</UnitOfMeasurePrice>
      <AllowDiscount>1</AllowDiscount>
      <itemStatus>1</itemStatus>
      <LastUpdateDate />
      <LastUpdateTime />
    </Product>
    <Product>
      <PriceUpdateDate>2018/04/26 11:24</PriceUpdateDate>
      <ItemCode>3600523652228</ItemCode>
      <ItemType>1</ItemType>
      <ItemName>אלביב מרכך קטוטל ריפר  550מ"ל</ItemName>
      <ManufactureName>לוריאל ישראל קוסמטיקס בעמ</ManufactureName>
      <ManufactureCountry />
      <ManufactureItemDescription />
      <UnitQty>י"ח</UnitQty>
      <Quantity>550</Quantity>
      <UnitMeasure>ל  מ"ל</UnitMeasure>
      <BisWeighted>0</BisWeighted>
      <QtyInPackage>1</QtyInPackage>
      <ItemPrice>16.90</ItemPrice>
      <UnitOfMeasurePrice>3.07</UnitOfMeasurePrice>
      <AllowDiscount>1</AllowDiscount>
      <itemStatus>1</itemStatus>
      <LastUpdateDate />
      <LastUpdateTime />
    </Product>
    <Product>
      <PriceUpdateDate>2018/04/26 11:24</PriceUpdateDate>
      <ItemCode>3600523652235</ItemCode>
      <ItemType>1</ItemType>
      <ItemName>אלביב שמפו טוטל ריפר 2ב1   550מ"ל</ItemName>
      <ManufactureName>לוריאל ישראל קוסמטיקס בעמ</ManufactureName>
      <ManufactureCountry />
      <ManufactureItemDescription />
      <UnitQty>י"ח</UnitQty>
      <Quantity>550</Quantity>
      <UnitMeasure>ל  מ"ל</UnitMeasure>
      <BisWeighted>0</BisWeighted>
      <QtyInPackage>1</QtyInPackage>
      <ItemPrice>16.90</ItemPrice>
      <UnitOfMeasurePrice>3.07</UnitOfMeasurePrice>
      <AllowDiscount>1</AllowDiscount>
      <itemStatus>1</itemStatus>
      <LastUpdateDate />
      <LastUpdateTime />
    </Product>
    <Product>
      <PriceUpdateDate>2018/04/26 11:24</PriceUpdateDate>
      <ItemCode>3600523652242</ItemCode>
      <ItemType>1</ItemType>
      <ItemName>אלביב שמפו קולור   550מ"ל</ItemName>
      <ManufactureName>לוריאל ישראל קוסמטיקס בעמ</ManufactureName>
      <ManufactureCountry />
      <ManufactureItemDescription />
      <UnitQty>י"ח</UnitQty>
      <Quantity>550</Quantity>
      <UnitMeasure>ל  מ"ל</UnitMeasure>
      <BisWeighted>0</BisWeighted>
      <QtyInPackage>1</QtyInPackage>
      <ItemPrice>16.90</ItemPrice>
      <UnitOfMeasurePrice>3.07</UnitOfMeasurePrice>
      <AllowDiscount>1</AllowDiscount>
      <itemStatus>1</itemStatus>
      <LastUpdateDate />
      <LastUpdateTime />
    </Product>
    <Product>
      <PriceUpdateDate>2018/04/26 11:24</PriceUpdateDate>
      <ItemCode>3600523652259</ItemCode>
      <ItemType>1</ItemType>
      <ItemName>אלביב מרכך קולור  550מ"ל</ItemName>
      <ManufactureName>לוריאל ישראל קוסמטיקס בעמ</ManufactureName>
      <ManufactureCountry />
      <ManufactureItemDescription />
      <UnitQty>י"ח</UnitQty>
      <Quantity>550</Quantity>
      <UnitMeasure>ל  מ"ל</UnitMeasure>
      <BisWeighted>0</BisWeighted>
      <QtyInPackage>1</QtyInPackage>
      <ItemPrice>16.90</ItemPrice>
      <UnitOfMeasurePrice>3.07</UnitOfMeasurePrice>
      <AllowDiscount>1</AllowDiscount>
      <itemStatus>1</itemStatus>
      <LastUpdateDate />
      <LastUpdateTime />
    </Product>
    <Product>
      <PriceUpdateDate>2018/04/26 11:24</PriceUpdateDate>
      <ItemCode>3600523652266</ItemCode>
      <ItemType>1</ItemType>
      <ItemName>אלביב שמפו ק. מפוצלים  550מ"ל</ItemName>
      <ManufactureName>לוריאל ישראל קוסמטיקס בעמ</ManufactureName>
      <ManufactureCountry />
      <ManufactureItemDescription />
      <UnitQty>י"ח</UnitQty>
      <Quantity>550</Quantity>
      <UnitMeasure>ל  מ"ל</UnitMeasure>
      <BisWeighted>0</BisWeighted>
      <QtyInPackage>1</QtyInPackage>
      <ItemPrice>16.90</ItemPrice>
      <UnitOfMeasurePrice>3.07</UnitOfMeasurePrice>
      <AllowDiscount>1</AllowDiscount>
      <itemStatus>1</itemStatus>
      <LastUpdateDate />
      <LastUpdateTime />
    </Product>
    <Product>
      <PriceUpdateDate>2018/04/26 11:24</PriceUpdateDate>
      <ItemCode>3600523652273</ItemCode>
      <ItemType>1</ItemType>
      <ItemName>אלביב שמפו חימר   550מ"ל</ItemName>
      <ManufactureName>לוריאל ישראל קוסמטיקס בעמ</ManufactureName>
      <ManufactureCountry />
      <ManufactureItemDescription />
      <UnitQty>י"ח</UnitQty>
      <Quantity>550</Quantity>
      <UnitMeasure>ל  מ"ל</UnitMeasure>
      <BisWeighted>0</BisWeighted>
      <QtyInPackage>1</QtyInPackage>
      <ItemPrice>16.90</ItemPrice>
      <UnitOfMeasurePrice>3.07</UnitOfMeasurePrice>
      <AllowDiscount>1</AllowDiscount>
      <itemStatus>1</itemStatus>
      <LastUpdateDate />
      <LastUpdateTime />
    </Product>
    <Product>
      <PriceUpdateDate>2018/04/26 11:24</PriceUpdateDate>
      <ItemCode>3600523652280</ItemCode>
      <ItemType>1</ItemType>
      <ItemName>אלביב שמפו 6 שמנים   550מ"ל</ItemName>
      <ManufactureName>לוריאל ישראל קוסמטיקס בעמ</ManufactureName>
      <ManufactureCountry />
      <ManufactureItemDescription />
      <UnitQty>י"ח</UnitQty>
      <Quantity>550</Quantity>
      <UnitMeasure>ל  מ"ל</UnitMeasure>
      <BisWeighted>0</BisWeighted>
      <QtyInPackage>1</QtyInPackage>
      <ItemPrice>16.90</ItemPrice>
      <UnitOfMeasurePrice>3.07</UnitOfMeasurePrice>
      <AllowDiscount>1</AllowDiscount>
      <itemStatus>1</itemStatus>
      <LastUpdateDate />
      <LastUpdateTime />
    </Product>
    <Product>
      <PriceUpdateDate>2018/04/26 11:24</PriceUpdateDate>
      <ItemCode>3600523652297</ItemCode>
      <ItemType>1</ItemType>
      <ItemName>אלביב מרכך 6 שמנים 550מ"ל</ItemName>
      <ManufactureName>לוריאל ישראל קוסמטיקס בעמ</ManufactureName>
      <ManufactureCountry />
      <ManufactureItemDescription />
      <UnitQty>י"ח</UnitQty>
      <Quantity>550</Quantity>
      <UnitMeasure>ל  מ"ל</UnitMeasure>
      <BisWeighted>0</BisWeighted>
      <QtyInPackage>1</QtyInPackage>
      <ItemPrice>16.90</ItemPrice>
      <UnitOfMeasurePrice>3.07</UnitOfMeasurePrice>
      <AllowDiscount>1</AllowDiscount>
      <itemStatus>1</itemStatus>
      <LastUpdateDate />
      <LastUpdateTime />
    </Product>
    <Product>
      <PriceUpdateDate>2018/04/26 11:24</PriceUpdateDate>
      <ItemCode>3600523653621</ItemCode>
      <ItemType>1</ItemType>
      <ItemName>אלביב מרכך ק. מפוצלים  550מ"ל</ItemName>
      <ManufactureName>לוריאל ישראל קוסמטיקס בעמ</ManufactureName>
      <ManufactureCountry />
      <ManufactureItemDescription />
      <UnitQty>י"ח</UnitQty>
      <Quantity>550</Quantity>
      <UnitMeasure>ל  מ"ל</UnitMeasure>
      <BisWeighted>0</BisWeighted>
      <QtyInPackage>1</QtyInPackage>
      <ItemPrice>16.90</ItemPrice>
      <UnitOfMeasurePrice>3.07</UnitOfMeasurePrice>
      <AllowDiscount>1</AllowDiscount>
      <itemStatus>1</itemStatus>
      <LastUpdateDate />
      <LastUpdateTime />
    </Product>
    <Product>
      <PriceUpdateDate>2018/04/26 11:24</PriceUpdateDate>
      <ItemCode>3600523653638</ItemCode>
      <ItemType>1</ItemType>
      <ItemName>אלביב מרכך חימר  550מ"ל</ItemName>
      <ManufactureName>לוריאל ישראל קוסמטיקס בעמ</ManufactureName>
      <ManufactureCountry />
      <ManufactureItemDescription />
      <UnitQty>י"ח</UnitQty>
      <Quantity>550</Quantity>
      <UnitMeasure>ל  מ"ל</UnitMeasure>
      <BisWeighted>0</BisWeighted>
      <QtyInPackage>1</QtyInPackage>
      <ItemPrice>16.90</ItemPrice>
      <UnitOfMeasurePrice>3.07</UnitOfMeasurePrice>
      <AllowDiscount>1</AllowDiscount>
      <itemStatus>1</itemStatus>
      <LastUpdateDate />
      <LastUpdateTime />
    </Product>
    <Product>
      <PriceUpdateDate>2018/04/26 11:24</PriceUpdateDate>
      <ItemCode>3600523653645</ItemCode>
      <ItemType>1</ItemType>
      <ItemName>אלביב מרכך אינטנס  550מ"ל</ItemName>
      <ManufactureName>לוריאל ישראל קוסמטיקס בעמ</ManufactureName>
      <ManufactureCountry />
      <ManufactureItemDescription />
      <UnitQty>י"ח</UnitQty>
      <Quantity>550</Quantity>
      <UnitMeasure>ל  מ"ל</UnitMeasure>
      <BisWeighted>0</BisWeighted>
      <QtyInPackage>1</QtyInPackage>
      <ItemPrice>16.90</ItemPrice>
      <UnitOfMeasurePrice>3.07</UnitOfMeasurePrice>
      <AllowDiscount>1</AllowDiscount>
      <itemStatus>1</itemStatus>
      <LastUpdateDate />
      <LastUpdateTime />
    </Product>
    <Product>
      <PriceUpdateDate>2019/11/28 08:18</PriceUpdateDate>
      <ItemCode>3600523755806</ItemCode>
      <ItemType>1</ItemType>
      <ItemName>אלביב שמפו קוקוס  550מ"ל</ItemName>
      <ManufactureName>לוריאל ישראל קוסמטיקס בעמ</ManufactureName>
      <ManufactureCountry />
      <ManufactureItemDescription />
      <UnitQty>י"ח</UnitQty>
      <Quantity>550</Quantity>
      <UnitMeasure>ל  מ"ל</UnitMeasure>
      <BisWeighted>0</BisWeighted>
      <QtyInPackage>1</QtyInPackage>
      <ItemPrice>16.90</ItemPrice>
      <UnitOfMeasurePrice>3.07</UnitOfMeasurePrice>
      <AllowDiscount>1</AllowDiscount>
      <itemStatus>1</itemStatus>
      <LastUpdateDate />
      <LastUpdateTime />
    </Product>
    <Product>
      <PriceUpdateDate>2019/11/28 08:18</PriceUpdateDate>
      <ItemCode>3600523756322</ItemCode>
      <ItemType>1</ItemType>
      <ItemName>אלביב מרכך קוקוס  550מ"ל</ItemName>
      <ManufactureName>לוריאל ישראל קוסמטיקס בעמ</ManufactureName>
      <ManufactureCountry />
      <ManufactureItemDescription />
      <UnitQty>י"ח</UnitQty>
      <Quantity>550</Quantity>
      <UnitMeasure>ל  מ"ל</UnitMeasure>
      <BisWeighted>0</BisWeighted>
      <QtyInPackage>1</QtyInPackage>
      <ItemPrice>16.90</ItemPrice>
      <UnitOfMeasurePrice>3.07</UnitOfMeasurePrice>
      <AllowDiscount>1</AllowDiscount>
      <itemStatus>1</itemStatus>
      <LastUpdateDate />
      <LastUpdateTime />
    </Product>
    <Product>
      <PriceUpdateDate>2019/05/22 09:48</PriceUpdateDate>
      <ItemCode>3600523782567</ItemCode>
      <ItemType>1</ItemType>
      <ItemName>אלביב שמפו דרים לונג 500</ItemName>
      <ManufactureName>לוריאל ישראל קוסמטיקס בעמ</ManufactureName>
      <ManufactureCountry />
      <ManufactureItemDescription />
      <UnitQty>י"ח</UnitQty>
      <Quantity>500</Quantity>
      <UnitMeasure>ל  מ"ל</UnitMeasure>
      <BisWeighted>0</BisWeighted>
      <QtyInPackage>1</QtyInPackage>
      <ItemPrice>17.90</ItemPrice>
      <UnitOfMeasurePrice>3.58</UnitOfMeasurePrice>
      <AllowDiscount>1</AllowDiscount>
      <itemStatus>1</itemStatus>
      <LastUpdateDate />
      <LastUpdateTime />
    </Product>
    <Product>
      <PriceUpdateDate>2019/06/11 08:56</PriceUpdateDate>
      <ItemCode>3600523782581</ItemCode>
      <ItemType>1</ItemType>
      <ItemName>אלביב מרכך דרים לונג 500</ItemName>
      <ManufactureName>לוריאל ישראל קוסמטיקס בעמ</ManufactureName>
      <ManufactureCountry />
      <ManufactureItemDescription />
      <UnitQty>י"ח</UnitQty>
      <Quantity>500</Quantity>
      <UnitMeasure>ל  מ"ל</UnitMeasure>
      <BisWeighted>0</BisWeighted>
      <QtyInPackage>1</QtyInPackage>
      <ItemPrice>17.90</ItemPrice>
      <UnitOfMeasurePrice>3.58</UnitOfMeasurePrice>
      <AllowDiscount>1</AllowDiscount>
      <itemStatus>1</itemStatus>
      <LastUpdateDate />
      <LastUpdateTime />
    </Product>
    <Product>
      <PriceUpdateDate>2018/02/04 09:40</PriceUpdateDate>
      <ItemCode>3600540592804</ItemCode>
      <ItemType>1</ItemType>
      <ItemName>ג`ל ניקוי גרניה ענבים</ItemName>
      <ManufactureName>לוריאל ישראל קוסמטיקס בעמ</ManufactureName>
      <ManufactureCountry />
      <ManufactureItemDescription />
      <UnitQty>י"ח</UnitQty>
      <Quantity>200</Quantity>
      <UnitMeasure>ל  מ"ל</UnitMeasure>
      <BisWeighted>0</BisWeighted>
      <QtyInPackage>1</QtyInPackage>
      <ItemPrice>24.90</ItemPrice>
      <UnitOfMeasurePrice>12.45</UnitOfMeasurePrice>
      <AllowDiscount>1</AllowDiscount>
      <itemStatus>1</itemStatus>
      <LastUpdateDate />
      <LastUpdateTime />
    </Product>
    <Product>
      <PriceUpdateDate>2016/06/16 13:43</PriceUpdateDate>
      <ItemCode>3600540794864</ItemCode>
      <ItemType>1</ItemType>
      <ItemName>גרנייה מינרל דאו ספריי טורקיז 150מ"ל</ItemName>
      <ManufactureName>לוריאל ישראל קוסמטיקס בעמ</ManufactureName>
      <ManufactureCountry />
      <ManufactureItemDescription />
      <UnitQty>י"ח</UnitQty>
      <Quantity>150</Quantity>
      <UnitMeasure>ל  מ"ל</UnitMeasure>
      <BisWeighted>0</BisWeighted>
      <QtyInPackage>1</QtyInPackage>
      <ItemPrice>16.90</ItemPrice>
      <UnitOfMeasurePrice>11.27</UnitOfMeasurePrice>
      <AllowDiscount>1</AllowDiscount>
      <itemStatus>1</itemStatus>
      <LastUpdateDate />
      <LastUpdateTime />
    </Product>
    <Product>
      <PriceUpdateDate>2016/06/16 13:43</PriceUpdateDate>
      <ItemCode>3600540794871</ItemCode>
      <ItemType>1</ItemType>
      <ItemName>גרנייה מינרל דאו ספריי סגול 150מ"ל</ItemName>
      <ManufactureName>לוריאל ישראל קוסמטיקס בעמ</ManufactureName>
      <ManufactureCountry />
      <ManufactureItemDescription />
      <UnitQty>י"ח</UnitQty>
      <Quantity>150</Quantity>
      <UnitMeasure>ל  מ"ל</UnitMeasure>
      <BisWeighted>0</BisWeighted>
      <QtyInPackage>1</QtyInPackage>
      <ItemPrice>16.90</ItemPrice>
      <UnitOfMeasurePrice>11.27</UnitOfMeasurePrice>
      <AllowDiscount>1</AllowDiscount>
      <itemStatus>1</itemStatus>
      <LastUpdateDate />
      <LastUpdateTime />
    </Product>
    <Product>
      <PriceUpdateDate>2016/06/16 13:43</PriceUpdateDate>
      <ItemCode>3600540928863</ItemCode>
      <ItemType>1</ItemType>
      <ItemName>גרנייה מינרל דאו רול טורקיז</ItemName>
      <ManufactureName>לוריאל ישראל קוסמטיקס בעמ</ManufactureName>
      <ManufactureCountry />
      <ManufactureItemDescription />
      <UnitQty>י"ח</UnitQty>
      <Quantity>50</Quantity>
      <UnitMeasure>ל  מ"ל</UnitMeasure>
      <BisWeighted>0</BisWeighted>
      <QtyInPackage>1</QtyInPackage>
      <ItemPrice>16.90</ItemPrice>
      <UnitOfMeasurePrice>33.80</UnitOfMeasurePrice>
      <AllowDiscount>1</AllowDiscount>
      <itemStatus>1</itemStatus>
      <LastUpdateDate />
      <LastUpdateTime />
    </Product>
    <Product>
      <PriceUpdateDate>2016/06/16 13:43</PriceUpdateDate>
      <ItemCode>3600540928870</ItemCode>
      <ItemType>1</ItemType>
      <ItemName>גרנייה מינרל דאו רול סגול</ItemName>
      <ManufactureName>לוריאל ישראל קוסמטיקס בעמ</ManufactureName>
      <ManufactureCountry />
      <ManufactureItemDescription />
      <UnitQty>י"ח</UnitQty>
      <Quantity>50</Quantity>
      <UnitMeasure>ל  מ"ל</UnitMeasure>
      <BisWeighted>0</BisWeighted>
      <QtyInPackage>1</QtyInPackage>
      <ItemPrice>16.90</ItemPrice>
      <UnitOfMeasurePrice>33.80</UnitOfMeasurePrice>
      <AllowDiscount>1</AllowDiscount>
      <itemStatus>1</itemStatus>
      <LastUpdateDate />
      <LastUpdateTime />
    </Product>
    <Product>
      <PriceUpdateDate>2017/12/17 10:31</PriceUpdateDate>
      <ItemCode>3600541029323</ItemCode>
      <ItemType>1</ItemType>
      <ItemName>מסיר איפור עמיד במים</ItemName>
      <ManufactureName>לוריאל ישראל קוסמטיקס בעמ</ManufactureName>
      <ManufactureCountry />
      <ManufactureItemDescription />
      <UnitQty>י"ח</UnitQty>
      <Quantity>1</Quantity>
      <UnitMeasure />
      <BisWeighted>0</BisWeighted>
      <QtyInPackage>1</QtyInPackage>
      <ItemPrice>27.90</ItemPrice>
      <UnitOfMeasurePrice>27.90</UnitOfMeasurePrice>
      <AllowDiscount>1</AllowDiscount>
      <itemStatus>1</itemStatus>
      <LastUpdateDate />
      <LastUpdateTime />
    </Product>
    <Product>
      <PriceUpdateDate>2016/06/16 13:43</PriceUpdateDate>
      <ItemCode>3600541032798</ItemCode>
      <ItemType>1</ItemType>
      <ItemName>גרנייה אינביזי דאו רול און קול 50מ"ל</ItemName>
      <ManufactureName>לוריאל ישראל קוסמטיקס בעמ</ManufactureName>
      <ManufactureCountry />
      <ManufactureItemDescription />
      <UnitQty>י"ח</UnitQty>
      <Quantity>50</Quantity>
      <UnitMeasure>ל  מ"ל</UnitMeasure>
      <BisWeighted>0</BisWeighted>
      <QtyInPackage>1</QtyInPackage>
      <ItemPrice>16.90</ItemPrice>
      <UnitOfMeasurePrice>33.80</UnitOfMeasurePrice>
      <AllowDiscount>1</AllowDiscount>
      <itemStatus>1</itemStatus>
      <LastUpdateDate />
      <LastUpdateTime />
    </Product>
    <Product>
      <PriceUpdateDate>2019/08/08 09:23</PriceUpdateDate>
      <ItemCode>3600541032804</ItemCode>
      <ItemType>1</ItemType>
      <ItemName>גרנייה רול קלאם</ItemName>
      <ManufactureName>לוריאל ישראל קוסמטיקס בעמ</ManufactureName>
      <ManufactureCountry />
      <ManufactureItemDescription />
      <UnitQty>י"ח</UnitQty>
      <Quantity>50</Quantity>
      <UnitMeasure>ל  מ"ל</UnitMeasure>
      <BisWeighted>0</BisWeighted>
      <QtyInPackage>1</QtyInPackage>
      <ItemPrice>16.90</ItemPrice>
      <UnitOfMeasurePrice>33.80</UnitOfMeasurePrice>
      <AllowDiscount>1</AllowDiscount>
      <itemStatus>1</itemStatus>
      <LastUpdateDate />
      <LastUpdateTime />
    </Product>
    <Product>
      <PriceUpdateDate>2019/08/08 09:23</PriceUpdateDate>
      <ItemCode>3600541032811</ItemCode>
      <ItemType>1</ItemType>
      <ItemName>גרנייה אינביזי רול און קונטרול 50מ"ל</ItemName>
      <ManufactureName>לוריאל ישראל קוסמטיקס בעמ</ManufactureName>
      <ManufactureCountry />
      <ManufactureItemDescription />
      <UnitQty>י"ח</UnitQty>
      <Quantity>50</Quantity>
      <UnitMeasure>ל  מ"ל</UnitMeasure>
      <BisWeighted>0</BisWeighted>
      <QtyInPackage>1</QtyInPackage>
      <ItemPrice>16.90</ItemPrice>
      <UnitOfMeasurePrice>33.80</UnitOfMeasurePrice>
      <AllowDiscount>1</AllowDiscount>
      <itemStatus>1</itemStatus>
      <LastUpdateDate />
      <LastUpdateTime />
    </Product>
    <Product>
      <PriceUpdateDate>2016/06/16 13:43</PriceUpdateDate>
      <ItemCode>3600541033399</ItemCode>
      <ItemType>1</ItemType>
      <ItemName>גרנייה אינביזי דאו ספריי קול 150מ"ל</ItemName>
      <ManufactureName>לוריאל ישראל קוסמטיקס בעמ</ManufactureName>
      <ManufactureCountry />
      <ManufactureItemDescription />
      <UnitQty>י"ח</UnitQty>
      <Quantity>150</Quantity>
      <UnitMeasure>ל  מ"ל</UnitMeasure>
      <BisWeighted>0</BisWeighted>
      <QtyInPackage>1</QtyInPackage>
      <ItemPrice>16.90</ItemPrice>
      <UnitOfMeasurePrice>11.27</UnitOfMeasurePrice>
      <AllowDiscount>1</AllowDiscount>
      <itemStatus>1</itemStatus>
      <LastUpdateDate />
      <LastUpdateTime />
    </Product>
    <Product>
      <PriceUpdateDate>2016/06/16 13:43</PriceUpdateDate>
      <ItemCode>3600541033405</ItemCode>
      <ItemType>1</ItemType>
      <ItemName>גרנייה אינביזי דאו ספריי קלם 150מ"ל</ItemName>
      <ManufactureName>לוריאל ישראל קוסמטיקס בעמ</ManufactureName>
      <ManufactureCountry />
      <ManufactureItemDescription />
      <UnitQty>י"ח</UnitQty>
      <Quantity>150</Quantity>
      <UnitMeasure>ל  מ"ל</UnitMeasure>
      <BisWeighted>0</BisWeighted>
      <QtyInPackage>1</QtyInPackage>
      <ItemPrice>16.90</ItemPrice>
      <UnitOfMeasurePrice>11.27</UnitOfMeasurePrice>
      <AllowDiscount>1</AllowDiscount>
      <itemStatus>1</itemStatus>
      <LastUpdateDate />
      <LastUpdateTime />
    </Product>
    <Product>
      <PriceUpdateDate>2016/06/16 13:43</PriceUpdateDate>
      <ItemCode>3600541033412</ItemCode>
      <ItemType>1</ItemType>
      <ItemName>גרנייה אינביזי דאו ספריי מקס 150מ"ל</ItemName>
      <ManufactureName>לוריאל ישראל קוסמטיקס בעמ</ManufactureName>
      <ManufactureCountry />
      <ManufactureItemDescription />
      <UnitQty>י"ח</UnitQty>
      <Quantity>150</Quantity>
      <UnitMeasure>ל  מ"ל</UnitMeasure>
      <BisWeighted>0</BisWeighted>
      <QtyInPackage>1</QtyInPackage>
      <ItemPrice>16.90</ItemPrice>
      <UnitOfMeasurePrice>11.27</UnitOfMeasurePrice>
      <AllowDiscount>1</AllowDiscount>
      <itemStatus>1</itemStatus>
      <LastUpdateDate />
      <LastUpdateTime />
    </Product>
    <Product>
      <PriceUpdateDate>2016/05/11 11:18</PriceUpdateDate>
      <ItemCode>3600541205840</ItemCode>
      <ItemType>1</ItemType>
      <ItemName>פיור פירות ג`ל גרגרים</ItemName>
      <ManufactureName>לוריאל ישראל קוסמטיקס בעמ</ManufactureName>
      <ManufactureCountry />
      <ManufactureItemDescription />
      <UnitQty>י"ח</UnitQty>
      <Quantity>1</Quantity>
      <UnitMeasure />
      <BisWeighted>0</BisWeighted>
      <QtyInPackage>1</QtyInPackage>
      <ItemPrice>29.90</ItemPrice>
      <UnitOfMeasurePrice>29.90</UnitOfMeasurePrice>
      <AllowDiscount>1</AllowDiscount>
      <itemStatus>1</itemStatus>
      <LastUpdateDate />
      <LastUpdateTime />
    </Product>
    <Product>
      <PriceUpdateDate>2016/06/16 13:43</PriceUpdateDate>
      <ItemCode>3600541253667</ItemCode>
      <ItemType>1</ItemType>
      <ItemName>גרנייה דאודורנט כל הסוגים</ItemName>
      <ManufactureName>לוריאל ישראל קוסמטיקס בעמ</ManufactureName>
      <ManufactureCountry />
      <ManufactureItemDescription />
      <UnitQty>י"ח</UnitQty>
      <Quantity>150</Quantity>
      <UnitMeasure>ל  מ"ל</UnitMeasure>
      <BisWeighted>0</BisWeighted>
      <QtyInPackage>1</QtyInPackage>
      <ItemPrice>16.90</ItemPrice>
      <UnitOfMeasurePrice>11.27</UnitOfMeasurePrice>
      <AllowDiscount>1</AllowDiscount>
      <itemStatus>1</itemStatus>
      <LastUpdateDate />
      <LastUpdateTime />
    </Product>
    <Product>
      <PriceUpdateDate>2016/08/19 07:56</PriceUpdateDate>
      <ItemCode>3600541263055</ItemCode>
      <ItemType>1</ItemType>
      <ItemName>גרניה פיור 2ב1ש גל ניקוי+מסיר איפור</ItemName>
      <ManufactureName>לוריאל ישראל קוסמטיקס בעמ</ManufactureName>
      <ManufactureCountry />
      <ManufactureItemDescription />
      <UnitQty>י"ח</UnitQty>
      <Quantity>150</Quantity>
      <UnitMeasure>ל  מ"ל</UnitMeasure>
      <BisWeighted>0</BisWeighted>
      <QtyInPackage>1</QtyInPackage>
      <ItemPrice>29.90</ItemPrice>
      <UnitOfMeasurePrice>19.93</UnitOfMeasurePrice>
      <AllowDiscount>1</AllowDiscount>
      <itemStatus>1</itemStatus>
      <LastUpdateDate />
      <LastUpdateTime />
    </Product>
    <Product>
      <PriceUpdateDate>2016/06/20 11:19</PriceUpdateDate>
      <ItemCode>3600541265806</ItemCode>
      <ItemType>1</ItemType>
      <ItemName>גרניה פיור פחם ג`ל גרגרים</ItemName>
      <ManufactureName>לוריאל ישראל קוסמטיקס בעמ</ManufactureName>
      <ManufactureCountry />
      <ManufactureItemDescription />
      <UnitQty>י"ח</UnitQty>
      <Quantity>150</Quantity>
      <UnitMeasure>ל  מ"ל</UnitMeasure>
      <BisWeighted>0</BisWeighted>
      <QtyInPackage>1</QtyInPackage>
      <ItemPrice>29.90</ItemPrice>
      <UnitOfMeasurePrice>19.93</UnitOfMeasurePrice>
      <AllowDiscount>1</AllowDiscount>
      <itemStatus>1</itemStatus>
      <LastUpdateDate />
      <LastUpdateTime />
    </Product>
    <Product>
      <PriceUpdateDate>2016/06/20 11:19</PriceUpdateDate>
      <ItemCode>3600541295308</ItemCode>
      <ItemType>1</ItemType>
      <ItemName>גרניה פיור פחם ג`ל ניקוי גרגרים</ItemName>
      <ManufactureName>לוריאל ישראל קוסמטיקס בעמ</ManufactureName>
      <ManufactureCountry />
      <ManufactureItemDescription />
      <UnitQty>י"ח</UnitQty>
      <Quantity>150</Quantity>
      <UnitMeasure>ל  מ"ל</UnitMeasure>
      <BisWeighted>0</BisWeighted>
      <QtyInPackage>1</QtyInPackage>
      <ItemPrice>29.90</ItemPrice>
      <UnitOfMeasurePrice>19.93</UnitOfMeasurePrice>
      <AllowDiscount>1</AllowDiscount>
      <itemStatus>1</itemStatus>
      <LastUpdateDate />
      <LastUpdateTime />
    </Product>
    <Product>
      <PriceUpdateDate>2016/06/20 11:19</PriceUpdateDate>
      <ItemCode>3600541382930</ItemCode>
      <ItemType>1</ItemType>
      <ItemName>גרנייה מי מיסלר הכל ב1</ItemName>
      <ManufactureName>לוריאל ישראל קוסמטיקס בעמ</ManufactureName>
      <ManufactureCountry />
      <ManufactureItemDescription />
      <UnitQty>י"ח</UnitQty>
      <Quantity>1</Quantity>
      <UnitMeasure />
      <BisWeighted>0</BisWeighted>
      <QtyInPackage>1</QtyInPackage>
      <ItemPrice>29.90</ItemPrice>
      <UnitOfMeasurePrice>29.90</UnitOfMeasurePrice>
      <AllowDiscount>1</AllowDiscount>
      <itemStatus>1</itemStatus>
      <LastUpdateDate />
      <LastUpdateTime />
    </Product>
    <Product>
      <PriceUpdateDate>2016/06/16 13:43</PriceUpdateDate>
      <ItemCode>3600541402270</ItemCode>
      <ItemType>1</ItemType>
      <ItemName>גרנייה אינביזי דאו ספריי 50מ"ל</ItemName>
      <ManufactureName>לוריאל ישראל קוסמטיקס בעמ</ManufactureName>
      <ManufactureCountry />
      <ManufactureItemDescription />
      <UnitQty>י"ח</UnitQty>
      <Quantity>50</Quantity>
      <UnitMeasure>ל  מ"ל</UnitMeasure>
      <BisWeighted>0</BisWeighted>
      <QtyInPackage>1</QtyInPackage>
      <ItemPrice>16.90</ItemPrice>
      <UnitOfMeasurePrice>33.80</UnitOfMeasurePrice>
      <AllowDiscount>1</AllowDiscount>
      <itemStatus>1</itemStatus>
      <LastUpdateDate />
      <LastUpdateTime />
    </Product>
    <Product>
      <PriceUpdateDate>2016/06/16 13:43</PriceUpdateDate>
      <ItemCode>3600541414051</ItemCode>
      <ItemType>1</ItemType>
      <ItemName>גרנייה אינביזי דאו רול און 50מ"ל</ItemName>
      <ManufactureName>לוריאל ישראל קוסמטיקס בעמ</ManufactureName>
      <ManufactureCountry />
      <ManufactureItemDescription />
      <UnitQty>י"ח</UnitQty>
      <Quantity>50</Quantity>
      <UnitMeasure>ל  מ"ל</UnitMeasure>
      <BisWeighted>0</BisWeighted>
      <QtyInPackage>1</QtyInPackage>
      <ItemPrice>16.90</ItemPrice>
      <UnitOfMeasurePrice>33.80</UnitOfMeasurePrice>
      <AllowDiscount>1</AllowDiscount>
      <itemStatus>1</itemStatus>
      <LastUpdateDate />
      <LastUpdateTime />
    </Product>
    <Product>
      <PriceUpdateDate>2016/07/11 12:02</PriceUpdateDate>
      <ItemCode>3600541448179</ItemCode>
      <ItemType>1</ItemType>
      <ItemName>דאו גרניה</ItemName>
      <ManufactureName>לוריאל ישראל קוסמטיקס בעמ</ManufactureName>
      <ManufactureCountry />
      <ManufactureItemDescription />
      <UnitQty>י"ח</UnitQty>
      <Quantity>1</Quantity>
      <UnitMeasure />
      <BisWeighted>0</BisWeighted>
      <QtyInPackage>1</QtyInPackage>
      <ItemPrice>16.90</ItemPrice>
      <UnitOfMeasurePrice>16.90</UnitOfMeasurePrice>
      <AllowDiscount>1</AllowDiscount>
      <itemStatus>1</itemStatus>
      <LastUpdateDate />
      <LastUpdateTime />
    </Product>
    <Product>
      <PriceUpdateDate>2017/02/23 08:03</PriceUpdateDate>
      <ItemCode>3600541448438</ItemCode>
      <ItemType>1</ItemType>
      <ItemName>300גרנייה דאו רול קול</ItemName>
      <ManufactureName>לוריאל ישראל קוסמטיקס בעמ</ManufactureName>
      <ManufactureCountry />
      <ManufactureItemDescription />
      <UnitQty>י"ח</UnitQty>
      <Quantity>1</Quantity>
      <UnitMeasure />
      <BisWeighted>0</BisWeighted>
      <QtyInPackage>1</QtyInPackage>
      <ItemPrice>16.90</ItemPrice>
      <UnitOfMeasurePrice>16.90</UnitOfMeasurePrice>
      <AllowDiscount>1</AllowDiscount>
      <itemStatus>1</itemStatus>
      <LastUpdateDate />
      <LastUpdateTime />
    </Product>
    <Product>
      <PriceUpdateDate>2016/06/16 13:43</PriceUpdateDate>
      <ItemCode>3600541448476</ItemCode>
      <ItemType>1</ItemType>
      <ItemName>גרנייה דאו רול קונטרול</ItemName>
      <ManufactureName>לוריאל ישראל קוסמטיקס בעמ</ManufactureName>
      <ManufactureCountry />
      <ManufactureItemDescription />
      <UnitQty>י"ח</UnitQty>
      <Quantity>1</Quantity>
      <UnitMeasure />
      <BisWeighted>0</BisWeighted>
      <QtyInPackage>1</QtyInPackage>
      <ItemPrice>16.90</ItemPrice>
      <UnitOfMeasurePrice>16.90</UnitOfMeasurePrice>
      <AllowDiscount>1</AllowDiscount>
      <itemStatus>1</itemStatus>
      <LastUpdateDate />
      <LastUpdateTime />
    </Product>
    <Product>
      <PriceUpdateDate>2016/06/16 13:43</PriceUpdateDate>
      <ItemCode>3600541466197</ItemCode>
      <ItemType>1</ItemType>
      <ItemName>גרנייה דאו ספריי פריחה רעננה</ItemName>
      <ManufactureName>לוריאל ישראל קוסמטיקס בעמ</ManufactureName>
      <ManufactureCountry />
      <ManufactureItemDescription />
      <UnitQty>י"ח</UnitQty>
      <Quantity>1</Quantity>
      <UnitMeasure />
      <BisWeighted>0</BisWeighted>
      <QtyInPackage>1</QtyInPackage>
      <ItemPrice>16.90</ItemPrice>
      <UnitOfMeasurePrice>16.90</UnitOfMeasurePrice>
      <AllowDiscount>1</AllowDiscount>
      <itemStatus>1</itemStatus>
      <LastUpdateDate />
      <LastUpdateTime />
    </Product>
    <Product>
      <PriceUpdateDate>2016/06/16 13:43</PriceUpdateDate>
      <ItemCode>3600541466265</ItemCode>
      <ItemType>1</ItemType>
      <ItemName>גרנייה דאו ספריי כותנה עדין</ItemName>
      <ManufactureName>לוריאל ישראל קוסמטיקס בעמ</ManufactureName>
      <ManufactureCountry />
      <ManufactureItemDescription />
      <UnitQty>י"ח</UnitQty>
      <Quantity>1</Quantity>
      <UnitMeasure />
      <BisWeighted>0</BisWeighted>
      <QtyInPackage>1</QtyInPackage>
      <ItemPrice>16.90</ItemPrice>
      <UnitOfMeasurePrice>16.90</UnitOfMeasurePrice>
      <AllowDiscount>1</AllowDiscount>
      <itemStatus>1</itemStatus>
      <LastUpdateDate />
      <LastUpdateTime />
    </Product>
    <Product>
      <PriceUpdateDate>2018/04/26 11:24</PriceUpdateDate>
      <ItemCode>3600541472044</ItemCode>
      <ItemType>1</ItemType>
      <ItemName>דאו רול פרוטקשן 6 כותנה</ItemName>
      <ManufactureName>לוריאל ישראל קוסמטיקס בעמ</ManufactureName>
      <ManufactureCountry />
      <ManufactureItemDescription />
      <UnitQty>י"ח</UnitQty>
      <Quantity>1</Quantity>
      <UnitMeasure />
      <BisWeighted>0</BisWeighted>
      <QtyInPackage>1</QtyInPackage>
      <ItemPrice>16.90</ItemPrice>
      <UnitOfMeasurePrice>16.90</UnitOfMeasurePrice>
      <AllowDiscount>1</AllowDiscount>
      <itemStatus>1</itemStatus>
      <LastUpdateDate />
      <LastUpdateTime />
    </Product>
    <Product>
      <PriceUpdateDate>2016/06/16 13:43</PriceUpdateDate>
      <ItemCode>3600541474406</ItemCode>
      <ItemType>1</ItemType>
      <ItemName>גרנייה רול און פריחה רעננה</ItemName>
      <ManufactureName>לוריאל ישראל קוסמטיקס בעמ</ManufactureName>
      <ManufactureCountry />
      <ManufactureItemDescription />
      <UnitQty>י"ח</UnitQty>
      <Quantity>1</Quantity>
      <UnitMeasure />
      <BisWeighted>0</BisWeighted>
      <QtyInPackage>1</QtyInPackage>
      <ItemPrice>16.90</ItemPrice>
      <UnitOfMeasurePrice>16.90</UnitOfMeasurePrice>
      <AllowDiscount>1</AllowDiscount>
      <itemStatus>1</itemStatus>
      <LastUpdateDate />
      <LastUpdateTime />
    </Product>
    <Product>
      <PriceUpdateDate>2016/06/16 13:43</PriceUpdateDate>
      <ItemCode>3600541474499</ItemCode>
      <ItemType>1</ItemType>
      <ItemName>גרנייה רול און כותנה עדין</ItemName>
      <ManufactureName>לוריאל ישראל קוסמטיקס בעמ</ManufactureName>
      <ManufactureCountry />
      <ManufactureItemDescription />
      <UnitQty>י"ח</UnitQty>
      <Quantity>1</Quantity>
      <UnitMeasure />
      <BisWeighted>0</BisWeighted>
      <QtyInPackage>1</QtyInPackage>
      <ItemPrice>16.90</ItemPrice>
      <UnitOfMeasurePrice>16.90</UnitOfMeasurePrice>
      <AllowDiscount>1</AllowDiscount>
      <itemStatus>1</itemStatus>
      <LastUpdateDate />
      <LastUpdateTime />
    </Product>
    <Product>
      <PriceUpdateDate>2018/04/26 11:24</PriceUpdateDate>
      <ItemCode>3600541518032</ItemCode>
      <ItemType>1</ItemType>
      <ItemName>דאו רול פרוטקשן 6 פלורל</ItemName>
      <ManufactureName>לוריאל ישראל קוסמטיקס בעמ</ManufactureName>
      <ManufactureCountry />
      <ManufactureItemDescription />
      <UnitQty>י"ח</UnitQty>
      <Quantity>1</Quantity>
      <UnitMeasure />
      <BisWeighted>0</BisWeighted>
      <QtyInPackage>1</QtyInPackage>
      <ItemPrice>16.90</ItemPrice>
      <UnitOfMeasurePrice>16.90</UnitOfMeasurePrice>
      <AllowDiscount>1</AllowDiscount>
      <itemStatus>1</itemStatus>
      <LastUpdateDate />
      <LastUpdateTime />
    </Product>
    <Product>
      <PriceUpdateDate>2016/06/20 11:19</PriceUpdateDate>
      <ItemCode>3600541594869</ItemCode>
      <ItemType>1</ItemType>
      <ItemName>גרנייה פיור</ItemName>
      <ManufactureName>לוריאל ישראל קוסמטיקס בעמ</ManufactureName>
      <ManufactureCountry />
      <ManufactureItemDescription />
      <UnitQty>י"ח</UnitQty>
      <Quantity>1</Quantity>
      <UnitMeasure />
      <BisWeighted>0</BisWeighted>
      <QtyInPackage>1</QtyInPackage>
      <ItemPrice>29.90</ItemPrice>
      <UnitOfMeasurePrice>29.90</UnitOfMeasurePrice>
      <AllowDiscount>1</AllowDiscount>
      <itemStatus>1</itemStatus>
      <LastUpdateDate />
      <LastUpdateTime />
    </Product>
    <Product>
      <PriceUpdateDate>2016/06/21 11:11</PriceUpdateDate>
      <ItemCode>3600541740006</ItemCode>
      <ItemType>1</ItemType>
      <ItemName>גרנייה מינרל דאו ספריי אקשן 150מ"ל</ItemName>
      <ManufactureName>לוריאל ישראל קוסמטיקס בעמ</ManufactureName>
      <ManufactureCountry />
      <ManufactureItemDescription />
      <UnitQty>י"ח</UnitQty>
      <Quantity>150</Quantity>
      <UnitMeasure>ל  מ"ל</UnitMeasure>
      <BisWeighted>0</BisWeighted>
      <QtyInPackage>1</QtyInPackage>
      <ItemPrice>16.90</ItemPrice>
      <UnitOfMeasurePrice>11.27</UnitOfMeasurePrice>
      <AllowDiscount>1</AllowDiscount>
      <itemStatus>1</itemStatus>
      <LastUpdateDate />
      <LastUpdateTime />
    </Product>
    <Product>
      <PriceUpdateDate>2016/06/21 11:11</PriceUpdateDate>
      <ItemCode>3600541740051</ItemCode>
      <ItemType>1</ItemType>
      <ItemName>דאו גרניה אקשן קונטרול טרמיק</ItemName>
      <ManufactureName>לוריאל ישראל קוסמטיקס בעמ</ManufactureName>
      <ManufactureCountry />
      <ManufactureItemDescription />
      <UnitQty>י"ח</UnitQty>
      <Quantity>1</Quantity>
      <UnitMeasure />
      <BisWeighted>0</BisWeighted>
      <QtyInPackage>1</QtyInPackage>
      <ItemPrice>16.90</ItemPrice>
      <UnitOfMeasurePrice>16.90</UnitOfMeasurePrice>
      <AllowDiscount>1</AllowDiscount>
      <itemStatus>1</itemStatus>
      <LastUpdateDate />
      <LastUpdateTime />
    </Product>
    <Product>
      <PriceUpdateDate>2018/11/14 09:23</PriceUpdateDate>
      <ItemCode>3600541895508</ItemCode>
      <ItemType>1</ItemType>
      <ItemName>גרנייה פיוראקטיב 3ב1 פחם 150מ"ל</ItemName>
      <ManufactureName>לוריאל ישראל קוסמטיקס בעמ</ManufactureName>
      <ManufactureCountry />
      <ManufactureItemDescription />
      <UnitQty>י"ח</UnitQty>
      <Quantity>150</Quantity>
      <UnitMeasure>ל  מ"ל</UnitMeasure>
      <BisWeighted>0</BisWeighted>
      <QtyInPackage>1</QtyInPackage>
      <ItemPrice>29.90</ItemPrice>
      <UnitOfMeasurePrice>19.93</UnitOfMeasurePrice>
      <AllowDiscount>1</AllowDiscount>
      <itemStatus>1</itemStatus>
      <LastUpdateDate />
      <LastUpdateTime />
    </Product>
    <Product>
      <PriceUpdateDate>2017/12/17 10:31</PriceUpdateDate>
      <ItemCode>3600541937475</ItemCode>
      <ItemType>1</ItemType>
      <ItemName>גרנייה פיור ניקוי 3ב1</ItemName>
      <ManufactureName>לוריאל ישראל קוסמטיקס בעמ</ManufactureName>
      <ManufactureCountry />
      <ManufactureItemDescription />
      <UnitQty>י"ח</UnitQty>
      <Quantity>1</Quantity>
      <UnitMeasure />
      <BisWeighted>0</BisWeighted>
      <QtyInPackage>1</QtyInPackage>
      <ItemPrice>31.90</ItemPrice>
      <UnitOfMeasurePrice>31.90</UnitOfMeasurePrice>
      <AllowDiscount>1</AllowDiscount>
      <itemStatus>1</itemStatus>
      <LastUpdateDate />
      <LastUpdateTime />
    </Product>
    <Product>
      <PriceUpdateDate>2018/04/26 11:24</PriceUpdateDate>
      <ItemCode>3600541946699</ItemCode>
      <ItemType>1</ItemType>
      <ItemName>גרניה טישו מסק רימונים</ItemName>
      <ManufactureName>לוריאל ישראל קוסמטיקס בעמ</ManufactureName>
      <ManufactureCountry />
      <ManufactureItemDescription />
      <UnitQty>י"ח</UnitQty>
      <Quantity>1</Quantity>
      <UnitMeasure />
      <BisWeighted>0</BisWeighted>
      <QtyInPackage>1</QtyInPackage>
      <ItemPrice>14.90</ItemPrice>
      <UnitOfMeasurePrice>14.90</UnitOfMeasurePrice>
      <AllowDiscount>1</AllowDiscount>
      <itemStatus>1</itemStatus>
      <LastUpdateDate />
      <LastUpdateTime />
    </Product>
    <Product>
      <PriceUpdateDate>2018/04/26 11:24</PriceUpdateDate>
      <ItemCode>3600541946705</ItemCode>
      <ItemType>1</ItemType>
      <ItemName>גרניה טישו מסק תה ירוק</ItemName>
      <ManufactureName>לוריאל ישראל קוסמטיקס בעמ</ManufactureName>
      <ManufactureCountry />
      <ManufactureItemDescription />
      <UnitQty>י"ח</UnitQty>
      <Quantity>1</Quantity>
      <UnitMeasure />
      <BisWeighted>0</BisWeighted>
      <QtyInPackage>1</QtyInPackage>
      <ItemPrice>14.90</ItemPrice>
      <UnitOfMeasurePrice>14.90</UnitOfMeasurePrice>
      <AllowDiscount>1</AllowDiscount>
      <itemStatus>1</itemStatus>
      <LastUpdateDate />
      <LastUpdateTime />
    </Product>
    <Product>
      <PriceUpdateDate>2018/04/26 11:24</PriceUpdateDate>
      <ItemCode>3600541946712</ItemCode>
      <ItemType>1</ItemType>
      <ItemName>גרניה טישו מסק קמומיל</ItemName>
      <ManufactureName>לוריאל ישראל קוסמטיקס בעמ</ManufactureName>
      <ManufactureCountry />
      <ManufactureItemDescription />
      <UnitQty>י"ח</UnitQty>
      <Quantity>1</Quantity>
      <UnitMeasure />
      <BisWeighted>0</BisWeighted>
      <QtyInPackage>1</QtyInPackage>
      <ItemPrice>14.90</ItemPrice>
      <UnitOfMeasurePrice>14.90</UnitOfMeasurePrice>
      <AllowDiscount>1</AllowDiscount>
      <itemStatus>1</itemStatus>
      <LastUpdateDate />
      <LastUpdateTime />
    </Product>
    <Product>
      <PriceUpdateDate>2017/12/17 10:31</PriceUpdateDate>
      <ItemCode>3600541956223</ItemCode>
      <ItemType>1</ItemType>
      <ItemName>גרנייה פיור אקטיב מברשת</ItemName>
      <ManufactureName>לוריאל ישראל קוסמטיקס בעמ</ManufactureName>
      <ManufactureCountry />
      <ManufactureItemDescription />
      <UnitQty>י"ח</UnitQty>
      <Quantity>1</Quantity>
      <UnitMeasure />
      <BisWeighted>0</BisWeighted>
      <QtyInPackage>1</QtyInPackage>
      <ItemPrice>31.90</ItemPrice>
      <UnitOfMeasurePrice>31.90</UnitOfMeasurePrice>
      <AllowDiscount>1</AllowDiscount>
      <itemStatus>1</itemStatus>
      <LastUpdateDate />
      <LastUpdateTime />
    </Product>
    <Product>
      <PriceUpdateDate>2018/06/05 09:11</PriceUpdateDate>
      <ItemCode>3600542017312</ItemCode>
      <ItemType>1</ItemType>
      <ItemName>גרנייה אינביזי דאו ספריי 50מ"ל</ItemName>
      <ManufactureName>לוריאל ישראל קוסמטיקס בעמ</ManufactureName>
      <ManufactureCountry />
      <ManufactureItemDescription />
      <UnitQty>י"ח</UnitQty>
      <Quantity>50</Quantity>
      <UnitMeasure>ל  מ"ל</UnitMeasure>
      <BisWeighted>0</BisWeighted>
      <QtyInPackage>1</QtyInPackage>
      <ItemPrice>16.90</ItemPrice>
      <UnitOfMeasurePrice>33.80</UnitOfMeasurePrice>
      <AllowDiscount>1</AllowDiscount>
      <itemStatus>1</itemStatus>
      <LastUpdateDate />
      <LastUpdateTime />
    </Product>
    <Product>
      <PriceUpdateDate>2018/04/26 11:24</PriceUpdateDate>
      <ItemCode>3600542017336</ItemCode>
      <ItemType>1</ItemType>
      <ItemName>דאו לול פיור אקטיב</ItemName>
      <ManufactureName>לוריאל ישראל קוסמטיקס בעמ</ManufactureName>
      <ManufactureCountry />
      <ManufactureItemDescription />
      <UnitQty>י"ח</UnitQty>
      <Quantity>1</Quantity>
      <UnitMeasure />
      <BisWeighted>0</BisWeighted>
      <QtyInPackage>1</QtyInPackage>
      <ItemPrice>16.90</ItemPrice>
      <UnitOfMeasurePrice>16.90</UnitOfMeasurePrice>
      <AllowDiscount>1</AllowDiscount>
      <itemStatus>1</itemStatus>
      <LastUpdateDate />
      <LastUpdateTime />
    </Product>
    <Product>
      <PriceUpdateDate>2018/02/04 09:40</PriceUpdateDate>
      <ItemCode>3600542045612</ItemCode>
      <ItemType>1</ItemType>
      <ItemName>קרם לחות לוריאל דבש</ItemName>
      <ManufactureName>לוריאל ישראל קוסמטיקס בעמ</ManufactureName>
      <ManufactureCountry />
      <ManufactureItemDescription />
      <UnitQty>י"ח</UnitQty>
      <Quantity>1</Quantity>
      <UnitMeasure />
      <BisWeighted>0</BisWeighted>
      <QtyInPackage>1</QtyInPackage>
      <ItemPrice>44.90</ItemPrice>
      <UnitOfMeasurePrice>44.90</UnitOfMeasurePrice>
      <AllowDiscount>1</AllowDiscount>
      <itemStatus>1</itemStatus>
      <LastUpdateDate />
      <LastUpdateTime />
    </Product>
    <Product>
      <PriceUpdateDate>2018/02/04 09:40</PriceUpdateDate>
      <ItemCode>3600542045636</ItemCode>
      <ItemType>1</ItemType>
      <ItemName>קרם לחות לוריאל תה</ItemName>
      <ManufactureName>לוריאל ישראל קוסמטיקס בעמ</ManufactureName>
      <ManufactureCountry />
      <ManufactureItemDescription />
      <UnitQty>י"ח</UnitQty>
      <Quantity>1</Quantity>
      <UnitMeasure />
      <BisWeighted>0</BisWeighted>
      <QtyInPackage>1</QtyInPackage>
      <ItemPrice>44.90</ItemPrice>
      <UnitOfMeasurePrice>44.90</UnitOfMeasurePrice>
      <AllowDiscount>1</AllowDiscount>
      <itemStatus>1</itemStatus>
      <LastUpdateDate />
      <LastUpdateTime />
    </Product>
    <Product>
      <PriceUpdateDate>2018/02/04 09:40</PriceUpdateDate>
      <ItemCode>3600542045643</ItemCode>
      <ItemType>1</ItemType>
      <ItemName>קרם לחות לוריאל ענבים</ItemName>
      <ManufactureName>לוריאל ישראל קוסמטיקס בעמ</ManufactureName>
      <ManufactureCountry />
      <ManufactureItemDescription />
      <UnitQty>י"ח</UnitQty>
      <Quantity>1</Quantity>
      <UnitMeasure />
      <BisWeighted>0</BisWeighted>
      <QtyInPackage>1</QtyInPackage>
      <ItemPrice>44.90</ItemPrice>
      <UnitOfMeasurePrice>44.90</UnitOfMeasurePrice>
      <AllowDiscount>1</AllowDiscount>
      <itemStatus>1</itemStatus>
      <LastUpdateDate />
      <LastUpdateTime />
    </Product>
    <Product>
      <PriceUpdateDate>2018/02/04 09:40</PriceUpdateDate>
      <ItemCode>3600542045667</ItemCode>
      <ItemType>1</ItemType>
      <ItemName>קרם לחות לוריאל ורד</ItemName>
      <ManufactureName>לוריאל ישראל קוסמטיקס בעמ</ManufactureName>
      <ManufactureCountry />
      <ManufactureItemDescription />
      <UnitQty>י"ח</UnitQty>
      <Quantity>1</Quantity>
      <UnitMeasure />
      <BisWeighted>0</BisWeighted>
      <QtyInPackage>1</QtyInPackage>
      <ItemPrice>44.90</ItemPrice>
      <UnitOfMeasurePrice>44.90</UnitOfMeasurePrice>
      <AllowDiscount>1</AllowDiscount>
      <itemStatus>1</itemStatus>
      <LastUpdateDate />
      <LastUpdateTime />
    </Product>
    <Product>
      <PriceUpdateDate>2018/02/04 09:40</PriceUpdateDate>
      <ItemCode>3600542049702</ItemCode>
      <ItemType>1</ItemType>
      <ItemName>ג`ל ניקוי גרניה דבש</ItemName>
      <ManufactureName>לוריאל ישראל קוסמטיקס בעמ</ManufactureName>
      <ManufactureCountry />
      <ManufactureItemDescription />
      <UnitQty>י"ח</UnitQty>
      <Quantity>200</Quantity>
      <UnitMeasure>ל  מ"ל</UnitMeasure>
      <BisWeighted>0</BisWeighted>
      <QtyInPackage>1</QtyInPackage>
      <ItemPrice>24.90</ItemPrice>
      <UnitOfMeasurePrice>12.45</UnitOfMeasurePrice>
      <AllowDiscount>1</AllowDiscount>
      <itemStatus>1</itemStatus>
      <LastUpdateDate />
      <LastUpdateTime />
    </Product>
    <Product>
      <PriceUpdateDate>2018/02/04 09:40</PriceUpdateDate>
      <ItemCode>3600542050616</ItemCode>
      <ItemType>1</ItemType>
      <ItemName>בוטניקל טונר ענבים גרנייר</ItemName>
      <ManufactureName>לוריאל ישראל קוסמטיקס בעמ</ManufactureName>
      <ManufactureCountry />
      <ManufactureItemDescription />
      <UnitQty>י"ח</UnitQty>
      <Quantity>1</Quantity>
      <UnitMeasure />
      <BisWeighted>0</BisWeighted>
      <QtyInPackage>1</QtyInPackage>
      <ItemPrice>24.90</ItemPrice>
      <UnitOfMeasurePrice>24.90</UnitOfMeasurePrice>
      <AllowDiscount>1</AllowDiscount>
      <itemStatus>1</itemStatus>
      <LastUpdateDate />
      <LastUpdateTime />
    </Product>
    <Product>
      <PriceUpdateDate>2018/02/04 09:40</PriceUpdateDate>
      <ItemCode>3600542050968</ItemCode>
      <ItemType>1</ItemType>
      <ItemName>בוטניקל טונר דבש גרנייר</ItemName>
      <ManufactureName>לוריאל ישראל קוסמטיקס בעמ</ManufactureName>
      <ManufactureCountry />
      <ManufactureItemDescription />
      <UnitQty>י"ח</UnitQty>
      <Quantity>1</Quantity>
      <UnitMeasure />
      <BisWeighted>0</BisWeighted>
      <QtyInPackage>1</QtyInPackage>
      <ItemPrice>24.90</ItemPrice>
      <UnitOfMeasurePrice>24.90</UnitOfMeasurePrice>
      <AllowDiscount>1</AllowDiscount>
      <itemStatus>1</itemStatus>
      <LastUpdateDate />
      <LastUpdateTime />
    </Product>
    <Product>
      <PriceUpdateDate>2018/02/04 09:40</PriceUpdateDate>
      <ItemCode>3600542051057</ItemCode>
      <ItemType>1</ItemType>
      <ItemName>בוטניקל טונר ורדיםגרנייר</ItemName>
      <ManufactureName>לוריאל ישראל קוסמטיקס בעמ</ManufactureName>
      <ManufactureCountry />
      <ManufactureItemDescription />
      <UnitQty>י"ח</UnitQty>
      <Quantity>1</Quantity>
      <UnitMeasure />
      <BisWeighted>0</BisWeighted>
      <QtyInPackage>1</QtyInPackage>
      <ItemPrice>24.90</ItemPrice>
      <UnitOfMeasurePrice>24.90</UnitOfMeasurePrice>
      <AllowDiscount>1</AllowDiscount>
      <itemStatus>1</itemStatus>
      <LastUpdateDate />
      <LastUpdateTime />
    </Product>
    <Product>
      <PriceUpdateDate>2018/02/04 09:40</PriceUpdateDate>
      <ItemCode>3600542052757</ItemCode>
      <ItemType>1</ItemType>
      <ItemName>בוטניקל חלב פנים ענבים גרנייר</ItemName>
      <ManufactureName>לוריאל ישראל קוסמטיקס בעמ</ManufactureName>
      <ManufactureCountry />
      <ManufactureItemDescription />
      <UnitQty>י"ח</UnitQty>
      <Quantity>1</Quantity>
      <UnitMeasure />
      <BisWeighted>0</BisWeighted>
      <QtyInPackage>1</QtyInPackage>
      <ItemPrice>24.90</ItemPrice>
      <UnitOfMeasurePrice>24.90</UnitOfMeasurePrice>
      <AllowDiscount>1</AllowDiscount>
      <itemStatus>1</itemStatus>
      <LastUpdateDate />
      <LastUpdateTime />
    </Product>
    <Product>
      <PriceUpdateDate>2018/02/04 09:40</PriceUpdateDate>
      <ItemCode>3600542052962</ItemCode>
      <ItemType>1</ItemType>
      <ItemName>בוטניקל חלב פנים דבש גרנייר</ItemName>
      <ManufactureName>לוריאל ישראל קוסמטיקס בעמ</ManufactureName>
      <ManufactureCountry />
      <ManufactureItemDescription />
      <UnitQty>י"ח</UnitQty>
      <Quantity>1</Quantity>
      <UnitMeasure />
      <BisWeighted>0</BisWeighted>
      <QtyInPackage>1</QtyInPackage>
      <ItemPrice>24.90</ItemPrice>
      <UnitOfMeasurePrice>24.90</UnitOfMeasurePrice>
      <AllowDiscount>1</AllowDiscount>
      <itemStatus>1</itemStatus>
      <LastUpdateDate />
      <LastUpdateTime />
    </Product>
    <Product>
      <PriceUpdateDate>2018/02/04 09:40</PriceUpdateDate>
      <ItemCode>3600542052979</ItemCode>
      <ItemType>1</ItemType>
      <ItemName>בוטניקל חלב פנים ורדים גרנייר</ItemName>
      <ManufactureName>לוריאל ישראל קוסמטיקס בעמ</ManufactureName>
      <ManufactureCountry />
      <ManufactureItemDescription />
      <UnitQty>י"ח</UnitQty>
      <Quantity>1</Quantity>
      <UnitMeasure />
      <BisWeighted>0</BisWeighted>
      <QtyInPackage>1</QtyInPackage>
      <ItemPrice>24.90</ItemPrice>
      <UnitOfMeasurePrice>24.90</UnitOfMeasurePrice>
      <AllowDiscount>1</AllowDiscount>
      <itemStatus>1</itemStatus>
      <LastUpdateDate />
      <LastUpdateTime />
    </Product>
    <Product>
      <PriceUpdateDate>2019/05/22 09:48</PriceUpdateDate>
      <ItemCode>3600542097239</ItemCode>
      <ItemType>1</ItemType>
      <ItemName>גרניה טישו פחם תה</ItemName>
      <ManufactureName>לוריאל ישראל קוסמטיקס בעמ</ManufactureName>
      <ManufactureCountry />
      <ManufactureItemDescription />
      <UnitQty>י"ח</UnitQty>
      <Quantity>1</Quantity>
      <UnitMeasure />
      <BisWeighted>0</BisWeighted>
      <QtyInPackage>1</QtyInPackage>
      <ItemPrice>14.90</ItemPrice>
      <UnitOfMeasurePrice>14.90</UnitOfMeasurePrice>
      <AllowDiscount>1</AllowDiscount>
      <itemStatus>1</itemStatus>
      <LastUpdateDate />
      <LastUpdateTime />
    </Product>
    <Product>
      <PriceUpdateDate>2019/05/22 09:48</PriceUpdateDate>
      <ItemCode>3600542097253</ItemCode>
      <ItemType>1</ItemType>
      <ItemName>גרניה טישו אצות</ItemName>
      <ManufactureName>לוריאל ישראל קוסמטיקס בעמ</ManufactureName>
      <ManufactureCountry />
      <ManufactureItemDescription />
      <UnitQty>י"ח</UnitQty>
      <Quantity>1</Quantity>
      <UnitMeasure />
      <BisWeighted>0</BisWeighted>
      <QtyInPackage>1</QtyInPackage>
      <ItemPrice>14.90</ItemPrice>
      <UnitOfMeasurePrice>14.90</UnitOfMeasurePrice>
      <AllowDiscount>1</AllowDiscount>
      <itemStatus>1</itemStatus>
      <LastUpdateDate />
      <LastUpdateTime />
    </Product>
    <Product>
      <PriceUpdateDate>2020/01/20 09:52</PriceUpdateDate>
      <ItemCode>3600542216623</ItemCode>
      <ItemType>1</ItemType>
      <ItemName>דאו רול מינרל אקשן קונטרול 96ש גרנייה</ItemName>
      <ManufactureName>לוריאל ישראל קוסמטיקס בעמ</ManufactureName>
      <ManufactureCountry />
      <ManufactureItemDescription />
      <UnitQty>י"ח</UnitQty>
      <Quantity>1</Quantity>
      <UnitMeasure />
      <BisWeighted>0</BisWeighted>
      <QtyInPackage>1</QtyInPackage>
      <ItemPrice>16.90</ItemPrice>
      <UnitOfMeasurePrice>16.90</UnitOfMeasurePrice>
      <AllowDiscount>1</AllowDiscount>
      <itemStatus>1</itemStatus>
      <LastUpdateDate />
      <LastUpdateTime />
    </Product>
    <Product>
      <PriceUpdateDate>2020/01/20 09:52</PriceUpdateDate>
      <ItemCode>3600542216647</ItemCode>
      <ItemType>1</ItemType>
      <ItemName>דאו ספרי מינרל אקשן קונטרול 96ש גרנייה</ItemName>
      <ManufactureName>לוריאל ישראל קוסמטיקס בעמ</ManufactureName>
      <ManufactureCountry />
      <ManufactureItemDescription />
      <UnitQty>י"ח</UnitQty>
      <Quantity>1</Quantity>
      <UnitMeasure />
      <BisWeighted>0</BisWeighted>
      <QtyInPackage>1</QtyInPackage>
      <ItemPrice>16.90</ItemPrice>
      <UnitOfMeasurePrice>16.90</UnitOfMeasurePrice>
      <AllowDiscount>1</AllowDiscount>
      <itemStatus>1</itemStatus>
      <LastUpdateDate />
      <LastUpdateTime />
    </Product>
    <Product>
      <PriceUpdateDate>2016/04/14 14:11</PriceUpdateDate>
      <ItemCode>3607346373798</ItemCode>
      <ItemType>1</ItemType>
      <ItemName>נאוטיקה דאו ספריי</ItemName>
      <ManufactureName>דנשר (1963) בעמ</ManufactureName>
      <ManufactureCountry />
      <ManufactureItemDescription />
      <UnitQty>י"ח</UnitQty>
      <Quantity>1</Quantity>
      <UnitMeasure />
      <BisWeighted>0</BisWeighted>
      <QtyInPackage>1</QtyInPackage>
      <ItemPrice>29.90</ItemPrice>
      <UnitOfMeasurePrice>29.90</UnitOfMeasurePrice>
      <AllowDiscount>1</AllowDiscount>
      <itemStatus>1</itemStatus>
      <LastUpdateDate />
      <LastUpdateTime />
    </Product>
    <Product>
      <PriceUpdateDate>2016/11/22 08:44</PriceUpdateDate>
      <ItemCode>3607346373835</ItemCode>
      <ItemType>1</ItemType>
      <ItemName>נאוטיקה דאו ספריי קלאסיק 150מ"ל</ItemName>
      <ManufactureName>דנשר (1963) בעמ</ManufactureName>
      <ManufactureCountry />
      <ManufactureItemDescription />
      <UnitQty>י"ח</UnitQty>
      <Quantity>150</Quantity>
      <UnitMeasure>ל  מ"ל</UnitMeasure>
      <BisWeighted>0</BisWeighted>
      <QtyInPackage>1</QtyInPackage>
      <ItemPrice>29.90</ItemPrice>
      <UnitOfMeasurePrice>19.93</UnitOfMeasurePrice>
      <AllowDiscount>1</AllowDiscount>
      <itemStatus>1</itemStatus>
      <LastUpdateDate />
      <LastUpdateTime />
    </Product>
    <Product>
      <PriceUpdateDate>2016/11/22 08:44</PriceUpdateDate>
      <ItemCode>3607346373873</ItemCode>
      <ItemType>1</ItemType>
      <ItemName>נאוטיקה דאו ספריי וויאז 150מ"ל</ItemName>
      <ManufactureName>דנשר (1963) בעמ</ManufactureName>
      <ManufactureCountry />
      <ManufactureItemDescription />
      <UnitQty>י"ח</UnitQty>
      <Quantity>150</Quantity>
      <UnitMeasure>ל  מ"ל</UnitMeasure>
      <BisWeighted>0</BisWeighted>
      <QtyInPackage>1</QtyInPackage>
      <ItemPrice>29.90</ItemPrice>
      <UnitOfMeasurePrice>19.93</UnitOfMeasurePrice>
      <AllowDiscount>1</AllowDiscount>
      <itemStatus>1</itemStatus>
      <LastUpdateDate />
      <LastUpdateTime />
    </Product>
    <Product>
      <PriceUpdateDate>2018/12/18 08:15</PriceUpdateDate>
      <ItemCode>3614223736485</ItemCode>
      <ItemType>1</ItemType>
      <ItemName>אדידס ספריי גברים אדיפיור 200מ"ל.</ItemName>
      <ManufactureName>דנשר (1963) בעמ</ManufactureName>
      <ManufactureCountry />
      <ManufactureItemDescription />
      <UnitQty>י"ח</UnitQty>
      <Quantity>1</Quantity>
      <UnitMeasure />
      <BisWeighted>0</BisWeighted>
      <QtyInPackage>1</QtyInPackage>
      <ItemPrice>19.90</ItemPrice>
      <UnitOfMeasurePrice>19.90</UnitOfMeasurePrice>
      <AllowDiscount>1</AllowDiscount>
      <itemStatus>1</itemStatus>
      <LastUpdateDate />
      <LastUpdateTime />
    </Product>
    <Product>
      <PriceUpdateDate>2018/12/18 08:15</PriceUpdateDate>
      <ItemCode>3614223736836</ItemCode>
      <ItemType>1</ItemType>
      <ItemName>אדידס ספריי לנשים אדיפיור 150מ"ל.</ItemName>
      <ManufactureName>דנשר (1963) בעמ</ManufactureName>
      <ManufactureCountry />
      <ManufactureItemDescription />
      <UnitQty>י"ח</UnitQty>
      <Quantity>1</Quantity>
      <UnitMeasure />
      <BisWeighted>0</BisWeighted>
      <QtyInPackage>1</QtyInPackage>
      <ItemPrice>19.90</ItemPrice>
      <UnitOfMeasurePrice>19.90</UnitOfMeasurePrice>
      <AllowDiscount>1</AllowDiscount>
      <itemStatus>1</itemStatus>
      <LastUpdateDate />
      <LastUpdateTime />
    </Product>
    <Product>
      <PriceUpdateDate>2019/05/06 09:54</PriceUpdateDate>
      <ItemCode>3614224051235</ItemCode>
      <ItemType>1</ItemType>
      <ItemName>ספריי גברים אדידס  200מ"ל</ItemName>
      <ManufactureName>דנשר (1963) בעמ</ManufactureName>
      <ManufactureCountry />
      <ManufactureItemDescription />
      <UnitQty>י"ח</UnitQty>
      <Quantity>200</Quantity>
      <UnitMeasure>ל  מ"ל</UnitMeasure>
      <BisWeighted>0</BisWeighted>
      <QtyInPackage>1</QtyInPackage>
      <ItemPrice>19.90</ItemPrice>
      <UnitOfMeasurePrice>9.95</UnitOfMeasurePrice>
      <AllowDiscount>1</AllowDiscount>
      <itemStatus>1</itemStatus>
      <LastUpdateDate />
      <LastUpdateTime />
    </Product>
    <Product>
      <PriceUpdateDate>2019/05/06 09:54</PriceUpdateDate>
      <ItemCode>3614224056537</ItemCode>
      <ItemType>1</ItemType>
      <ItemName>דאו`ספריי אישה דרי מקס אנטנסיב</ItemName>
      <ManufactureName>דנשר (1963) בעמ</ManufactureName>
      <ManufactureCountry />
      <ManufactureItemDescription />
      <UnitQty>י"ח</UnitQty>
      <Quantity>1</Quantity>
      <UnitMeasure />
      <BisWeighted>0</BisWeighted>
      <QtyInPackage>1</QtyInPackage>
      <ItemPrice>19.90</ItemPrice>
      <UnitOfMeasurePrice>19.90</UnitOfMeasurePrice>
      <AllowDiscount>1</AllowDiscount>
      <itemStatus>1</itemStatus>
      <LastUpdateDate />
      <LastUpdateTime />
    </Product>
    <Product>
      <PriceUpdateDate>2018/12/18 08:15</PriceUpdateDate>
      <ItemCode>3661163970448</ItemCode>
      <ItemType>1</ItemType>
      <ItemName>ספריי גברים דרי מקס A3 פרש 200מ"ל</ItemName>
      <ManufactureName>דנשר (1963) בעמ</ManufactureName>
      <ManufactureCountry />
      <ManufactureItemDescription />
      <UnitQty>י"ח</UnitQty>
      <Quantity>200</Quantity>
      <UnitMeasure>ל  מ"ל</UnitMeasure>
      <BisWeighted>0</BisWeighted>
      <QtyInPackage>1</QtyInPackage>
      <ItemPrice>19.90</ItemPrice>
      <UnitOfMeasurePrice>9.95</UnitOfMeasurePrice>
      <AllowDiscount>1</AllowDiscount>
      <itemStatus>1</itemStatus>
      <LastUpdateDate />
      <LastUpdateTime />
    </Product>
    <Product>
      <PriceUpdateDate>2018/12/18 08:15</PriceUpdateDate>
      <ItemCode>3661163990323</ItemCode>
      <ItemType>1</ItemType>
      <ItemName>ספריי גברים A3 דריי מקס קונטרול 200 מ"ל</ItemName>
      <ManufactureName>דנשר (1963) בעמ</ManufactureName>
      <ManufactureCountry />
      <ManufactureItemDescription />
      <UnitQty>י"ח</UnitQty>
      <Quantity>1</Quantity>
      <UnitMeasure />
      <BisWeighted>0</BisWeighted>
      <QtyInPackage>1</QtyInPackage>
      <ItemPrice>19.90</ItemPrice>
      <UnitOfMeasurePrice>19.90</UnitOfMeasurePrice>
      <AllowDiscount>1</AllowDiscount>
      <itemStatus>1</itemStatus>
      <LastUpdateDate />
      <LastUpdateTime />
    </Product>
    <Product>
      <PriceUpdateDate>2018/12/18 08:15</PriceUpdateDate>
      <ItemCode>3661163990545</ItemCode>
      <ItemType>1</ItemType>
      <ItemName>ספריי גברים דרי מקס אינטנסיב A3</ItemName>
      <ManufactureName>דנשר (1963) בעמ</ManufactureName>
      <ManufactureCountry />
      <ManufactureItemDescription />
      <UnitQty>י"ח</UnitQty>
      <Quantity>1</Quantity>
      <UnitMeasure />
      <BisWeighted>0</BisWeighted>
      <QtyInPackage>1</QtyInPackage>
      <ItemPrice>19.90</ItemPrice>
      <UnitOfMeasurePrice>19.90</UnitOfMeasurePrice>
      <AllowDiscount>1</AllowDiscount>
      <itemStatus>1</itemStatus>
      <LastUpdateDate />
      <LastUpdateTime />
    </Product>
    <Product>
      <PriceUpdateDate>2018/12/18 08:15</PriceUpdateDate>
      <ItemCode>3661163990781</ItemCode>
      <ItemType>1</ItemType>
      <ItemName>דאו`ספריי לגבר דרי מיקס</ItemName>
      <ManufactureName>דנשר (1963) בעמ</ManufactureName>
      <ManufactureCountry />
      <ManufactureItemDescription />
      <UnitQty>י"ח</UnitQty>
      <Quantity>1</Quantity>
      <UnitMeasure />
      <BisWeighted>0</BisWeighted>
      <QtyInPackage>1</QtyInPackage>
      <ItemPrice>19.90</ItemPrice>
      <UnitOfMeasurePrice>19.90</UnitOfMeasurePrice>
      <AllowDiscount>1</AllowDiscount>
      <itemStatus>1</itemStatus>
      <LastUpdateDate />
      <LastUpdateTime />
    </Product>
    <Product>
      <PriceUpdateDate>2018/12/18 08:15</PriceUpdateDate>
      <ItemCode>3661163991146</ItemCode>
      <ItemType>1</ItemType>
      <ItemName>ספריי נשים A3 דריי מקס פרש 200מ"ל</ItemName>
      <ManufactureName>דנשר (1963) בעמ</ManufactureName>
      <ManufactureCountry />
      <ManufactureItemDescription />
      <UnitQty>י"ח</UnitQty>
      <Quantity>200</Quantity>
      <UnitMeasure>ל  מ"ל</UnitMeasure>
      <BisWeighted>0</BisWeighted>
      <QtyInPackage>1</QtyInPackage>
      <ItemPrice>19.90</ItemPrice>
      <UnitOfMeasurePrice>9.95</UnitOfMeasurePrice>
      <AllowDiscount>1</AllowDiscount>
      <itemStatus>1</itemStatus>
      <LastUpdateDate />
      <LastUpdateTime />
    </Product>
    <Product>
      <PriceUpdateDate>2018/12/18 08:15</PriceUpdateDate>
      <ItemCode>3661163991344</ItemCode>
      <ItemType>1</ItemType>
      <ItemName>ספריי נשים A3 דריי מקס פרו קליר 200</ItemName>
      <ManufactureName>דנשר (1963) בעמ</ManufactureName>
      <ManufactureCountry />
      <ManufactureItemDescription />
      <UnitQty>י"ח</UnitQty>
      <Quantity>1</Quantity>
      <UnitMeasure />
      <BisWeighted>0</BisWeighted>
      <QtyInPackage>1</QtyInPackage>
      <ItemPrice>19.90</ItemPrice>
      <UnitOfMeasurePrice>19.90</UnitOfMeasurePrice>
      <AllowDiscount>1</AllowDiscount>
      <itemStatus>1</itemStatus>
      <LastUpdateDate />
      <LastUpdateTime />
    </Product>
    <Product>
      <PriceUpdateDate>2018/12/18 08:15</PriceUpdateDate>
      <ItemCode>3661163991580</ItemCode>
      <ItemType>1</ItemType>
      <ItemName>דאו`ספריי אישה דרי מקס אנטנסיב</ItemName>
      <ManufactureName>דנשר (1963) בעמ</ManufactureName>
      <ManufactureCountry />
      <ManufactureItemDescription />
      <UnitQty>י"ח</UnitQty>
      <Quantity>1</Quantity>
      <UnitMeasure />
      <BisWeighted>0</BisWeighted>
      <QtyInPackage>1</QtyInPackage>
      <ItemPrice>19.90</ItemPrice>
      <UnitOfMeasurePrice>19.90</UnitOfMeasurePrice>
      <AllowDiscount>1</AllowDiscount>
      <itemStatus>1</itemStatus>
      <LastUpdateDate />
      <LastUpdateTime />
    </Product>
    <Product>
      <PriceUpdateDate>2018/07/29 14:17</PriceUpdateDate>
      <ItemCode>3838824127149</ItemCode>
      <ItemType>1</ItemType>
      <ItemName>צבעי שיער שחור כחול סמי קיט</ItemName>
      <ManufactureName>הנקל סוד בעמ</ManufactureName>
      <ManufactureCountry />
      <ManufactureItemDescription />
      <UnitQty>י"ח</UnitQty>
      <Quantity>1</Quantity>
      <UnitMeasure />
      <BisWeighted>0</BisWeighted>
      <QtyInPackage>1</QtyInPackage>
      <ItemPrice>19.90</ItemPrice>
      <UnitOfMeasurePrice>19.90</UnitOfMeasurePrice>
      <AllowDiscount>1</AllowDiscount>
      <itemStatus>1</itemStatus>
      <LastUpdateDate />
      <LastUpdateTime />
    </Product>
    <Product>
      <PriceUpdateDate>2018/07/29 14:17</PriceUpdateDate>
      <ItemCode>3838824127163</ItemCode>
      <ItemType>1</ItemType>
      <ItemName>צבעי שיער בלונד כסוף סמי קיט</ItemName>
      <ManufactureName>הנקל סוד בעמ</ManufactureName>
      <ManufactureCountry />
      <ManufactureItemDescription />
      <UnitQty>י"ח</UnitQty>
      <Quantity>1</Quantity>
      <UnitMeasure />
      <BisWeighted>0</BisWeighted>
      <QtyInPackage>1</QtyInPackage>
      <ItemPrice>19.90</ItemPrice>
      <UnitOfMeasurePrice>19.90</UnitOfMeasurePrice>
      <AllowDiscount>1</AllowDiscount>
      <itemStatus>1</itemStatus>
      <LastUpdateDate />
      <LastUpdateTime />
    </Product>
    <Product>
      <PriceUpdateDate>2018/07/29 14:17</PriceUpdateDate>
      <ItemCode>3838824127200</ItemCode>
      <ItemType>1</ItemType>
      <ItemName>צבעי שיער חום כהה סמי קיט</ItemName>
      <ManufactureName>הנקל סוד בעמ</ManufactureName>
      <ManufactureCountry />
      <ManufactureItemDescription />
      <UnitQty>י"ח</UnitQty>
      <Quantity>1</Quantity>
      <UnitMeasure />
      <BisWeighted>0</BisWeighted>
      <QtyInPackage>1</QtyInPackage>
      <ItemPrice>19.90</ItemPrice>
      <UnitOfMeasurePrice>19.90</UnitOfMeasurePrice>
      <AllowDiscount>1</AllowDiscount>
      <itemStatus>1</itemStatus>
      <LastUpdateDate />
      <LastUpdateTime />
    </Product>
    <Product>
      <PriceUpdateDate>2018/07/29 14:17</PriceUpdateDate>
      <ItemCode>3838824127224</ItemCode>
      <ItemType>1</ItemType>
      <ItemName>צבעי שיער חום בינוני סמי קיט</ItemName>
      <ManufactureName>הנקל סוד בעמ</ManufactureName>
      <ManufactureCountry />
      <ManufactureItemDescription />
      <UnitQty>י"ח</UnitQty>
      <Quantity>1</Quantity>
      <UnitMeasure />
      <BisWeighted>0</BisWeighted>
      <QtyInPackage>1</QtyInPackage>
      <ItemPrice>19.90</ItemPrice>
      <UnitOfMeasurePrice>19.90</UnitOfMeasurePrice>
      <AllowDiscount>1</AllowDiscount>
      <itemStatus>1</itemStatus>
      <LastUpdateDate />
      <LastUpdateTime />
    </Product>
    <Product>
      <PriceUpdateDate>2018/07/29 14:17</PriceUpdateDate>
      <ItemCode>3838824127248</ItemCode>
      <ItemType>1</ItemType>
      <ItemName>צבעי שיער חום בהיר סמי קיט</ItemName>
      <ManufactureName>הנקל סוד בעמ</ManufactureName>
      <ManufactureCountry />
      <ManufactureItemDescription />
      <UnitQty>י"ח</UnitQty>
      <Quantity>1</Quantity>
      <UnitMeasure />
      <BisWeighted>0</BisWeighted>
      <QtyInPackage>1</QtyInPackage>
      <ItemPrice>19.90</ItemPrice>
      <UnitOfMeasurePrice>19.90</UnitOfMeasurePrice>
      <AllowDiscount>1</AllowDiscount>
      <itemStatus>1</itemStatus>
      <LastUpdateDate />
      <LastUpdateTime />
    </Product>
    <Product>
      <PriceUpdateDate>2018/07/29 14:17</PriceUpdateDate>
      <ItemCode>3838824127262</ItemCode>
      <ItemType>1</ItemType>
      <ItemName>צבעי שיער בלונד כהה סמי קיט</ItemName>
      <ManufactureName>הנקל סוד בעמ</ManufactureName>
      <ManufactureCountry />
      <ManufactureItemDescription />
      <UnitQty>י"ח</UnitQty>
      <Quantity>1</Quantity>
      <UnitMeasure />
      <BisWeighted>0</BisWeighted>
      <QtyInPackage>1</QtyInPackage>
      <ItemPrice>19.90</ItemPrice>
      <UnitOfMeasurePrice>19.90</UnitOfMeasurePrice>
      <AllowDiscount>1</AllowDiscount>
      <itemStatus>1</itemStatus>
      <LastUpdateDate />
      <LastUpdateTime />
    </Product>
    <Product>
      <PriceUpdateDate>2018/07/29 14:17</PriceUpdateDate>
      <ItemCode>3838824127286</ItemCode>
      <ItemType>1</ItemType>
      <ItemName>צבעי שיער  בלונד בינוני סמי קיט</ItemName>
      <ManufactureName>הנקל סוד בעמ</ManufactureName>
      <ManufactureCountry />
      <ManufactureItemDescription />
      <UnitQty>י"ח</UnitQty>
      <Quantity>1</Quantity>
      <UnitMeasure />
      <BisWeighted>0</BisWeighted>
      <QtyInPackage>1</QtyInPackage>
      <ItemPrice>19.90</ItemPrice>
      <UnitOfMeasurePrice>19.90</UnitOfMeasurePrice>
      <AllowDiscount>1</AllowDiscount>
      <itemStatus>1</itemStatus>
      <LastUpdateDate />
      <LastUpdateTime />
    </Product>
    <Product>
      <PriceUpdateDate>2018/07/29 14:17</PriceUpdateDate>
      <ItemCode>3838824127309</ItemCode>
      <ItemType>1</ItemType>
      <ItemName>צבעי שיער בלונד בהיר סמי קיט</ItemName>
      <ManufactureName>הנקל סוד בעמ</ManufactureName>
      <ManufactureCountry />
      <ManufactureItemDescription />
      <UnitQty>י"ח</UnitQty>
      <Quantity>1</Quantity>
      <UnitMeasure />
      <BisWeighted>0</BisWeighted>
      <QtyInPackage>1</QtyInPackage>
      <ItemPrice>19.90</ItemPrice>
      <UnitOfMeasurePrice>19.90</UnitOfMeasurePrice>
      <AllowDiscount>1</AllowDiscount>
      <itemStatus>1</itemStatus>
      <LastUpdateDate />
      <LastUpdateTime />
    </Product>
    <Product>
      <PriceUpdateDate>2013/12/24 14:34</PriceUpdateDate>
      <ItemCode>3838824127347</ItemCode>
      <ItemType>1</ItemType>
      <ItemName>צבעי שיער סמי קיט</ItemName>
      <ManufactureName>הנקל סוד בעמ</ManufactureName>
      <ManufactureCountry />
      <ManufactureItemDescription />
      <UnitQty>י"ח</UnitQty>
      <Quantity>1</Quantity>
      <UnitMeasure />
      <BisWeighted>0</BisWeighted>
      <QtyInPackage>1</QtyInPackage>
      <ItemPrice>24</ItemPrice>
      <UnitOfMeasurePrice>24</UnitOfMeasurePrice>
      <AllowDiscount>1</AllowDiscount>
      <itemStatus>1</itemStatus>
      <LastUpdateDate />
      <LastUpdateTime />
    </Product>
    <Product>
      <PriceUpdateDate>2018/07/29 14:17</PriceUpdateDate>
      <ItemCode>3838824127361</ItemCode>
      <ItemType>1</ItemType>
      <ItemName>צבעי שיער ערמונים סמי קיט</ItemName>
      <ManufactureName>הנקל סוד בעמ</ManufactureName>
      <ManufactureCountry />
      <ManufactureItemDescription />
      <UnitQty>י"ח</UnitQty>
      <Quantity>1</Quantity>
      <UnitMeasure />
      <BisWeighted>0</BisWeighted>
      <QtyInPackage>1</QtyInPackage>
      <ItemPrice>19.90</ItemPrice>
      <UnitOfMeasurePrice>19.90</UnitOfMeasurePrice>
      <AllowDiscount>1</AllowDiscount>
      <itemStatus>1</itemStatus>
      <LastUpdateDate />
      <LastUpdateTime />
    </Product>
    <Product>
      <PriceUpdateDate>2018/07/29 14:17</PriceUpdateDate>
      <ItemCode>3838824127385</ItemCode>
      <ItemType>1</ItemType>
      <ItemName>צבעי שיער סמי קיט</ItemName>
      <ManufactureName>הנקל סוד בעמ</ManufactureName>
      <ManufactureCountry />
      <ManufactureItemDescription />
      <UnitQty>י"ח</UnitQty>
      <Quantity>1</Quantity>
      <UnitMeasure />
      <BisWeighted>0</BisWeighted>
      <QtyInPackage>1</QtyInPackage>
      <ItemPrice>19.90</ItemPrice>
      <UnitOfMeasurePrice>19.90</UnitOfMeasurePrice>
      <AllowDiscount>1</AllowDiscount>
      <itemStatus>1</itemStatus>
      <LastUpdateDate />
      <LastUpdateTime />
    </Product>
    <Product>
      <PriceUpdateDate>2013/12/24 14:34</PriceUpdateDate>
      <ItemCode>3838824127446</ItemCode>
      <ItemType>1</ItemType>
      <ItemName>צבעי שיער סמי קיט</ItemName>
      <ManufactureName>הנקל סוד בעמ</ManufactureName>
      <ManufactureCountry />
      <ManufactureItemDescription />
      <UnitQty>י"ח</UnitQty>
      <Quantity>1</Quantity>
      <UnitMeasure />
      <BisWeighted>0</BisWeighted>
      <QtyInPackage>1</QtyInPackage>
      <ItemPrice>24</ItemPrice>
      <UnitOfMeasurePrice>24</UnitOfMeasurePrice>
      <AllowDiscount>1</AllowDiscount>
      <itemStatus>1</itemStatus>
      <LastUpdateDate />
      <LastUpdateTime />
    </Product>
    <Product>
      <PriceUpdateDate>2018/07/29 14:17</PriceUpdateDate>
      <ItemCode>3838824127507</ItemCode>
      <ItemType>1</ItemType>
      <ItemName>צבעי שיער  חום מבריק סמי קיט</ItemName>
      <ManufactureName>הנקל סוד בעמ</ManufactureName>
      <ManufactureCountry />
      <ManufactureItemDescription />
      <UnitQty>י"ח</UnitQty>
      <Quantity>1</Quantity>
      <UnitMeasure />
      <BisWeighted>0</BisWeighted>
      <QtyInPackage>1</QtyInPackage>
      <ItemPrice>19.90</ItemPrice>
      <UnitOfMeasurePrice>19.90</UnitOfMeasurePrice>
      <AllowDiscount>1</AllowDiscount>
      <itemStatus>1</itemStatus>
      <LastUpdateDate />
      <LastUpdateTime />
    </Product>
    <Product>
      <PriceUpdateDate>2018/07/29 14:17</PriceUpdateDate>
      <ItemCode>3838824127583</ItemCode>
      <ItemType>1</ItemType>
      <ItemName>צבעי שיער סמי קיט</ItemName>
      <ManufactureName>הנקל סוד בעמ</ManufactureName>
      <ManufactureCountry />
      <ManufactureItemDescription />
      <UnitQty>י"ח</UnitQty>
      <Quantity>1</Quantity>
      <UnitMeasure />
      <BisWeighted>0</BisWeighted>
      <QtyInPackage>1</QtyInPackage>
      <ItemPrice>19.90</ItemPrice>
      <UnitOfMeasurePrice>19.90</UnitOfMeasurePrice>
      <AllowDiscount>1</AllowDiscount>
      <itemStatus>1</itemStatus>
      <LastUpdateDate />
      <LastUpdateTime />
    </Product>
    <Product>
      <PriceUpdateDate>2018/07/29 14:17</PriceUpdateDate>
      <ItemCode>3838824127644</ItemCode>
      <ItemType>1</ItemType>
      <ItemName>צבעי שיער סמי קיט</ItemName>
      <ManufactureName>הנקל סוד בעמ</ManufactureName>
      <ManufactureCountry />
      <ManufactureItemDescription />
      <UnitQty>י"ח</UnitQty>
      <Quantity>1</Quantity>
      <UnitMeasure />
      <BisWeighted>0</BisWeighted>
      <QtyInPackage>1</QtyInPackage>
      <ItemPrice>19.90</ItemPrice>
      <UnitOfMeasurePrice>19.90</UnitOfMeasurePrice>
      <AllowDiscount>1</AllowDiscount>
      <itemStatus>1</itemStatus>
      <LastUpdateDate />
      <LastUpdateTime />
    </Product>
    <Product>
      <PriceUpdateDate>2014/12/02 11:17</PriceUpdateDate>
      <ItemCode>3838824127682</ItemCode>
      <ItemType>1</ItemType>
      <ItemName>צבעי שיער בלונד אפור סמי קיט</ItemName>
      <ManufactureName>הנקל סוד בעמ</ManufactureName>
      <ManufactureCountry />
      <ManufactureItemDescription />
      <UnitQty>י"ח</UnitQty>
      <Quantity>1</Quantity>
      <UnitMeasure />
      <BisWeighted>0</BisWeighted>
      <QtyInPackage>1</QtyInPackage>
      <ItemPrice>24</ItemPrice>
      <UnitOfMeasurePrice>24</UnitOfMeasurePrice>
      <AllowDiscount>1</AllowDiscount>
      <itemStatus>1</itemStatus>
      <LastUpdateDate />
      <LastUpdateTime />
    </Product>
    <Product>
      <PriceUpdateDate>2013/12/24 14:34</PriceUpdateDate>
      <ItemCode>3838824128726</ItemCode>
      <ItemType>1</ItemType>
      <ItemName>צבעי שיער פלטה קיט</ItemName>
      <ManufactureName>הנקל סוד בעמ</ManufactureName>
      <ManufactureCountry />
      <ManufactureItemDescription />
      <UnitQty>י"ח</UnitQty>
      <Quantity>1</Quantity>
      <UnitMeasure />
      <BisWeighted>0</BisWeighted>
      <QtyInPackage>1</QtyInPackage>
      <ItemPrice>38</ItemPrice>
      <UnitOfMeasurePrice>38</UnitOfMeasurePrice>
      <AllowDiscount>1</AllowDiscount>
      <itemStatus>1</itemStatus>
      <LastUpdateDate />
      <LastUpdateTime />
    </Product>
    <Product>
      <PriceUpdateDate>2013/12/24 14:34</PriceUpdateDate>
      <ItemCode>3838824128887</ItemCode>
      <ItemType>1</ItemType>
      <ItemName>צבעי שיער פלטה קיט</ItemName>
      <ManufactureName>הנקל סוד בעמ</ManufactureName>
      <ManufactureCountry />
      <ManufactureItemDescription />
      <UnitQty>י"ח</UnitQty>
      <Quantity>1</Quantity>
      <UnitMeasure />
      <BisWeighted>0</BisWeighted>
      <QtyInPackage>1</QtyInPackage>
      <ItemPrice>38</ItemPrice>
      <UnitOfMeasurePrice>38</UnitOfMeasurePrice>
      <AllowDiscount>1</AllowDiscount>
      <itemStatus>1</itemStatus>
      <LastUpdateDate />
      <LastUpdateTime />
    </Product>
    <Product>
      <PriceUpdateDate>2013/12/24 14:34</PriceUpdateDate>
      <ItemCode>3838824128948</ItemCode>
      <ItemType>1</ItemType>
      <ItemName>צבעי שיער פלטה קיט</ItemName>
      <ManufactureName>הנקל סוד בעמ</ManufactureName>
      <ManufactureCountry />
      <ManufactureItemDescription />
      <UnitQty>י"ח</UnitQty>
      <Quantity>1</Quantity>
      <UnitMeasure />
      <BisWeighted>0</BisWeighted>
      <QtyInPackage>1</QtyInPackage>
      <ItemPrice>38</ItemPrice>
      <UnitOfMeasurePrice>38</UnitOfMeasurePrice>
      <AllowDiscount>1</AllowDiscount>
      <itemStatus>1</itemStatus>
      <LastUpdateDate />
      <LastUpdateTime />
    </Product>
    <Product>
      <PriceUpdateDate>2013/12/24 14:34</PriceUpdateDate>
      <ItemCode>3838824129020</ItemCode>
      <ItemType>1</ItemType>
      <ItemName>צבעי שיער פלטה קיט</ItemName>
      <ManufactureName>הנקל סוד בעמ</ManufactureName>
      <ManufactureCountry />
      <ManufactureItemDescription />
      <UnitQty>י"ח</UnitQty>
      <Quantity>1</Quantity>
      <UnitMeasure />
      <BisWeighted>0</BisWeighted>
      <QtyInPackage>1</QtyInPackage>
      <ItemPrice>38</ItemPrice>
      <UnitOfMeasurePrice>38</UnitOfMeasurePrice>
      <AllowDiscount>1</AllowDiscount>
      <itemStatus>1</itemStatus>
      <LastUpdateDate />
      <LastUpdateTime />
    </Product>
    <Product>
      <PriceUpdateDate>2013/12/24 14:34</PriceUpdateDate>
      <ItemCode>3838824129105</ItemCode>
      <ItemType>1</ItemType>
      <ItemName>צבעי שיער פלטה קיט</ItemName>
      <ManufactureName>הנקל סוד בעמ</ManufactureName>
      <ManufactureCountry />
      <ManufactureItemDescription />
      <UnitQty>י"ח</UnitQty>
      <Quantity>1</Quantity>
      <UnitMeasure />
      <BisWeighted>0</BisWeighted>
      <QtyInPackage>1</QtyInPackage>
      <ItemPrice>38</ItemPrice>
      <UnitOfMeasurePrice>38</UnitOfMeasurePrice>
      <AllowDiscount>1</AllowDiscount>
      <itemStatus>1</itemStatus>
      <LastUpdateDate />
      <LastUpdateTime />
    </Product>
    <Product>
      <PriceUpdateDate>2018/07/29 14:17</PriceUpdateDate>
      <ItemCode>3838824193915</ItemCode>
      <ItemType>1</ItemType>
      <ItemName>צבעי שיער שחור סמי קיט</ItemName>
      <ManufactureName>הנקל סוד בעמ</ManufactureName>
      <ManufactureCountry />
      <ManufactureItemDescription />
      <UnitQty>י"ח</UnitQty>
      <Quantity>1</Quantity>
      <UnitMeasure />
      <BisWeighted>0</BisWeighted>
      <QtyInPackage>1</QtyInPackage>
      <ItemPrice>19.90</ItemPrice>
      <UnitOfMeasurePrice>19.90</UnitOfMeasurePrice>
      <AllowDiscount>1</AllowDiscount>
      <itemStatus>1</itemStatus>
      <LastUpdateDate />
      <LastUpdateTime />
    </Product>
    <Product>
      <PriceUpdateDate>2013/12/24 14:34</PriceUpdateDate>
      <ItemCode>3838824193939</ItemCode>
      <ItemType>1</ItemType>
      <ItemName>צבע לשיער סמי קיט</ItemName>
      <ManufactureName>הנקל סוד בעמ</ManufactureName>
      <ManufactureCountry />
      <ManufactureItemDescription />
      <UnitQty>י"ח</UnitQty>
      <Quantity>1</Quantity>
      <UnitMeasure />
      <BisWeighted>0</BisWeighted>
      <QtyInPackage>1</QtyInPackage>
      <ItemPrice>38</ItemPrice>
      <UnitOfMeasurePrice>38</UnitOfMeasurePrice>
      <AllowDiscount>1</AllowDiscount>
      <itemStatus>1</itemStatus>
      <LastUpdateDate />
      <LastUpdateTime />
    </Product>
    <Product>
      <PriceUpdateDate>2013/12/24 14:34</PriceUpdateDate>
      <ItemCode>3838824214320</ItemCode>
      <ItemType>1</ItemType>
      <ItemName>קיט שחור כחול 1-1</ItemName>
      <ManufactureName>הנקל סוד בעמ</ManufactureName>
      <ManufactureCountry />
      <ManufactureItemDescription />
      <UnitQty>י"ח</UnitQty>
      <Quantity>1</Quantity>
      <UnitMeasure />
      <BisWeighted>0</BisWeighted>
      <QtyInPackage>1</QtyInPackage>
      <ItemPrice>38</ItemPrice>
      <UnitOfMeasurePrice>38</UnitOfMeasurePrice>
      <AllowDiscount>1</AllowDiscount>
      <itemStatus>1</itemStatus>
      <LastUpdateDate />
      <LastUpdateTime />
    </Product>
    <Product>
      <PriceUpdateDate>2013/12/24 14:34</PriceUpdateDate>
      <ItemCode>3838824239781</ItemCode>
      <ItemType>1</ItemType>
      <ItemName>צבעי שיער פלטה קיט</ItemName>
      <ManufactureName>הנקל סוד בעמ</ManufactureName>
      <ManufactureCountry />
      <ManufactureItemDescription />
      <UnitQty>י"ח</UnitQty>
      <Quantity>1</Quantity>
      <UnitMeasure />
      <BisWeighted>0</BisWeighted>
      <QtyInPackage>1</QtyInPackage>
      <ItemPrice>38</ItemPrice>
      <UnitOfMeasurePrice>38</UnitOfMeasurePrice>
      <AllowDiscount>1</AllowDiscount>
      <itemStatus>1</itemStatus>
      <LastUpdateDate />
      <LastUpdateTime />
    </Product>
    <Product>
      <PriceUpdateDate>2014/12/01 13:25</PriceUpdateDate>
      <ItemCode>3838824240251</ItemCode>
      <ItemType>1</ItemType>
      <ItemName>צבעי שיער סמי קיט</ItemName>
      <ManufactureName>הנקל סוד בעמ</ManufactureName>
      <ManufactureCountry />
      <ManufactureItemDescription />
      <UnitQty>י"ח</UnitQty>
      <Quantity>1</Quantity>
      <UnitMeasure />
      <BisWeighted>0</BisWeighted>
      <QtyInPackage>1</QtyInPackage>
      <ItemPrice>24</ItemPrice>
      <UnitOfMeasurePrice>24</UnitOfMeasurePrice>
      <AllowDiscount>1</AllowDiscount>
      <itemStatus>1</itemStatus>
      <LastUpdateDate />
      <LastUpdateTime />
    </Product>
    <Product>
      <PriceUpdateDate>2018/07/29 14:17</PriceUpdateDate>
      <ItemCode>3838824240275</ItemCode>
      <ItemType>1</ItemType>
      <ItemName>צבעי שיער  נוגט סמי קיט</ItemName>
      <ManufactureName>הנקל סוד בעמ</ManufactureName>
      <ManufactureCountry />
      <ManufactureItemDescription />
      <UnitQty>י"ח</UnitQty>
      <Quantity>1</Quantity>
      <UnitMeasure />
      <BisWeighted>0</BisWeighted>
      <QtyInPackage>1</QtyInPackage>
      <ItemPrice>19.90</ItemPrice>
      <UnitOfMeasurePrice>19.90</UnitOfMeasurePrice>
      <AllowDiscount>1</AllowDiscount>
      <itemStatus>1</itemStatus>
      <LastUpdateDate />
      <LastUpdateTime />
    </Product>
    <Product>
      <PriceUpdateDate>2014/12/02 11:17</PriceUpdateDate>
      <ItemCode>3838824240299</ItemCode>
      <ItemType>1</ItemType>
      <ItemName>צבעי שיער  ערמונים בהיר סמי קיט</ItemName>
      <ManufactureName>הנקל סוד בעמ</ManufactureName>
      <ManufactureCountry />
      <ManufactureItemDescription />
      <UnitQty>י"ח</UnitQty>
      <Quantity>1</Quantity>
      <UnitMeasure />
      <BisWeighted>0</BisWeighted>
      <QtyInPackage>1</QtyInPackage>
      <ItemPrice>24</ItemPrice>
      <UnitOfMeasurePrice>24</UnitOfMeasurePrice>
      <AllowDiscount>1</AllowDiscount>
      <itemStatus>1</itemStatus>
      <LastUpdateDate />
      <LastUpdateTime />
    </Product>
    <Product>
      <PriceUpdateDate>2018/07/29 14:17</PriceUpdateDate>
      <ItemCode>3838824276007</ItemCode>
      <ItemType>1</ItemType>
      <ItemName>צבעי שיער  בלונד בהיר מאוד סמי קיט</ItemName>
      <ManufactureName>הנקל סוד בעמ</ManufactureName>
      <ManufactureCountry />
      <ManufactureItemDescription />
      <UnitQty>י"ח</UnitQty>
      <Quantity>1</Quantity>
      <UnitMeasure />
      <BisWeighted>0</BisWeighted>
      <QtyInPackage>1</QtyInPackage>
      <ItemPrice>19.90</ItemPrice>
      <UnitOfMeasurePrice>19.90</UnitOfMeasurePrice>
      <AllowDiscount>1</AllowDiscount>
      <itemStatus>1</itemStatus>
      <LastUpdateDate />
      <LastUpdateTime />
    </Product>
    <Product>
      <PriceUpdateDate>2016/03/07 14:34</PriceUpdateDate>
      <ItemCode>3838824292885</ItemCode>
      <ItemType>1</ItemType>
      <ItemName>צבעי שיער סמי קיט</ItemName>
      <ManufactureName>הנקל סוד בעמ</ManufactureName>
      <ManufactureCountry />
      <ManufactureItemDescription />
      <UnitQty>י"ח</UnitQty>
      <Quantity>1</Quantity>
      <UnitMeasure />
      <BisWeighted>0</BisWeighted>
      <QtyInPackage>1</QtyInPackage>
      <ItemPrice>23.90</ItemPrice>
      <UnitOfMeasurePrice>23.90</UnitOfMeasurePrice>
      <AllowDiscount>1</AllowDiscount>
      <itemStatus>1</itemStatus>
      <LastUpdateDate />
      <LastUpdateTime />
    </Product>
    <Product>
      <PriceUpdateDate>2018/07/29 14:17</PriceUpdateDate>
      <ItemCode>3838824292908</ItemCode>
      <ItemType>1</ItemType>
      <ItemName>צבעי שיער סמי קיט</ItemName>
      <ManufactureName>הנקל סוד בעמ</ManufactureName>
      <ManufactureCountry />
      <ManufactureItemDescription />
      <UnitQty>י"ח</UnitQty>
      <Quantity>1</Quantity>
      <UnitMeasure />
      <BisWeighted>0</BisWeighted>
      <QtyInPackage>1</QtyInPackage>
      <ItemPrice>19.90</ItemPrice>
      <UnitOfMeasurePrice>19.90</UnitOfMeasurePrice>
      <AllowDiscount>1</AllowDiscount>
      <itemStatus>1</itemStatus>
      <LastUpdateDate />
      <LastUpdateTime />
    </Product>
    <Product>
      <PriceUpdateDate>2016/03/07 14:34</PriceUpdateDate>
      <ItemCode>3838824292922</ItemCode>
      <ItemType>1</ItemType>
      <ItemName>צבעי שיער סמי קיט</ItemName>
      <ManufactureName>הנקל סוד בעמ</ManufactureName>
      <ManufactureCountry />
      <ManufactureItemDescription />
      <UnitQty>י"ח</UnitQty>
      <Quantity>1</Quantity>
      <UnitMeasure />
      <BisWeighted>0</BisWeighted>
      <QtyInPackage>1</QtyInPackage>
      <ItemPrice>23.90</ItemPrice>
      <UnitOfMeasurePrice>23.90</UnitOfMeasurePrice>
      <AllowDiscount>1</AllowDiscount>
      <itemStatus>1</itemStatus>
      <LastUpdateDate />
      <LastUpdateTime />
    </Product>
    <Product>
      <PriceUpdateDate>2016/03/07 14:34</PriceUpdateDate>
      <ItemCode>3838824293387</ItemCode>
      <ItemType>1</ItemType>
      <ItemName>צבעי שיער במי  קיט</ItemName>
      <ManufactureName>הנקל סוד בעמ</ManufactureName>
      <ManufactureCountry />
      <ManufactureItemDescription />
      <UnitQty>י"ח</UnitQty>
      <Quantity>1</Quantity>
      <UnitMeasure />
      <BisWeighted>0</BisWeighted>
      <QtyInPackage>1</QtyInPackage>
      <ItemPrice>23.90</ItemPrice>
      <UnitOfMeasurePrice>23.90</UnitOfMeasurePrice>
      <AllowDiscount>1</AllowDiscount>
      <itemStatus>1</itemStatus>
      <LastUpdateDate />
      <LastUpdateTime />
    </Product>
    <Product>
      <PriceUpdateDate>2018/07/29 14:17</PriceUpdateDate>
      <ItemCode>3838824327099</ItemCode>
      <ItemType>1</ItemType>
      <ItemName>צבעי שיער סמי קיט</ItemName>
      <ManufactureName>הנקל סוד בעמ</ManufactureName>
      <ManufactureCountry />
      <ManufactureItemDescription />
      <UnitQty>י"ח</UnitQty>
      <Quantity>1</Quantity>
      <UnitMeasure />
      <BisWeighted>0</BisWeighted>
      <QtyInPackage>1</QtyInPackage>
      <ItemPrice>19.90</ItemPrice>
      <UnitOfMeasurePrice>19.90</UnitOfMeasurePrice>
      <AllowDiscount>1</AllowDiscount>
      <itemStatus>1</itemStatus>
      <LastUpdateDate />
      <LastUpdateTime />
    </Product>
    <Product>
      <PriceUpdateDate>2017/08/07 09:15</PriceUpdateDate>
      <ItemCode>3838824327112</ItemCode>
      <ItemType>1</ItemType>
      <ItemName>צבעי שיער סמי קיט</ItemName>
      <ManufactureName>הנקל סוד בעמ</ManufactureName>
      <ManufactureCountry />
      <ManufactureItemDescription />
      <UnitQty>י"ח</UnitQty>
      <Quantity>1</Quantity>
      <UnitMeasure />
      <BisWeighted>0</BisWeighted>
      <QtyInPackage>1</QtyInPackage>
      <ItemPrice>23.90</ItemPrice>
      <UnitOfMeasurePrice>23.90</UnitOfMeasurePrice>
      <AllowDiscount>1</AllowDiscount>
      <itemStatus>1</itemStatus>
      <LastUpdateDate />
      <LastUpdateTime />
    </Product>
    <Product>
      <PriceUpdateDate>2018/07/29 14:17</PriceUpdateDate>
      <ItemCode>3838824332116</ItemCode>
      <ItemType>1</ItemType>
      <ItemName>צבעי שיער סמי קיט</ItemName>
      <ManufactureName>הנקל סוד בעמ</ManufactureName>
      <ManufactureCountry />
      <ManufactureItemDescription />
      <UnitQty>י"ח</UnitQty>
      <Quantity>1</Quantity>
      <UnitMeasure />
      <BisWeighted>0</BisWeighted>
      <QtyInPackage>1</QtyInPackage>
      <ItemPrice>19.90</ItemPrice>
      <UnitOfMeasurePrice>19.90</UnitOfMeasurePrice>
      <AllowDiscount>1</AllowDiscount>
      <itemStatus>1</itemStatus>
      <LastUpdateDate />
      <LastUpdateTime />
    </Product>
    <Product>
      <PriceUpdateDate>2018/07/29 14:17</PriceUpdateDate>
      <ItemCode>3838824332130</ItemCode>
      <ItemType>1</ItemType>
      <ItemName>צבעי שיער סמי קיט</ItemName>
      <ManufactureName>הנקל סוד בעמ</ManufactureName>
      <ManufactureCountry />
      <ManufactureItemDescription />
      <UnitQty>י"ח</UnitQty>
      <Quantity>1</Quantity>
      <UnitMeasure />
      <BisWeighted>0</BisWeighted>
      <QtyInPackage>1</QtyInPackage>
      <ItemPrice>19.90</ItemPrice>
      <UnitOfMeasurePrice>19.90</UnitOfMeasurePrice>
      <AllowDiscount>1</AllowDiscount>
      <itemStatus>1</itemStatus>
      <LastUpdateDate />
      <LastUpdateTime />
    </Product>
    <Product>
      <PriceUpdateDate>2018/07/29 14:17</PriceUpdateDate>
      <ItemCode>3838824332154</ItemCode>
      <ItemType>1</ItemType>
      <ItemName>צבעי שיער סמי קיט</ItemName>
      <ManufactureName>הנקל סוד בעמ</ManufactureName>
      <ManufactureCountry />
      <ManufactureItemDescription />
      <UnitQty>י"ח</UnitQty>
      <Quantity>1</Quantity>
      <UnitMeasure />
      <BisWeighted>0</BisWeighted>
      <QtyInPackage>1</QtyInPackage>
      <ItemPrice>19.90</ItemPrice>
      <UnitOfMeasurePrice>19.90</UnitOfMeasurePrice>
      <AllowDiscount>1</AllowDiscount>
      <itemStatus>1</itemStatus>
      <LastUpdateDate />
      <LastUpdateTime />
    </Product>
    <Product>
      <PriceUpdateDate>2018/07/29 14:17</PriceUpdateDate>
      <ItemCode>3838824332178</ItemCode>
      <ItemType>1</ItemType>
      <ItemName>צבעי שיער סמי קיט</ItemName>
      <ManufactureName>הנקל סוד בעמ</ManufactureName>
      <ManufactureCountry />
      <ManufactureItemDescription />
      <UnitQty>י"ח</UnitQty>
      <Quantity>1</Quantity>
      <UnitMeasure />
      <BisWeighted>0</BisWeighted>
      <QtyInPackage>1</QtyInPackage>
      <ItemPrice>19.90</ItemPrice>
      <UnitOfMeasurePrice>19.90</UnitOfMeasurePrice>
      <AllowDiscount>1</AllowDiscount>
      <itemStatus>1</itemStatus>
      <LastUpdateDate />
      <LastUpdateTime />
    </Product>
    <Product>
      <PriceUpdateDate>2020/05/03 15:08</PriceUpdateDate>
      <ItemCode>4000417704009</ItemCode>
      <ItemType>1</ItemType>
      <ItemName>ריטר ספורט חלב עם שקדים שלמים</ItemName>
      <ManufactureName>ליימן שליסל</ManufactureName>
      <ManufactureCountry />
      <ManufactureItemDescription />
      <UnitQty>י"ח</UnitQty>
      <Quantity>100</Quantity>
      <UnitMeasure>ל  גרם</UnitMeasure>
      <BisWeighted>0</BisWeighted>
      <QtyInPackage>1</QtyInPackage>
      <ItemPrice>10.90</ItemPrice>
      <UnitOfMeasurePrice>10.90</UnitOfMeasurePrice>
      <AllowDiscount>0</AllowDiscount>
      <itemStatus>1</itemStatus>
      <LastUpdateDate />
      <LastUpdateTime />
    </Product>
    <Product>
      <PriceUpdateDate>2016/11/15 09:22</PriceUpdateDate>
      <ItemCode>4000522009747</ItemCode>
      <ItemType>1</ItemType>
      <ItemName>סטיקלטי תפו"א 80גר</ItemName>
      <ManufactureName>ר.ב. מוצרי דגנים בעמ</ManufactureName>
      <ManufactureCountry />
      <ManufactureItemDescription />
      <UnitQty>י"ח</UnitQty>
      <Quantity>80</Quantity>
      <UnitMeasure>ל  גרם</UnitMeasure>
      <BisWeighted>0</BisWeighted>
      <QtyInPackage>1</QtyInPackage>
      <ItemPrice>3.90</ItemPrice>
      <UnitOfMeasurePrice>4.88</UnitOfMeasurePrice>
      <AllowDiscount>1</AllowDiscount>
      <itemStatus>1</itemStatus>
      <LastUpdateDate />
      <LastUpdateTime />
    </Product>
    <Product>
      <PriceUpdateDate>2016/11/15 09:22</PriceUpdateDate>
      <ItemCode>4000522060311</ItemCode>
      <ItemType>1</ItemType>
      <ItemName>בייגלה צ`יו שמיניות 100גר</ItemName>
      <ManufactureName>ר.ב. מוצרי דגנים בעמ</ManufactureName>
      <ManufactureCountry />
      <ManufactureItemDescription />
      <UnitQty>י"ח</UnitQty>
      <Quantity>100</Quantity>
      <UnitMeasure>ל  גרם</UnitMeasure>
      <BisWeighted>0</BisWeighted>
      <QtyInPackage>1</QtyInPackage>
      <ItemPrice>3.90</ItemPrice>
      <UnitOfMeasurePrice>3.90</UnitOfMeasurePrice>
      <AllowDiscount>1</AllowDiscount>
      <itemStatus>1</itemStatus>
      <LastUpdateDate />
      <LastUpdateTime />
    </Product>
    <Product>
      <PriceUpdateDate>2016/11/15 09:22</PriceUpdateDate>
      <ItemCode>4000522061752</ItemCode>
      <ItemType>1</ItemType>
      <ItemName>בייגלה צ`יו מקלות 100גר</ItemName>
      <ManufactureName>ר.ב. מוצרי דגנים בעמ</ManufactureName>
      <ManufactureCountry />
      <ManufactureItemDescription />
      <UnitQty>י"ח</UnitQty>
      <Quantity>100</Quantity>
      <UnitMeasure>ל  גרם</UnitMeasure>
      <BisWeighted>0</BisWeighted>
      <QtyInPackage>1</QtyInPackage>
      <ItemPrice>3.90</ItemPrice>
      <UnitOfMeasurePrice>3.90</UnitOfMeasurePrice>
      <AllowDiscount>1</AllowDiscount>
      <itemStatus>1</itemStatus>
      <LastUpdateDate />
      <LastUpdateTime />
    </Product>
    <Product>
      <PriceUpdateDate>2020/01/28 07:45</PriceUpdateDate>
      <ItemCode>4001432773230</ItemCode>
      <ItemType>1</ItemType>
      <ItemName>יין בלו ווין מבעבע זהב כשר 750מ"ל מאר</ItemName>
      <ManufactureName>היכל היין שקד גולן בעמ</ManufactureName>
      <ManufactureCountry />
      <ManufactureItemDescription />
      <UnitQty>י"ח</UnitQty>
      <Quantity>750</Quantity>
      <UnitMeasure>ל  מ"ל</UnitMeasure>
      <BisWeighted>0</BisWeighted>
      <QtyInPackage>1</QtyInPackage>
      <ItemPrice>59.90</ItemPrice>
      <UnitOfMeasurePrice>7.95</UnitOfMeasurePrice>
      <AllowDiscount>1</AllowDiscount>
      <itemStatus>1</itemStatus>
      <LastUpdateDate />
      <LastUpdateTime />
    </Product>
    <Product>
      <PriceUpdateDate>2019/10/28 09:56</PriceUpdateDate>
      <ItemCode>4001432774039</ItemCode>
      <ItemType>1</ItemType>
      <ItemName>יין גולדן  פיק מוסקטו 750מ"ל</ItemName>
      <ManufactureName>היכל היין שקד גולן בעמ</ManufactureName>
      <ManufactureCountry />
      <ManufactureItemDescription />
      <UnitQty>י"ח</UnitQty>
      <Quantity>750</Quantity>
      <UnitMeasure>ל  מ"ל</UnitMeasure>
      <BisWeighted>0</BisWeighted>
      <QtyInPackage>1</QtyInPackage>
      <ItemPrice>32.90</ItemPrice>
      <UnitOfMeasurePrice>4.35</UnitOfMeasurePrice>
      <AllowDiscount>1</AllowDiscount>
      <itemStatus>1</itemStatus>
      <LastUpdateDate />
      <LastUpdateTime />
    </Product>
    <Product>
      <PriceUpdateDate>2019/06/04 11:18</PriceUpdateDate>
      <ItemCode>4001432775036</ItemCode>
      <ItemType>1</ItemType>
      <ItemName>יין גולדן פיק לבן 750מ"ל</ItemName>
      <ManufactureName>היכל היין שקד גולן בעמ</ManufactureName>
      <ManufactureCountry />
      <ManufactureItemDescription />
      <UnitQty>י"ח</UnitQty>
      <Quantity>750</Quantity>
      <UnitMeasure>ל  מ"ל</UnitMeasure>
      <BisWeighted>0</BisWeighted>
      <QtyInPackage>1</QtyInPackage>
      <ItemPrice>32.90</ItemPrice>
      <UnitOfMeasurePrice>4.35</UnitOfMeasurePrice>
      <AllowDiscount>1</AllowDiscount>
      <itemStatus>1</itemStatus>
      <LastUpdateDate />
      <LastUpdateTime />
    </Product>
    <Product>
      <PriceUpdateDate>2019/06/04 11:18</PriceUpdateDate>
      <ItemCode>4001432776033</ItemCode>
      <ItemType>1</ItemType>
      <ItemName>יין גולדן  פיק 750מ"ל</ItemName>
      <ManufactureName>היכל היין שקד גולן בעמ</ManufactureName>
      <ManufactureCountry />
      <ManufactureItemDescription />
      <UnitQty>י"ח</UnitQty>
      <Quantity>750</Quantity>
      <UnitMeasure>ל  מ"ל</UnitMeasure>
      <BisWeighted>0</BisWeighted>
      <QtyInPackage>1</QtyInPackage>
      <ItemPrice>32.90</ItemPrice>
      <UnitOfMeasurePrice>4.35</UnitOfMeasurePrice>
      <AllowDiscount>1</AllowDiscount>
      <itemStatus>1</itemStatus>
      <LastUpdateDate />
      <LastUpdateTime />
    </Product>
    <Product>
      <PriceUpdateDate>2019/06/04 11:18</PriceUpdateDate>
      <ItemCode>4001432777030</ItemCode>
      <ItemType>1</ItemType>
      <ItemName>יין גולדן פיק אדום 750מ"ל</ItemName>
      <ManufactureName>היכל היין שקד גולן בעמ</ManufactureName>
      <ManufactureCountry />
      <ManufactureItemDescription />
      <UnitQty>י"ח</UnitQty>
      <Quantity>750</Quantity>
      <UnitMeasure>ל  מ"ל</UnitMeasure>
      <BisWeighted>0</BisWeighted>
      <QtyInPackage>1</QtyInPackage>
      <ItemPrice>32.90</ItemPrice>
      <UnitOfMeasurePrice>4.35</UnitOfMeasurePrice>
      <AllowDiscount>1</AllowDiscount>
      <itemStatus>1</itemStatus>
      <LastUpdateDate />
      <LastUpdateTime />
    </Product>
    <Product>
      <PriceUpdateDate>2016/11/15 09:22</PriceUpdateDate>
      <ItemCode>4001518000298</ItemCode>
      <ItemType>1</ItemType>
      <ItemName>עוגיות שוקולד ציפס 150ג</ItemName>
      <ManufactureName>ר.ב. מוצרי דגנים בעמ</ManufactureName>
      <ManufactureCountry />
      <ManufactureItemDescription />
      <UnitQty>י"ח</UnitQty>
      <Quantity>150</Quantity>
      <UnitMeasure>ל  גרם</UnitMeasure>
      <BisWeighted>0</BisWeighted>
      <QtyInPackage>1</QtyInPackage>
      <ItemPrice>6.90</ItemPrice>
      <UnitOfMeasurePrice>4.60</UnitOfMeasurePrice>
      <AllowDiscount>1</AllowDiscount>
      <itemStatus>1</itemStatus>
      <LastUpdateDate />
      <LastUpdateTime />
    </Product>
    <Product>
      <PriceUpdateDate>2016/11/15 09:22</PriceUpdateDate>
      <ItemCode>4001518001219</ItemCode>
      <ItemType>1</ItemType>
      <ItemName>עוגיות שוקציפס עם שברי אגוזים</ItemName>
      <ManufactureName>ר.ב. מוצרי דגנים בעמ</ManufactureName>
      <ManufactureCountry />
      <ManufactureItemDescription />
      <UnitQty>י"ח</UnitQty>
      <Quantity>150</Quantity>
      <UnitMeasure>ל  גרם</UnitMeasure>
      <BisWeighted>0</BisWeighted>
      <QtyInPackage>1</QtyInPackage>
      <ItemPrice>6.90</ItemPrice>
      <UnitOfMeasurePrice>4.60</UnitOfMeasurePrice>
      <AllowDiscount>1</AllowDiscount>
      <itemStatus>1</itemStatus>
      <LastUpdateDate />
      <LastUpdateTime />
    </Product>
    <Product>
      <PriceUpdateDate>2016/11/15 09:22</PriceUpdateDate>
      <ItemCode>4001518107638</ItemCode>
      <ItemType>1</ItemType>
      <ItemName>עוגיות שוקוצ`יפס דאבל שוקולד  150גר</ItemName>
      <ManufactureName>ר.ב. מוצרי דגנים בעמ</ManufactureName>
      <ManufactureCountry />
      <ManufactureItemDescription />
      <UnitQty>י"ח</UnitQty>
      <Quantity>150</Quantity>
      <UnitMeasure>ל  גרם</UnitMeasure>
      <BisWeighted>0</BisWeighted>
      <QtyInPackage>1</QtyInPackage>
      <ItemPrice>6.90</ItemPrice>
      <UnitOfMeasurePrice>4.60</UnitOfMeasurePrice>
      <AllowDiscount>1</AllowDiscount>
      <itemStatus>1</itemStatus>
      <LastUpdateDate />
      <LastUpdateTime />
    </Product>
    <Product>
      <PriceUpdateDate>2016/11/15 09:22</PriceUpdateDate>
      <ItemCode>4001518108642</ItemCode>
      <ItemType>1</ItemType>
      <ItemName>עוגיות  סנדוויץ`במילוי קרם וניל 180גר</ItemName>
      <ManufactureName>ר.ב. מוצרי דגנים בעמ</ManufactureName>
      <ManufactureCountry />
      <ManufactureItemDescription />
      <UnitQty>י"ח</UnitQty>
      <Quantity>180</Quantity>
      <UnitMeasure>ל  גרם</UnitMeasure>
      <BisWeighted>0</BisWeighted>
      <QtyInPackage>1</QtyInPackage>
      <ItemPrice>6.90</ItemPrice>
      <UnitOfMeasurePrice>3.83</UnitOfMeasurePrice>
      <AllowDiscount>1</AllowDiscount>
      <itemStatus>1</itemStatus>
      <LastUpdateDate />
      <LastUpdateTime />
    </Product>
    <Product>
      <PriceUpdateDate>2019/03/11 08:35</PriceUpdateDate>
      <ItemCode>4002448017684</ItemCode>
      <ItemType>1</ItemType>
      <ItemName>סיליט באנג ספריי רב שימושי</ItemName>
      <ManufactureName>רקיט בנקיזר (ניר איסט) בעמ</ManufactureName>
      <ManufactureCountry />
      <ManufactureItemDescription />
      <UnitQty>י"ח</UnitQty>
      <Quantity>750</Quantity>
      <UnitMeasure>ל  מ"ל</UnitMeasure>
      <BisWeighted>0</BisWeighted>
      <QtyInPackage>1</QtyInPackage>
      <ItemPrice>12.90</ItemPrice>
      <UnitOfMeasurePrice>1.72</UnitOfMeasurePrice>
      <AllowDiscount>1</AllowDiscount>
      <itemStatus>1</itemStatus>
      <LastUpdateDate />
      <LastUpdateTime />
    </Product>
    <Product>
      <PriceUpdateDate>2019/10/02 14:34</PriceUpdateDate>
      <ItemCode>4002448019480</ItemCode>
      <ItemType>1</ItemType>
      <ItemName>~סיליט באנג מסיר שומנים</ItemName>
      <ManufactureName>רקיט בנקיזר (ניר איסט) בעמ</ManufactureName>
      <ManufactureCountry />
      <ManufactureItemDescription />
      <UnitQty>י"ח</UnitQty>
      <Quantity>750</Quantity>
      <UnitMeasure>ל  מ"ל</UnitMeasure>
      <BisWeighted>0</BisWeighted>
      <QtyInPackage>1</QtyInPackage>
      <ItemPrice>12.90</ItemPrice>
      <UnitOfMeasurePrice>1.72</UnitOfMeasurePrice>
      <AllowDiscount>1</AllowDiscount>
      <itemStatus>1</itemStatus>
      <LastUpdateDate />
      <LastUpdateTime />
    </Product>
    <Product>
      <PriceUpdateDate>2016/06/06 13:49</PriceUpdateDate>
      <ItemCode>4003301067846</ItemCode>
      <ItemType>1</ItemType>
      <ItemName>יין בטעם תפוח דונה אפל</ItemName>
      <ManufactureName>א.ג.ת.ד. שיווק והפצה</ManufactureName>
      <ManufactureCountry />
      <ManufactureItemDescription />
      <UnitQty>י"ח</UnitQty>
      <Quantity>75</Quantity>
      <UnitMeasure>ל  מ"ל</UnitMeasure>
      <BisWeighted>0</BisWeighted>
      <QtyInPackage>1</QtyInPackage>
      <ItemPrice>20.20</ItemPrice>
      <UnitOfMeasurePrice>26.53</UnitOfMeasurePrice>
      <AllowDiscount>1</AllowDiscount>
      <itemStatus>1</itemStatus>
      <LastUpdateDate />
      <LastUpdateTime />
    </Product>
    <Product>
      <PriceUpdateDate>2016/06/06 13:49</PriceUpdateDate>
      <ItemCode>4003301071720</ItemCode>
      <ItemType>1</ItemType>
      <ItemName>יין דונה בליני אפרסק</ItemName>
      <ManufactureName>א.ג.ת.ד. שיווק והפצה</ManufactureName>
      <ManufactureCountry />
      <ManufactureItemDescription />
      <UnitQty>י"ח</UnitQty>
      <Quantity>75</Quantity>
      <UnitMeasure>ל  מ"ל</UnitMeasure>
      <BisWeighted>0</BisWeighted>
      <QtyInPackage>1</QtyInPackage>
      <ItemPrice>20.20</ItemPrice>
      <UnitOfMeasurePrice>26.53</UnitOfMeasurePrice>
      <AllowDiscount>1</AllowDiscount>
      <itemStatus>1</itemStatus>
      <LastUpdateDate />
      <LastUpdateTime />
    </Product>
    <Product>
      <PriceUpdateDate>2017/02/27 12:25</PriceUpdateDate>
      <ItemCode>4003301071744</ItemCode>
      <ItemType>1</ItemType>
      <ItemName>יין דונה אסאי בלוברי מוגז</ItemName>
      <ManufactureName>א.ג.ת.ד. שיווק והפצה</ManufactureName>
      <ManufactureCountry />
      <ManufactureItemDescription />
      <UnitQty>י"ח</UnitQty>
      <Quantity>75</Quantity>
      <UnitMeasure>ל  מ"ל</UnitMeasure>
      <BisWeighted>0</BisWeighted>
      <QtyInPackage>1</QtyInPackage>
      <ItemPrice>20.20</ItemPrice>
      <UnitOfMeasurePrice>26.53</UnitOfMeasurePrice>
      <AllowDiscount>1</AllowDiscount>
      <itemStatus>1</itemStatus>
      <LastUpdateDate />
      <LastUpdateTime />
    </Product>
    <Product>
      <PriceUpdateDate>2016/06/06 13:49</PriceUpdateDate>
      <ItemCode>4003301071768</ItemCode>
      <ItemType>1</ItemType>
      <ItemName>יין דונה בליני רימונים</ItemName>
      <ManufactureName>א.ג.ת.ד. שיווק והפצה</ManufactureName>
      <ManufactureCountry />
      <ManufactureItemDescription />
      <UnitQty>י"ח</UnitQty>
      <Quantity>75</Quantity>
      <UnitMeasure>ל  מ"ל</UnitMeasure>
      <BisWeighted>0</BisWeighted>
      <QtyInPackage>1</QtyInPackage>
      <ItemPrice>20.20</ItemPrice>
      <UnitOfMeasurePrice>26.53</UnitOfMeasurePrice>
      <AllowDiscount>1</AllowDiscount>
      <itemStatus>1</itemStatus>
      <LastUpdateDate />
      <LastUpdateTime />
    </Product>
    <Product>
      <PriceUpdateDate>2019/05/12 09:04</PriceUpdateDate>
      <ItemCode>4005808124787</ItemCode>
      <ItemType>1</ItemType>
      <ItemName>תחליב רחצה RELAXING MOMENTS 750מ"ל</ItemName>
      <ManufactureName>אלפא ב.ד.ף בעמ</ManufactureName>
      <ManufactureCountry />
      <ManufactureItemDescription />
      <UnitQty>י"ח</UnitQty>
      <Quantity>750</Quantity>
      <UnitMeasure>ל  מ"ל</UnitMeasure>
      <BisWeighted>0</BisWeighted>
      <QtyInPackage>1</QtyInPackage>
      <ItemPrice>19.90</ItemPrice>
      <UnitOfMeasurePrice>2.65</UnitOfMeasurePrice>
      <AllowDiscount>1</AllowDiscount>
      <itemStatus>1</itemStatus>
      <LastUpdateDate />
      <LastUpdateTime />
    </Product>
    <Product>
      <PriceUpdateDate>2014/04/09 17:14</PriceUpdateDate>
      <ItemCode>4005808229604</ItemCode>
      <ItemType>1</ItemType>
      <ItemName>דאו סרול ספריי ספורט</ItemName>
      <ManufactureName>אלפא ב.ד.ף בעמ</ManufactureName>
      <ManufactureCountry />
      <ManufactureItemDescription />
      <UnitQty>י"ח</UnitQty>
      <Quantity>150</Quantity>
      <UnitMeasure>ל  מ"ל</UnitMeasure>
      <BisWeighted>0</BisWeighted>
      <QtyInPackage>1</QtyInPackage>
      <ItemPrice>21.90</ItemPrice>
      <UnitOfMeasurePrice>14.60</UnitOfMeasurePrice>
      <AllowDiscount>1</AllowDiscount>
      <itemStatus>1</itemStatus>
      <LastUpdateDate />
      <LastUpdateTime />
    </Product>
    <Product>
      <PriceUpdateDate>2013/11/24 11:47</PriceUpdateDate>
      <ItemCode>4005808230860</ItemCode>
      <ItemType>1</ItemType>
      <ItemName>דאו  ספריי דאבל אפקט</ItemName>
      <ManufactureName>אלפא ב.ד.ף בעמ</ManufactureName>
      <ManufactureCountry />
      <ManufactureItemDescription />
      <UnitQty>י"ח</UnitQty>
      <Quantity>150</Quantity>
      <UnitMeasure>ל  מ"ל</UnitMeasure>
      <BisWeighted>0</BisWeighted>
      <QtyInPackage>1</QtyInPackage>
      <ItemPrice>21.90</ItemPrice>
      <UnitOfMeasurePrice>14.60</UnitOfMeasurePrice>
      <AllowDiscount>1</AllowDiscount>
      <itemStatus>1</itemStatus>
      <LastUpdateDate />
      <LastUpdateTime />
    </Product>
    <Product>
      <PriceUpdateDate>2013/11/24 11:47</PriceUpdateDate>
      <ItemCode>4005808231232</ItemCode>
      <ItemType>1</ItemType>
      <ItemName>דאו נשים   רול און דאבל אפקט</ItemName>
      <ManufactureName>אלפא ב.ד.ף בעמ</ManufactureName>
      <ManufactureCountry />
      <ManufactureItemDescription />
      <UnitQty>י"ח</UnitQty>
      <Quantity>150</Quantity>
      <UnitMeasure>ל  מ"ל</UnitMeasure>
      <BisWeighted>0</BisWeighted>
      <QtyInPackage>1</QtyInPackage>
      <ItemPrice>21.90</ItemPrice>
      <UnitOfMeasurePrice>14.60</UnitOfMeasurePrice>
      <AllowDiscount>1</AllowDiscount>
      <itemStatus>1</itemStatus>
      <LastUpdateDate />
      <LastUpdateTime />
    </Product>
    <Product>
      <PriceUpdateDate>2014/04/09 17:14</PriceUpdateDate>
      <ItemCode>4005808307296</ItemCode>
      <ItemType>1</ItemType>
      <ItemName>דאו רול און סילבר</ItemName>
      <ManufactureName>אלפא ב.ד.ף בעמ</ManufactureName>
      <ManufactureCountry />
      <ManufactureItemDescription />
      <UnitQty>י"ח</UnitQty>
      <Quantity>150</Quantity>
      <UnitMeasure>ל  מ"ל</UnitMeasure>
      <BisWeighted>0</BisWeighted>
      <QtyInPackage>1</QtyInPackage>
      <ItemPrice>21.90</ItemPrice>
      <UnitOfMeasurePrice>14.60</UnitOfMeasurePrice>
      <AllowDiscount>1</AllowDiscount>
      <itemStatus>1</itemStatus>
      <LastUpdateDate />
      <LastUpdateTime />
    </Product>
    <Product>
      <PriceUpdateDate>2019/05/12 09:04</PriceUpdateDate>
      <ItemCode>4005808312900</ItemCode>
      <ItemType>1</ItemType>
      <ItemName>תחליב רחצה DIAMOND TOUCH 750מ"ל</ItemName>
      <ManufactureName>אלפא ב.ד.ף בעמ</ManufactureName>
      <ManufactureCountry />
      <ManufactureItemDescription />
      <UnitQty>י"ח</UnitQty>
      <Quantity>750</Quantity>
      <UnitMeasure>ל  מ"ל</UnitMeasure>
      <BisWeighted>0</BisWeighted>
      <QtyInPackage>1</QtyInPackage>
      <ItemPrice>19.90</ItemPrice>
      <UnitOfMeasurePrice>2.65</UnitOfMeasurePrice>
      <AllowDiscount>1</AllowDiscount>
      <itemStatus>1</itemStatus>
      <LastUpdateDate />
      <LastUpdateTime />
    </Product>
    <Product>
      <PriceUpdateDate>2017/09/27 07:21</PriceUpdateDate>
      <ItemCode>4005808366392</ItemCode>
      <ItemType>1</ItemType>
      <ItemName>שפתון לבלו כחול</ItemName>
      <ManufactureName>אלפא ב.ד.ף בעמ</ManufactureName>
      <ManufactureCountry />
      <ManufactureItemDescription />
      <UnitQty>י"ח</UnitQty>
      <Quantity>1</Quantity>
      <UnitMeasure />
      <BisWeighted>0</BisWeighted>
      <QtyInPackage>1</QtyInPackage>
      <ItemPrice>11.90</ItemPrice>
      <UnitOfMeasurePrice>11.90</UnitOfMeasurePrice>
      <AllowDiscount>1</AllowDiscount>
      <itemStatus>1</itemStatus>
      <LastUpdateDate />
      <LastUpdateTime />
    </Product>
    <Product>
      <PriceUpdateDate>2017/09/27 07:21</PriceUpdateDate>
      <ItemCode>4005808368280</ItemCode>
      <ItemType>1</ItemType>
      <ItemName>שפתון לבלו דובדבן</ItemName>
      <ManufactureName>אלפא ב.ד.ף בעמ</ManufactureName>
      <ManufactureCountry />
      <ManufactureItemDescription />
      <UnitQty>י"ח</UnitQty>
      <Quantity>1</Quantity>
      <UnitMeasure>י"ח</UnitMeasure>
      <BisWeighted>0</BisWeighted>
      <QtyInPackage>1</QtyInPackage>
      <ItemPrice>11.90</ItemPrice>
      <UnitOfMeasurePrice>11.90</UnitOfMeasurePrice>
      <AllowDiscount>1</AllowDiscount>
      <itemStatus>1</itemStatus>
      <LastUpdateDate />
      <LastUpdateTime />
    </Product>
    <Product>
      <PriceUpdateDate>2018/02/21 08:40</PriceUpdateDate>
      <ItemCode>4005808400348</ItemCode>
      <ItemType>1</ItemType>
      <ItemName>קרם רב שימושי מיוחד לתינוק 150מ"ל</ItemName>
      <ManufactureName>אלפא ב.ד.ף בעמ</ManufactureName>
      <ManufactureCountry />
      <ManufactureItemDescription />
      <UnitQty>י"ח</UnitQty>
      <Quantity>150</Quantity>
      <UnitMeasure>ל  גרם</UnitMeasure>
      <BisWeighted>0</BisWeighted>
      <QtyInPackage>1</QtyInPackage>
      <ItemPrice>29.90</ItemPrice>
      <UnitOfMeasurePrice>19.93</UnitOfMeasurePrice>
      <AllowDiscount>1</AllowDiscount>
      <itemStatus>1</itemStatus>
      <LastUpdateDate />
      <LastUpdateTime />
    </Product>
    <Product>
      <PriceUpdateDate>2019/05/12 09:04</PriceUpdateDate>
      <ItemCode>4005808406029</ItemCode>
      <ItemType>1</ItemType>
      <ItemName>תחליב רחצה סופט 750מ"ל</ItemName>
      <ManufactureName>אלפא ב.ד.ף בעמ</ManufactureName>
      <ManufactureCountry />
      <ManufactureItemDescription />
      <UnitQty>י"ח</UnitQty>
      <Quantity>750</Quantity>
      <UnitMeasure>ל  מ"ל</UnitMeasure>
      <BisWeighted>0</BisWeighted>
      <QtyInPackage>1</QtyInPackage>
      <ItemPrice>19.90</ItemPrice>
      <UnitOfMeasurePrice>2.65</UnitOfMeasurePrice>
      <AllowDiscount>1</AllowDiscount>
      <itemStatus>1</itemStatus>
      <LastUpdateDate />
      <LastUpdateTime />
    </Product>
    <Product>
      <PriceUpdateDate>2013/11/24 11:47</PriceUpdateDate>
      <ItemCode>4005808500000</ItemCode>
      <ItemType>1</ItemType>
      <ItemName>שפתון לבלו כחול</ItemName>
      <ManufactureName>אלפא קוסמטיקה</ManufactureName>
      <ManufactureCountry />
      <ManufactureItemDescription />
      <UnitQty>י"ח</UnitQty>
      <Quantity>1</Quantity>
      <UnitMeasure />
      <BisWeighted>0</BisWeighted>
      <QtyInPackage>1</QtyInPackage>
      <ItemPrice>11.90</ItemPrice>
      <UnitOfMeasurePrice>11.90</UnitOfMeasurePrice>
      <AllowDiscount>1</AllowDiscount>
      <itemStatus>1</itemStatus>
      <LastUpdateDate />
      <LastUpdateTime />
    </Product>
    <Product>
      <PriceUpdateDate>2017/09/27 07:21</PriceUpdateDate>
      <ItemCode>4005808502004</ItemCode>
      <ItemType>1</ItemType>
      <ItemName>שפתון לבלו ורוד</ItemName>
      <ManufactureName>אלפא ב.ד.ף בעמ</ManufactureName>
      <ManufactureCountry />
      <ManufactureItemDescription />
      <UnitQty>י"ח</UnitQty>
      <Quantity>1</Quantity>
      <UnitMeasure>י"ח</UnitMeasure>
      <BisWeighted>0</BisWeighted>
      <QtyInPackage>1</QtyInPackage>
      <ItemPrice>11.90</ItemPrice>
      <UnitOfMeasurePrice>11.90</UnitOfMeasurePrice>
      <AllowDiscount>1</AllowDiscount>
      <itemStatus>1</itemStatus>
      <LastUpdateDate />
      <LastUpdateTime />
    </Product>
    <Product>
      <PriceUpdateDate>2018/10/10 08:28</PriceUpdateDate>
      <ItemCode>4005808559367</ItemCode>
      <ItemType>1</ItemType>
      <ItemName>אקווה סנסשיין ג`ל ניקוי</ItemName>
      <ManufactureName>אלפא ב.ד.ף בעמ</ManufactureName>
      <ManufactureCountry />
      <ManufactureItemDescription />
      <UnitQty>י"ח</UnitQty>
      <Quantity>1</Quantity>
      <UnitMeasure>י"ח</UnitMeasure>
      <BisWeighted>0</BisWeighted>
      <QtyInPackage>1</QtyInPackage>
      <ItemPrice>29.90</ItemPrice>
      <UnitOfMeasurePrice>29.90</UnitOfMeasurePrice>
      <AllowDiscount>1</AllowDiscount>
      <itemStatus>1</itemStatus>
      <LastUpdateDate />
      <LastUpdateTime />
    </Product>
    <Product>
      <PriceUpdateDate>2018/10/10 08:28</PriceUpdateDate>
      <ItemCode>4005808571246</ItemCode>
      <ItemType>1</ItemType>
      <ItemName>מסיר איפור לעיניים</ItemName>
      <ManufactureName>אלפא ב.ד.ף בעמ</ManufactureName>
      <ManufactureCountry />
      <ManufactureItemDescription />
      <UnitQty>י"ח</UnitQty>
      <Quantity>1</Quantity>
      <UnitMeasure>י"ח</UnitMeasure>
      <BisWeighted>0</BisWeighted>
      <QtyInPackage>1</QtyInPackage>
      <ItemPrice>29.90</ItemPrice>
      <UnitOfMeasurePrice>29.90</UnitOfMeasurePrice>
      <AllowDiscount>1</AllowDiscount>
      <itemStatus>1</itemStatus>
      <LastUpdateDate />
      <LastUpdateTime />
    </Product>
    <Product>
      <PriceUpdateDate>2020/02/20 08:05</PriceUpdateDate>
      <ItemCode>4005808650200</ItemCode>
      <ItemType>1</ItemType>
      <ItemName>שפתון לבלו ורוד</ItemName>
      <ManufactureName>אלפא ב.ד.ף בעמ</ManufactureName>
      <ManufactureCountry />
      <ManufactureItemDescription />
      <UnitQty>י"ח</UnitQty>
      <Quantity>1</Quantity>
      <UnitMeasure>י"ח</UnitMeasure>
      <BisWeighted>0</BisWeighted>
      <QtyInPackage>1</QtyInPackage>
      <ItemPrice>11.90</ItemPrice>
      <UnitOfMeasurePrice>11.90</UnitOfMeasurePrice>
      <AllowDiscount>1</AllowDiscount>
      <itemStatus>1</itemStatus>
      <LastUpdateDate />
      <LastUpdateTime />
    </Product>
    <Product>
      <PriceUpdateDate>2019/12/03 07:54</PriceUpdateDate>
      <ItemCode>4005808650712</ItemCode>
      <ItemType>1</ItemType>
      <ItemName>שפתון לבלו ורוד</ItemName>
      <ManufactureName>אלפא ב.ד.ף בעמ</ManufactureName>
      <ManufactureCountry />
      <ManufactureItemDescription />
      <UnitQty>י"ח</UnitQty>
      <Quantity>1</Quantity>
      <UnitMeasure>י"ח</UnitMeasure>
      <BisWeighted>0</BisWeighted>
      <QtyInPackage>1</QtyInPackage>
      <ItemPrice>11.90</ItemPrice>
      <UnitOfMeasurePrice>11.90</UnitOfMeasurePrice>
      <AllowDiscount>1</AllowDiscount>
      <itemStatus>1</itemStatus>
      <LastUpdateDate />
      <LastUpdateTime />
    </Product>
    <Product>
      <PriceUpdateDate>2018/10/10 08:28</PriceUpdateDate>
      <ItemCode>4005808668847</ItemCode>
      <ItemType>1</ItemType>
      <ItemName>ג`ל ניקוי לעור עדין/יבש</ItemName>
      <ManufactureName>אלפא ב.ד.ף בעמ</ManufactureName>
      <ManufactureCountry />
      <ManufactureItemDescription />
      <UnitQty>י"ח</UnitQty>
      <Quantity>1</Quantity>
      <UnitMeasure>י"ח</UnitMeasure>
      <BisWeighted>0</BisWeighted>
      <QtyInPackage>1</QtyInPackage>
      <ItemPrice>29.90</ItemPrice>
      <UnitOfMeasurePrice>29.90</UnitOfMeasurePrice>
      <AllowDiscount>1</AllowDiscount>
      <itemStatus>1</itemStatus>
      <LastUpdateDate />
      <LastUpdateTime />
    </Product>
    <Product>
      <PriceUpdateDate>2018/10/10 08:28</PriceUpdateDate>
      <ItemCode>4005808670314</ItemCode>
      <ItemType>1</ItemType>
      <ItemName>קרם לחות לעור רגיל אקווה אפקט</ItemName>
      <ManufactureName>אלפא ב.ד.ף בעמ</ManufactureName>
      <ManufactureCountry />
      <ManufactureItemDescription />
      <UnitQty>י"ח</UnitQty>
      <Quantity>100</Quantity>
      <UnitMeasure>ל  מ"ל</UnitMeasure>
      <BisWeighted>0</BisWeighted>
      <QtyInPackage>1</QtyInPackage>
      <ItemPrice>49</ItemPrice>
      <UnitOfMeasurePrice>49</UnitOfMeasurePrice>
      <AllowDiscount>1</AllowDiscount>
      <itemStatus>1</itemStatus>
      <LastUpdateDate />
      <LastUpdateTime />
    </Product>
    <Product>
      <PriceUpdateDate>2018/10/10 08:28</PriceUpdateDate>
      <ItemCode>4005808670611</ItemCode>
      <ItemType>1</ItemType>
      <ItemName>קרם לחות לעור יבש</ItemName>
      <ManufactureName>אלפא ב.ד.ף בעמ</ManufactureName>
      <ManufactureCountry />
      <ManufactureItemDescription />
      <UnitQty>י"ח</UnitQty>
      <Quantity>100</Quantity>
      <UnitMeasure>ל  מ"ל</UnitMeasure>
      <BisWeighted>0</BisWeighted>
      <QtyInPackage>1</QtyInPackage>
      <ItemPrice>49</ItemPrice>
      <UnitOfMeasurePrice>49</UnitOfMeasurePrice>
      <AllowDiscount>1</AllowDiscount>
      <itemStatus>1</itemStatus>
      <LastUpdateDate />
      <LastUpdateTime />
    </Product>
    <Product>
      <PriceUpdateDate>2013/11/24 11:47</PriceUpdateDate>
      <ItemCode>4005808702169</ItemCode>
      <ItemType>1</ItemType>
      <ItemName>תחליב גוף לעור רגיל  500מ"ל</ItemName>
      <ManufactureName>אלפא ב.ד.ף בעמ</ManufactureName>
      <ManufactureCountry />
      <ManufactureItemDescription />
      <UnitQty>י"ח</UnitQty>
      <Quantity>500</Quantity>
      <UnitMeasure>ל  גרם</UnitMeasure>
      <BisWeighted>0</BisWeighted>
      <QtyInPackage>1</QtyInPackage>
      <ItemPrice>29.90</ItemPrice>
      <UnitOfMeasurePrice>5.98</UnitOfMeasurePrice>
      <AllowDiscount>1</AllowDiscount>
      <itemStatus>1</itemStatus>
      <LastUpdateDate />
      <LastUpdateTime />
    </Product>
    <Product>
      <PriceUpdateDate>2013/11/24 11:47</PriceUpdateDate>
      <ItemCode>4005808719136</ItemCode>
      <ItemType>1</ItemType>
      <ItemName>דאו  ספריי סטרס פרוטקט אישה</ItemName>
      <ManufactureName>אלפא ב.ד.ף בעמ</ManufactureName>
      <ManufactureCountry />
      <ManufactureItemDescription />
      <UnitQty>י"ח</UnitQty>
      <Quantity>150</Quantity>
      <UnitMeasure>ל  מ"ל</UnitMeasure>
      <BisWeighted>0</BisWeighted>
      <QtyInPackage>1</QtyInPackage>
      <ItemPrice>21.90</ItemPrice>
      <UnitOfMeasurePrice>14.60</UnitOfMeasurePrice>
      <AllowDiscount>1</AllowDiscount>
      <itemStatus>1</itemStatus>
      <LastUpdateDate />
      <LastUpdateTime />
    </Product>
    <Product>
      <PriceUpdateDate>2013/11/24 11:47</PriceUpdateDate>
      <ItemCode>4005808719198</ItemCode>
      <ItemType>1</ItemType>
      <ItemName>דאו  ספריי סטרס פרוטקט גבר</ItemName>
      <ManufactureName>אלפא ב.ד.ף בעמ</ManufactureName>
      <ManufactureCountry />
      <ManufactureItemDescription />
      <UnitQty>י"ח</UnitQty>
      <Quantity>150</Quantity>
      <UnitMeasure>ל  מ"ל</UnitMeasure>
      <BisWeighted>0</BisWeighted>
      <QtyInPackage>1</QtyInPackage>
      <ItemPrice>21.90</ItemPrice>
      <UnitOfMeasurePrice>14.60</UnitOfMeasurePrice>
      <AllowDiscount>1</AllowDiscount>
      <itemStatus>1</itemStatus>
      <LastUpdateDate />
      <LastUpdateTime />
    </Product>
    <Product>
      <PriceUpdateDate>2018/10/10 08:28</PriceUpdateDate>
      <ItemCode>4005808811052</ItemCode>
      <ItemType>1</ItemType>
      <ItemName>מי פנים לעור רגיל/מעורב</ItemName>
      <ManufactureName>אלפא ב.ד.ף בעמ</ManufactureName>
      <ManufactureCountry />
      <ManufactureItemDescription />
      <UnitQty>י"ח</UnitQty>
      <Quantity>1</Quantity>
      <UnitMeasure>י"ח</UnitMeasure>
      <BisWeighted>0</BisWeighted>
      <QtyInPackage>1</QtyInPackage>
      <ItemPrice>29.90</ItemPrice>
      <UnitOfMeasurePrice>29.90</UnitOfMeasurePrice>
      <AllowDiscount>1</AllowDiscount>
      <itemStatus>1</itemStatus>
      <LastUpdateDate />
      <LastUpdateTime />
    </Product>
    <Product>
      <PriceUpdateDate>2018/10/10 08:28</PriceUpdateDate>
      <ItemCode>4005808811069</ItemCode>
      <ItemType>1</ItemType>
      <ItemName>מי פנים לעור עדין/יבש</ItemName>
      <ManufactureName>אלפא ב.ד.ף בעמ</ManufactureName>
      <ManufactureCountry />
      <ManufactureItemDescription />
      <UnitQty>י"ח</UnitQty>
      <Quantity>1</Quantity>
      <UnitMeasure>י"ח</UnitMeasure>
      <BisWeighted>0</BisWeighted>
      <QtyInPackage>1</QtyInPackage>
      <ItemPrice>29.90</ItemPrice>
      <UnitOfMeasurePrice>29.90</UnitOfMeasurePrice>
      <AllowDiscount>1</AllowDiscount>
      <itemStatus>1</itemStatus>
      <LastUpdateDate />
      <LastUpdateTime />
    </Product>
    <Product>
      <PriceUpdateDate>2018/10/10 08:28</PriceUpdateDate>
      <ItemCode>4005808811519</ItemCode>
      <ItemType>1</ItemType>
      <ItemName>ג`ל ניקוי לעור רגיל/מעורב</ItemName>
      <ManufactureName>אלפא ב.ד.ף בעמ</ManufactureName>
      <ManufactureCountry />
      <ManufactureItemDescription />
      <UnitQty>י"ח</UnitQty>
      <Quantity>1</Quantity>
      <UnitMeasure>י"ח</UnitMeasure>
      <BisWeighted>0</BisWeighted>
      <QtyInPackage>1</QtyInPackage>
      <ItemPrice>29.90</ItemPrice>
      <UnitOfMeasurePrice>29.90</UnitOfMeasurePrice>
      <AllowDiscount>1</AllowDiscount>
      <itemStatus>1</itemStatus>
      <LastUpdateDate />
      <LastUpdateTime />
    </Product>
    <Product>
      <PriceUpdateDate>2018/10/10 08:28</PriceUpdateDate>
      <ItemCode>4005808811625</ItemCode>
      <ItemType>1</ItemType>
      <ItemName>2ב1 ניקוי</ItemName>
      <ManufactureName>אלפא ב.ד.ף בעמ</ManufactureName>
      <ManufactureCountry />
      <ManufactureItemDescription />
      <UnitQty>י"ח</UnitQty>
      <Quantity>1</Quantity>
      <UnitMeasure>י"ח</UnitMeasure>
      <BisWeighted>0</BisWeighted>
      <QtyInPackage>1</QtyInPackage>
      <ItemPrice>29.90</ItemPrice>
      <UnitOfMeasurePrice>29.90</UnitOfMeasurePrice>
      <AllowDiscount>1</AllowDiscount>
      <itemStatus>1</itemStatus>
      <LastUpdateDate />
      <LastUpdateTime />
    </Product>
    <Product>
      <PriceUpdateDate>2018/10/10 08:28</PriceUpdateDate>
      <ItemCode>4005808812011</ItemCode>
      <ItemType>1</ItemType>
      <ItemName>קרם לחות שפופרת לעור יבש/עדין</ItemName>
      <ManufactureName>אלפא ב.ד.ף בעמ</ManufactureName>
      <ManufactureCountry />
      <ManufactureItemDescription />
      <UnitQty>י"ח</UnitQty>
      <Quantity>200</Quantity>
      <UnitMeasure>ל  מ"ל</UnitMeasure>
      <BisWeighted>0</BisWeighted>
      <QtyInPackage>1</QtyInPackage>
      <ItemPrice>39.90</ItemPrice>
      <UnitOfMeasurePrice>19.95</UnitOfMeasurePrice>
      <AllowDiscount>1</AllowDiscount>
      <itemStatus>1</itemStatus>
      <LastUpdateDate />
      <LastUpdateTime />
    </Product>
    <Product>
      <PriceUpdateDate>2018/10/10 08:28</PriceUpdateDate>
      <ItemCode>4005808812028</ItemCode>
      <ItemType>1</ItemType>
      <ItemName>קרם לחות שפופרת לעור רגיל/מעורב</ItemName>
      <ManufactureName>אלפא ב.ד.ף בעמ</ManufactureName>
      <ManufactureCountry />
      <ManufactureItemDescription />
      <UnitQty>י"ח</UnitQty>
      <Quantity>50</Quantity>
      <UnitMeasure>ל  מ"ל</UnitMeasure>
      <BisWeighted>0</BisWeighted>
      <QtyInPackage>1</QtyInPackage>
      <ItemPrice>39.90</ItemPrice>
      <UnitOfMeasurePrice>79.80</UnitOfMeasurePrice>
      <AllowDiscount>1</AllowDiscount>
      <itemStatus>1</itemStatus>
      <LastUpdateDate />
      <LastUpdateTime />
    </Product>
    <Product>
      <PriceUpdateDate>2013/11/24 11:47</PriceUpdateDate>
      <ItemCode>4005808813063</ItemCode>
      <ItemType>1</ItemType>
      <ItemName>תחליב לחות לעור רגיש ניוואה 100מ"ל</ItemName>
      <ManufactureName>אלפא ב.ד.ף בעמ</ManufactureName>
      <ManufactureCountry />
      <ManufactureItemDescription />
      <UnitQty>י"ח</UnitQty>
      <Quantity>100</Quantity>
      <UnitMeasure>ל  מ"ל</UnitMeasure>
      <BisWeighted>0</BisWeighted>
      <QtyInPackage>1</QtyInPackage>
      <ItemPrice>52.90</ItemPrice>
      <UnitOfMeasurePrice>52.90</UnitOfMeasurePrice>
      <AllowDiscount>1</AllowDiscount>
      <itemStatus>1</itemStatus>
      <LastUpdateDate />
      <LastUpdateTime />
    </Product>
    <Product>
      <PriceUpdateDate>2013/11/24 11:47</PriceUpdateDate>
      <ItemCode>4005808817405</ItemCode>
      <ItemType>1</ItemType>
      <ItemName>ג ל גילוח לעור רגיש ניוואה 200מ"ל</ItemName>
      <ManufactureName>אלפא ב.ד.ף בעמ</ManufactureName>
      <ManufactureCountry />
      <ManufactureItemDescription />
      <UnitQty>י"ח</UnitQty>
      <Quantity>200</Quantity>
      <UnitMeasure>ל  מ"ל</UnitMeasure>
      <BisWeighted>0</BisWeighted>
      <QtyInPackage>1</QtyInPackage>
      <ItemPrice>22.90</ItemPrice>
      <UnitOfMeasurePrice>11.45</UnitOfMeasurePrice>
      <AllowDiscount>1</AllowDiscount>
      <itemStatus>1</itemStatus>
      <LastUpdateDate />
      <LastUpdateTime />
    </Product>
    <Product>
      <PriceUpdateDate>2013/11/24 11:47</PriceUpdateDate>
      <ItemCode>4005808828838</ItemCode>
      <ItemType>1</ItemType>
      <ItemName>אקווה ספריי דאו</ItemName>
      <ManufactureName>אלפא ב.ד.ף בעמ</ManufactureName>
      <ManufactureCountry />
      <ManufactureItemDescription />
      <UnitQty>י"ח</UnitQty>
      <Quantity>150</Quantity>
      <UnitMeasure>ל  מ"ל</UnitMeasure>
      <BisWeighted>0</BisWeighted>
      <QtyInPackage>1</QtyInPackage>
      <ItemPrice>21.90</ItemPrice>
      <UnitOfMeasurePrice>14.60</UnitOfMeasurePrice>
      <AllowDiscount>1</AllowDiscount>
      <itemStatus>1</itemStatus>
      <LastUpdateDate />
      <LastUpdateTime />
    </Product>
    <Product>
      <PriceUpdateDate>2013/11/24 11:47</PriceUpdateDate>
      <ItemCode>4005808828869</ItemCode>
      <ItemType>1</ItemType>
      <ItemName>אקווה ספריי דאו</ItemName>
      <ManufactureName>אלפא ב.ד.ף בעמ</ManufactureName>
      <ManufactureCountry />
      <ManufactureItemDescription />
      <UnitQty>י"ח</UnitQty>
      <Quantity>50</Quantity>
      <UnitMeasure>ל  מ"ל</UnitMeasure>
      <BisWeighted>0</BisWeighted>
      <QtyInPackage>1</QtyInPackage>
      <ItemPrice>21.90</ItemPrice>
      <UnitOfMeasurePrice>43.80</UnitOfMeasurePrice>
      <AllowDiscount>1</AllowDiscount>
      <itemStatus>1</itemStatus>
      <LastUpdateDate />
      <LastUpdateTime />
    </Product>
    <Product>
      <PriceUpdateDate>2018/02/25 11:05</PriceUpdateDate>
      <ItemCode>4005808829910</ItemCode>
      <ItemType>1</ItemType>
      <ItemName>ספריי פיור לאישה</ItemName>
      <ManufactureName>אלפא ב.ד.ף בעמ</ManufactureName>
      <ManufactureCountry />
      <ManufactureItemDescription />
      <UnitQty>י"ח</UnitQty>
      <Quantity>150</Quantity>
      <UnitMeasure>ל  מ"ל</UnitMeasure>
      <BisWeighted>0</BisWeighted>
      <QtyInPackage>1</QtyInPackage>
      <ItemPrice>19.90</ItemPrice>
      <UnitOfMeasurePrice>13.27</UnitOfMeasurePrice>
      <AllowDiscount>1</AllowDiscount>
      <itemStatus>1</itemStatus>
      <LastUpdateDate />
      <LastUpdateTime />
    </Product>
    <Product>
      <PriceUpdateDate>2013/11/24 11:47</PriceUpdateDate>
      <ItemCode>4005808829958</ItemCode>
      <ItemType>1</ItemType>
      <ItemName>רול און פיור</ItemName>
      <ManufactureName>אלפא ב.ד.ף בעמ</ManufactureName>
      <ManufactureCountry />
      <ManufactureItemDescription />
      <UnitQty>י"ח</UnitQty>
      <Quantity>1</Quantity>
      <UnitMeasure />
      <BisWeighted>0</BisWeighted>
      <QtyInPackage>1</QtyInPackage>
      <ItemPrice>21.90</ItemPrice>
      <UnitOfMeasurePrice>21.90</UnitOfMeasurePrice>
      <AllowDiscount>1</AllowDiscount>
      <itemStatus>1</itemStatus>
      <LastUpdateDate />
      <LastUpdateTime />
    </Product>
    <Product>
      <PriceUpdateDate>2018/10/10 08:28</PriceUpdateDate>
      <ItemCode>4005808837137</ItemCode>
      <ItemType>1</ItemType>
      <ItemName>קרם יום אנטי אייג`</ItemName>
      <ManufactureName>אלפא ב.ד.ף בעמ</ManufactureName>
      <ManufactureCountry />
      <ManufactureItemDescription />
      <UnitQty>י"ח</UnitQty>
      <Quantity>250</Quantity>
      <UnitMeasure>ל  גרם</UnitMeasure>
      <BisWeighted>0</BisWeighted>
      <QtyInPackage>1</QtyInPackage>
      <ItemPrice>49.90</ItemPrice>
      <UnitOfMeasurePrice>19.96</UnitOfMeasurePrice>
      <AllowDiscount>1</AllowDiscount>
      <itemStatus>1</itemStatus>
      <LastUpdateDate />
      <LastUpdateTime />
    </Product>
    <Product>
      <PriceUpdateDate>2018/10/10 08:28</PriceUpdateDate>
      <ItemCode>4005808837144</ItemCode>
      <ItemType>1</ItemType>
      <ItemName>קרם לילה אנטי אייג`.</ItemName>
      <ManufactureName>אלפא ב.ד.ף בעמ</ManufactureName>
      <ManufactureCountry />
      <ManufactureItemDescription />
      <UnitQty>י"ח</UnitQty>
      <Quantity>250</Quantity>
      <UnitMeasure>ל  גרם</UnitMeasure>
      <BisWeighted>0</BisWeighted>
      <QtyInPackage>1</QtyInPackage>
      <ItemPrice>49.90</ItemPrice>
      <UnitOfMeasurePrice>19.96</UnitOfMeasurePrice>
      <AllowDiscount>1</AllowDiscount>
      <itemStatus>1</itemStatus>
      <LastUpdateDate />
      <LastUpdateTime />
    </Product>
    <Product>
      <PriceUpdateDate>2013/11/24 11:47</PriceUpdateDate>
      <ItemCode>4005808837311</ItemCode>
      <ItemType>1</ItemType>
      <ItemName>דאו ספריי לאישה פרל ביוטי</ItemName>
      <ManufactureName>אלפא ב.ד.ף בעמ</ManufactureName>
      <ManufactureCountry />
      <ManufactureItemDescription />
      <UnitQty>י"ח</UnitQty>
      <Quantity>150</Quantity>
      <UnitMeasure>ל  מ"ל</UnitMeasure>
      <BisWeighted>0</BisWeighted>
      <QtyInPackage>1</QtyInPackage>
      <ItemPrice>21.90</ItemPrice>
      <UnitOfMeasurePrice>14.60</UnitOfMeasurePrice>
      <AllowDiscount>1</AllowDiscount>
      <itemStatus>1</itemStatus>
      <LastUpdateDate />
      <LastUpdateTime />
    </Product>
    <Product>
      <PriceUpdateDate>2013/11/24 11:47</PriceUpdateDate>
      <ItemCode>4005808837359</ItemCode>
      <ItemType>1</ItemType>
      <ItemName>דאו סרול און לאישה פרל ביוטי</ItemName>
      <ManufactureName>אלפא ב.ד.ף בעמ</ManufactureName>
      <ManufactureCountry />
      <ManufactureItemDescription />
      <UnitQty>י"ח</UnitQty>
      <Quantity>150</Quantity>
      <UnitMeasure>ל  מ"ל</UnitMeasure>
      <BisWeighted>0</BisWeighted>
      <QtyInPackage>1</QtyInPackage>
      <ItemPrice>21.90</ItemPrice>
      <UnitOfMeasurePrice>14.60</UnitOfMeasurePrice>
      <AllowDiscount>1</AllowDiscount>
      <itemStatus>1</itemStatus>
      <LastUpdateDate />
      <LastUpdateTime />
    </Product>
    <Product>
      <PriceUpdateDate>2018/02/25 11:05</PriceUpdateDate>
      <ItemCode>4005808837502</ItemCode>
      <ItemType>1</ItemType>
      <ItemName>דאו  ספריי לאשה יבש</ItemName>
      <ManufactureName>אלפא ב.ד.ף בעמ</ManufactureName>
      <ManufactureCountry />
      <ManufactureItemDescription />
      <UnitQty>י"ח</UnitQty>
      <Quantity>150</Quantity>
      <UnitMeasure>ל  מ"ל</UnitMeasure>
      <BisWeighted>0</BisWeighted>
      <QtyInPackage>1</QtyInPackage>
      <ItemPrice>21.90</ItemPrice>
      <UnitOfMeasurePrice>14.60</UnitOfMeasurePrice>
      <AllowDiscount>1</AllowDiscount>
      <itemStatus>1</itemStatus>
      <LastUpdateDate />
      <LastUpdateTime />
    </Product>
    <Product>
      <PriceUpdateDate>2018/02/25 11:05</PriceUpdateDate>
      <ItemCode>4005808837540</ItemCode>
      <ItemType>1</ItemType>
      <ItemName>דאו  רול און  סטרס פרוטקט אישה</ItemName>
      <ManufactureName>אלפא קוסמטיקה</ManufactureName>
      <ManufactureCountry />
      <ManufactureItemDescription />
      <UnitQty>י"ח</UnitQty>
      <Quantity>50</Quantity>
      <UnitMeasure>ל  מ"ל</UnitMeasure>
      <BisWeighted>0</BisWeighted>
      <QtyInPackage>1</QtyInPackage>
      <ItemPrice>21.90</ItemPrice>
      <UnitOfMeasurePrice>43.80</UnitOfMeasurePrice>
      <AllowDiscount>1</AllowDiscount>
      <itemStatus>1</itemStatus>
      <LastUpdateDate />
      <LastUpdateTime />
    </Product>
    <Product>
      <PriceUpdateDate>2018/10/10 08:28</PriceUpdateDate>
      <ItemCode>4005808847020</ItemCode>
      <ItemType>1</ItemType>
      <ItemName>קרם לחות לעור יבש</ItemName>
      <ManufactureName>אלפא ב.ד.ף בעמ</ManufactureName>
      <ManufactureCountry />
      <ManufactureItemDescription />
      <UnitQty>י"ח</UnitQty>
      <Quantity>100</Quantity>
      <UnitMeasure>ל  מ"ל</UnitMeasure>
      <BisWeighted>0</BisWeighted>
      <QtyInPackage>1</QtyInPackage>
      <ItemPrice>49</ItemPrice>
      <UnitOfMeasurePrice>49</UnitOfMeasurePrice>
      <AllowDiscount>1</AllowDiscount>
      <itemStatus>1</itemStatus>
      <LastUpdateDate />
      <LastUpdateTime />
    </Product>
    <Product>
      <PriceUpdateDate>2017/09/27 07:21</PriceUpdateDate>
      <ItemCode>4005808850716</ItemCode>
      <ItemType>1</ItemType>
      <ItemName>שפתון לבלו דובדבן</ItemName>
      <ManufactureName>אלפא קוסמטיקה</ManufactureName>
      <ManufactureCountry />
      <ManufactureItemDescription />
      <UnitQty>י"ח</UnitQty>
      <Quantity>1</Quantity>
      <UnitMeasure>י"ח</UnitMeasure>
      <BisWeighted>0</BisWeighted>
      <QtyInPackage>1</QtyInPackage>
      <ItemPrice>11.90</ItemPrice>
      <UnitOfMeasurePrice>11.90</UnitOfMeasurePrice>
      <AllowDiscount>1</AllowDiscount>
      <itemStatus>1</itemStatus>
      <LastUpdateDate />
      <LastUpdateTime />
    </Product>
    <Product>
      <PriceUpdateDate>2017/09/27 07:21</PriceUpdateDate>
      <ItemCode>4005808850723</ItemCode>
      <ItemType>1</ItemType>
      <ItemName>שפתון לבלו תות</ItemName>
      <ManufactureName>אלפא ב.ד.ף בעמ</ManufactureName>
      <ManufactureCountry />
      <ManufactureItemDescription />
      <UnitQty>י"ח</UnitQty>
      <Quantity>1</Quantity>
      <UnitMeasure>י"ח</UnitMeasure>
      <BisWeighted>0</BisWeighted>
      <QtyInPackage>1</QtyInPackage>
      <ItemPrice>11.90</ItemPrice>
      <UnitOfMeasurePrice>11.90</UnitOfMeasurePrice>
      <AllowDiscount>1</AllowDiscount>
      <itemStatus>1</itemStatus>
      <LastUpdateDate />
      <LastUpdateTime />
    </Product>
    <Product>
      <PriceUpdateDate>2013/11/24 11:47</PriceUpdateDate>
      <ItemCode>4005808890507</ItemCode>
      <ItemType>1</ItemType>
      <ItemName>קרם ניוואה סופט צנצנת 200מ"ל</ItemName>
      <ManufactureName>אלפא ב.ד.ף בעמ</ManufactureName>
      <ManufactureCountry />
      <ManufactureItemDescription />
      <UnitQty>י"ח</UnitQty>
      <Quantity>250</Quantity>
      <UnitMeasure>ל  גרם</UnitMeasure>
      <BisWeighted>0</BisWeighted>
      <QtyInPackage>1</QtyInPackage>
      <ItemPrice>33.90</ItemPrice>
      <UnitOfMeasurePrice>13.56</UnitOfMeasurePrice>
      <AllowDiscount>1</AllowDiscount>
      <itemStatus>1</itemStatus>
      <LastUpdateDate />
      <LastUpdateTime />
    </Product>
    <Product>
      <PriceUpdateDate>2013/11/24 11:47</PriceUpdateDate>
      <ItemCode>4005808890576</ItemCode>
      <ItemType>1</ItemType>
      <ItemName>קרם ניוואה סופט 75מ"ל</ItemName>
      <ManufactureName>אלפא ב.ד.ף בעמ</ManufactureName>
      <ManufactureCountry />
      <ManufactureItemDescription />
      <UnitQty>י"ח</UnitQty>
      <Quantity>100</Quantity>
      <UnitMeasure>ל  מ"ל</UnitMeasure>
      <BisWeighted>0</BisWeighted>
      <QtyInPackage>1</QtyInPackage>
      <ItemPrice>15.90</ItemPrice>
      <UnitOfMeasurePrice>15.90</UnitOfMeasurePrice>
      <AllowDiscount>1</AllowDiscount>
      <itemStatus>1</itemStatus>
      <LastUpdateDate />
      <LastUpdateTime />
    </Product>
    <Product>
      <PriceUpdateDate>2020/04/05 09:35</PriceUpdateDate>
      <ItemCode>4005808896127</ItemCode>
      <ItemType>1</ItemType>
      <ItemName>ניוואה קרם רחצה מועשר מטפח 750מ"</ItemName>
      <ManufactureName>אלפא ב.ד.ף בעמ</ManufactureName>
      <ManufactureCountry />
      <ManufactureItemDescription />
      <UnitQty>י"ח</UnitQty>
      <Quantity>750</Quantity>
      <UnitMeasure>ל  מ"ל</UnitMeasure>
      <BisWeighted>0</BisWeighted>
      <QtyInPackage>1</QtyInPackage>
      <ItemPrice>19.90</ItemPrice>
      <UnitOfMeasurePrice>2.65</UnitOfMeasurePrice>
      <AllowDiscount>1</AllowDiscount>
      <itemStatus>1</itemStatus>
      <LastUpdateDate />
      <LastUpdateTime />
    </Product>
    <Product>
      <PriceUpdateDate>2016/02/23 11:16</PriceUpdateDate>
      <ItemCode>4005808908585</ItemCode>
      <ItemType>1</ItemType>
      <ItemName>דאו ניוואה פיור ספריי</ItemName>
      <ManufactureName>אלפא ב.ד.ף בעמ</ManufactureName>
      <ManufactureCountry />
      <ManufactureItemDescription />
      <UnitQty>י"ח</UnitQty>
      <Quantity>150</Quantity>
      <UnitMeasure>ל  מ"ל</UnitMeasure>
      <BisWeighted>0</BisWeighted>
      <QtyInPackage>1</QtyInPackage>
      <ItemPrice>21.90</ItemPrice>
      <UnitOfMeasurePrice>14.60</UnitOfMeasurePrice>
      <AllowDiscount>1</AllowDiscount>
      <itemStatus>1</itemStatus>
      <LastUpdateDate />
      <LastUpdateTime />
    </Product>
    <Product>
      <PriceUpdateDate>2014/05/04 17:00</PriceUpdateDate>
      <ItemCode>4005900010124</ItemCode>
      <ItemType>1</ItemType>
      <ItemName>דאו ספריי לאישה</ItemName>
      <ManufactureName>אלפא ב.ד.ף בעמ</ManufactureName>
      <ManufactureCountry />
      <ManufactureItemDescription />
      <UnitQty>י"ח</UnitQty>
      <Quantity>150</Quantity>
      <UnitMeasure>ל  מ"ל</UnitMeasure>
      <BisWeighted>0</BisWeighted>
      <QtyInPackage>1</QtyInPackage>
      <ItemPrice>21.90</ItemPrice>
      <UnitOfMeasurePrice>14.60</UnitOfMeasurePrice>
      <AllowDiscount>1</AllowDiscount>
      <itemStatus>1</itemStatus>
      <LastUpdateDate />
      <LastUpdateTime />
    </Product>
    <Product>
      <PriceUpdateDate>2016/11/28 08:30</PriceUpdateDate>
      <ItemCode>4005900011053</ItemCode>
      <ItemType>1</ItemType>
      <ItemName>ניוואה רול און לאשה</ItemName>
      <ManufactureName>אלפא ב.ד.ף בעמ</ManufactureName>
      <ManufactureCountry />
      <ManufactureItemDescription />
      <UnitQty>י"ח</UnitQty>
      <Quantity>150</Quantity>
      <UnitMeasure>ל  מ"ל</UnitMeasure>
      <BisWeighted>0</BisWeighted>
      <QtyInPackage>1</QtyInPackage>
      <ItemPrice>21.90</ItemPrice>
      <UnitOfMeasurePrice>14.60</UnitOfMeasurePrice>
      <AllowDiscount>1</AllowDiscount>
      <itemStatus>1</itemStatus>
      <LastUpdateDate />
      <LastUpdateTime />
    </Product>
    <Product>
      <PriceUpdateDate>2014/04/13 13:43</PriceUpdateDate>
      <ItemCode>4005900026101</ItemCode>
      <ItemType>1</ItemType>
      <ItemName>דאו רול און  בלק אנד וויט גבר</ItemName>
      <ManufactureName>אלפא ב.ד.ף בעמ</ManufactureName>
      <ManufactureCountry />
      <ManufactureItemDescription />
      <UnitQty>י"ח</UnitQty>
      <Quantity>50</Quantity>
      <UnitMeasure>ל  מ"ל</UnitMeasure>
      <BisWeighted>0</BisWeighted>
      <QtyInPackage>1</QtyInPackage>
      <ItemPrice>21.90</ItemPrice>
      <UnitOfMeasurePrice>43.80</UnitOfMeasurePrice>
      <AllowDiscount>1</AllowDiscount>
      <itemStatus>1</itemStatus>
      <LastUpdateDate />
      <LastUpdateTime />
    </Product>
    <Product>
      <PriceUpdateDate>2014/05/04 17:00</PriceUpdateDate>
      <ItemCode>4005900026163</ItemCode>
      <ItemType>1</ItemType>
      <ItemName>דאו רול און לאישה</ItemName>
      <ManufactureName>אלפא ב.ד.ף בעמ</ManufactureName>
      <ManufactureCountry />
      <ManufactureItemDescription />
      <UnitQty>י"ח</UnitQty>
      <Quantity>150</Quantity>
      <UnitMeasure>ל  מ"ל</UnitMeasure>
      <BisWeighted>0</BisWeighted>
      <QtyInPackage>1</QtyInPackage>
      <ItemPrice>21.90</ItemPrice>
      <UnitOfMeasurePrice>14.60</UnitOfMeasurePrice>
      <AllowDiscount>1</AllowDiscount>
      <itemStatus>1</itemStatus>
      <LastUpdateDate />
      <LastUpdateTime />
    </Product>
    <Product>
      <PriceUpdateDate>2016/02/23 11:16</PriceUpdateDate>
      <ItemCode>4005900036445</ItemCode>
      <ItemType>1</ItemType>
      <ItemName>דאו ניוואה פיור רול און</ItemName>
      <ManufactureName>אלפא ב.ד.ף בעמ</ManufactureName>
      <ManufactureCountry />
      <ManufactureItemDescription />
      <UnitQty>י"ח</UnitQty>
      <Quantity>150</Quantity>
      <UnitMeasure>ל  מ"ל</UnitMeasure>
      <BisWeighted>0</BisWeighted>
      <QtyInPackage>1</QtyInPackage>
      <ItemPrice>21.90</ItemPrice>
      <UnitOfMeasurePrice>14.60</UnitOfMeasurePrice>
      <AllowDiscount>1</AllowDiscount>
      <itemStatus>1</itemStatus>
      <LastUpdateDate />
      <LastUpdateTime />
    </Product>
    <Product>
      <PriceUpdateDate>2013/11/24 11:47</PriceUpdateDate>
      <ItemCode>4005900036476</ItemCode>
      <ItemType>1</ItemType>
      <ItemName>דאו רול און בלק אנד וויט אישה</ItemName>
      <ManufactureName>אלפא ב.ד.ף בעמ</ManufactureName>
      <ManufactureCountry />
      <ManufactureItemDescription />
      <UnitQty>י"ח</UnitQty>
      <Quantity>50</Quantity>
      <UnitMeasure>ל  מ"ל</UnitMeasure>
      <BisWeighted>0</BisWeighted>
      <QtyInPackage>1</QtyInPackage>
      <ItemPrice>21.90</ItemPrice>
      <UnitOfMeasurePrice>43.80</UnitOfMeasurePrice>
      <AllowDiscount>1</AllowDiscount>
      <itemStatus>1</itemStatus>
      <LastUpdateDate />
      <LastUpdateTime />
    </Product>
    <Product>
      <PriceUpdateDate>2013/11/24 11:47</PriceUpdateDate>
      <ItemCode>4005900036483</ItemCode>
      <ItemType>1</ItemType>
      <ItemName>דאו ספריי בלק אנד וויט גבר</ItemName>
      <ManufactureName>אלפא ב.ד.ף בעמ</ManufactureName>
      <ManufactureCountry />
      <ManufactureItemDescription />
      <UnitQty>י"ח</UnitQty>
      <Quantity>150</Quantity>
      <UnitMeasure>ל  מ"ל</UnitMeasure>
      <BisWeighted>0</BisWeighted>
      <QtyInPackage>1</QtyInPackage>
      <ItemPrice>21.90</ItemPrice>
      <UnitOfMeasurePrice>14.60</UnitOfMeasurePrice>
      <AllowDiscount>1</AllowDiscount>
      <itemStatus>1</itemStatus>
      <LastUpdateDate />
      <LastUpdateTime />
    </Product>
    <Product>
      <PriceUpdateDate>2013/11/24 11:47</PriceUpdateDate>
      <ItemCode>4005900036506</ItemCode>
      <ItemType>1</ItemType>
      <ItemName>דאו רול און  בלק אנד וויט גבר</ItemName>
      <ManufactureName>אלפא ב.ד.ף בעמ</ManufactureName>
      <ManufactureCountry />
      <ManufactureItemDescription />
      <UnitQty>י"ח</UnitQty>
      <Quantity>50</Quantity>
      <UnitMeasure>ל  מ"ל</UnitMeasure>
      <BisWeighted>0</BisWeighted>
      <QtyInPackage>1</QtyInPackage>
      <ItemPrice>21.90</ItemPrice>
      <UnitOfMeasurePrice>43.80</UnitOfMeasurePrice>
      <AllowDiscount>1</AllowDiscount>
      <itemStatus>1</itemStatus>
      <LastUpdateDate />
      <LastUpdateTime />
    </Product>
    <Product>
      <PriceUpdateDate>2013/11/24 11:47</PriceUpdateDate>
      <ItemCode>4005900036568</ItemCode>
      <ItemType>1</ItemType>
      <ItemName>דאו ספריי  בלק אנד וויט אישה</ItemName>
      <ManufactureName>אלפא ב.ד.ף בעמ</ManufactureName>
      <ManufactureCountry />
      <ManufactureItemDescription />
      <UnitQty>י"ח</UnitQty>
      <Quantity>150</Quantity>
      <UnitMeasure>ל  מ"ל</UnitMeasure>
      <BisWeighted>0</BisWeighted>
      <QtyInPackage>1</QtyInPackage>
      <ItemPrice>21.90</ItemPrice>
      <UnitOfMeasurePrice>14.60</UnitOfMeasurePrice>
      <AllowDiscount>1</AllowDiscount>
      <itemStatus>1</itemStatus>
      <LastUpdateDate />
      <LastUpdateTime />
    </Product>
    <Product>
      <PriceUpdateDate>2016/02/23 11:16</PriceUpdateDate>
      <ItemCode>4005900037909</ItemCode>
      <ItemType>1</ItemType>
      <ItemName>דאו  ספריי ניוואה דאבל אפקט</ItemName>
      <ManufactureName>אלפא ב.ד.ף בעמ</ManufactureName>
      <ManufactureCountry />
      <ManufactureItemDescription />
      <UnitQty>י"ח</UnitQty>
      <Quantity>150</Quantity>
      <UnitMeasure>ל  מ"ל</UnitMeasure>
      <BisWeighted>0</BisWeighted>
      <QtyInPackage>1</QtyInPackage>
      <ItemPrice>21.90</ItemPrice>
      <UnitOfMeasurePrice>14.60</UnitOfMeasurePrice>
      <AllowDiscount>1</AllowDiscount>
      <itemStatus>1</itemStatus>
      <LastUpdateDate />
      <LastUpdateTime />
    </Product>
    <Product>
      <PriceUpdateDate>2019/12/10 08:56</PriceUpdateDate>
      <ItemCode>4005900085597</ItemCode>
      <ItemType>1</ItemType>
      <ItemName>ניוואה קרם רחצה מועשר מטפח 750מ"</ItemName>
      <ManufactureName>אלפא ב.ד.ף בעמ</ManufactureName>
      <ManufactureCountry />
      <ManufactureItemDescription />
      <UnitQty>י"ח</UnitQty>
      <Quantity>750</Quantity>
      <UnitMeasure>ל  מ"ל</UnitMeasure>
      <BisWeighted>0</BisWeighted>
      <QtyInPackage>1</QtyInPackage>
      <ItemPrice>19.90</ItemPrice>
      <UnitOfMeasurePrice>2.65</UnitOfMeasurePrice>
      <AllowDiscount>1</AllowDiscount>
      <itemStatus>1</itemStatus>
      <LastUpdateDate />
      <LastUpdateTime />
    </Product>
    <Product>
      <PriceUpdateDate>2019/12/10 08:56</PriceUpdateDate>
      <ItemCode>4005900136848</ItemCode>
      <ItemType>1</ItemType>
      <ItemName>תחליב רחצה SMOOTH 750מ"ל</ItemName>
      <ManufactureName>אלפא ב.ד.ף בעמ</ManufactureName>
      <ManufactureCountry />
      <ManufactureItemDescription />
      <UnitQty>י"ח</UnitQty>
      <Quantity>750</Quantity>
      <UnitMeasure>ל  מ"ל</UnitMeasure>
      <BisWeighted>0</BisWeighted>
      <QtyInPackage>1</QtyInPackage>
      <ItemPrice>19.90</ItemPrice>
      <UnitOfMeasurePrice>2.65</UnitOfMeasurePrice>
      <AllowDiscount>1</AllowDiscount>
      <itemStatus>1</itemStatus>
      <LastUpdateDate />
      <LastUpdateTime />
    </Product>
    <Product>
      <PriceUpdateDate>2016/11/23 09:43</PriceUpdateDate>
      <ItemCode>4005900243621</ItemCode>
      <ItemType>1</ItemType>
      <ItemName>דאודורנט ספריי לאישה</ItemName>
      <ManufactureName>אלפא ב.ד.ף בעמ</ManufactureName>
      <ManufactureCountry />
      <ManufactureItemDescription />
      <UnitQty>י"ח</UnitQty>
      <Quantity>50</Quantity>
      <UnitMeasure>ל  מ"ל</UnitMeasure>
      <BisWeighted>0</BisWeighted>
      <QtyInPackage>1</QtyInPackage>
      <ItemPrice>21.90</ItemPrice>
      <UnitOfMeasurePrice>43.80</UnitOfMeasurePrice>
      <AllowDiscount>1</AllowDiscount>
      <itemStatus>1</itemStatus>
      <LastUpdateDate />
      <LastUpdateTime />
    </Product>
    <Product>
      <PriceUpdateDate>2016/11/23 09:43</PriceUpdateDate>
      <ItemCode>4005900243669</ItemCode>
      <ItemType>1</ItemType>
      <ItemName>רול און לאישה</ItemName>
      <ManufactureName>אלפא ב.ד.ף בעמ</ManufactureName>
      <ManufactureCountry />
      <ManufactureItemDescription />
      <UnitQty>י"ח</UnitQty>
      <Quantity>50</Quantity>
      <UnitMeasure>ל  מ"ל</UnitMeasure>
      <BisWeighted>0</BisWeighted>
      <QtyInPackage>1</QtyInPackage>
      <ItemPrice>21.90</ItemPrice>
      <UnitOfMeasurePrice>43.80</UnitOfMeasurePrice>
      <AllowDiscount>1</AllowDiscount>
      <itemStatus>1</itemStatus>
      <LastUpdateDate />
      <LastUpdateTime />
    </Product>
    <Product>
      <PriceUpdateDate>2016/11/23 09:43</PriceUpdateDate>
      <ItemCode>4005900243706</ItemCode>
      <ItemType>1</ItemType>
      <ItemName>דאודורנט ספריי לגבר</ItemName>
      <ManufactureName>אלפא ב.ד.ף בעמ</ManufactureName>
      <ManufactureCountry />
      <ManufactureItemDescription />
      <UnitQty>י"ח</UnitQty>
      <Quantity>50</Quantity>
      <UnitMeasure>ל  מ"ל</UnitMeasure>
      <BisWeighted>0</BisWeighted>
      <QtyInPackage>1</QtyInPackage>
      <ItemPrice>21.90</ItemPrice>
      <UnitOfMeasurePrice>43.80</UnitOfMeasurePrice>
      <AllowDiscount>1</AllowDiscount>
      <itemStatus>1</itemStatus>
      <LastUpdateDate />
      <LastUpdateTime />
    </Product>
    <Product>
      <PriceUpdateDate>2016/11/23 09:43</PriceUpdateDate>
      <ItemCode>4005900243720</ItemCode>
      <ItemType>1</ItemType>
      <ItemName>רול און  לגבר</ItemName>
      <ManufactureName>אלפא ב.ד.ף בעמ</ManufactureName>
      <ManufactureCountry />
      <ManufactureItemDescription />
      <UnitQty>י"ח</UnitQty>
      <Quantity>50</Quantity>
      <UnitMeasure>ל  מ"ל</UnitMeasure>
      <BisWeighted>0</BisWeighted>
      <QtyInPackage>1</QtyInPackage>
      <ItemPrice>21.90</ItemPrice>
      <UnitOfMeasurePrice>43.80</UnitOfMeasurePrice>
      <AllowDiscount>1</AllowDiscount>
      <itemStatus>1</itemStatus>
      <LastUpdateDate />
      <LastUpdateTime />
    </Product>
    <Product>
      <PriceUpdateDate>2016/11/23 09:43</PriceUpdateDate>
      <ItemCode>4005900274304</ItemCode>
      <ItemType>1</ItemType>
      <ItemName>דאו ספריי  לגבר</ItemName>
      <ManufactureName>אלפא ב.ד.ף בעמ</ManufactureName>
      <ManufactureCountry />
      <ManufactureItemDescription />
      <UnitQty>י"ח</UnitQty>
      <Quantity>50</Quantity>
      <UnitMeasure>ל  מ"ל</UnitMeasure>
      <BisWeighted>0</BisWeighted>
      <QtyInPackage>1</QtyInPackage>
      <ItemPrice>21.90</ItemPrice>
      <UnitOfMeasurePrice>43.80</UnitOfMeasurePrice>
      <AllowDiscount>1</AllowDiscount>
      <itemStatus>1</itemStatus>
      <LastUpdateDate />
      <LastUpdateTime />
    </Product>
    <Product>
      <PriceUpdateDate>2016/11/23 09:43</PriceUpdateDate>
      <ItemCode>4005900274380</ItemCode>
      <ItemType>1</ItemType>
      <ItemName>דאו ספריי  לאישה</ItemName>
      <ManufactureName>אלפא ב.ד.ף בעמ</ManufactureName>
      <ManufactureCountry />
      <ManufactureItemDescription />
      <UnitQty>י"ח</UnitQty>
      <Quantity>50</Quantity>
      <UnitMeasure>ל  מ"ל</UnitMeasure>
      <BisWeighted>0</BisWeighted>
      <QtyInPackage>1</QtyInPackage>
      <ItemPrice>21.90</ItemPrice>
      <UnitOfMeasurePrice>43.80</UnitOfMeasurePrice>
      <AllowDiscount>1</AllowDiscount>
      <itemStatus>1</itemStatus>
      <LastUpdateDate />
      <LastUpdateTime />
    </Product>
    <Product>
      <PriceUpdateDate>2018/10/10 08:28</PriceUpdateDate>
      <ItemCode>4005900290649</ItemCode>
      <ItemType>1</ItemType>
      <ItemName>ג`ל ניקוי לעור רגיל 150מ"ל</ItemName>
      <ManufactureName>אלפא ב.ד.ף בעמ</ManufactureName>
      <ManufactureCountry />
      <ManufactureItemDescription />
      <UnitQty>י"ח</UnitQty>
      <Quantity>150</Quantity>
      <UnitMeasure>ל  מ"ל</UnitMeasure>
      <BisWeighted>0</BisWeighted>
      <QtyInPackage>1</QtyInPackage>
      <ItemPrice>29.90</ItemPrice>
      <UnitOfMeasurePrice>19.93</UnitOfMeasurePrice>
      <AllowDiscount>1</AllowDiscount>
      <itemStatus>1</itemStatus>
      <LastUpdateDate />
      <LastUpdateTime />
    </Product>
    <Product>
      <PriceUpdateDate>2018/10/10 08:28</PriceUpdateDate>
      <ItemCode>4005900292780</ItemCode>
      <ItemType>1</ItemType>
      <ItemName>חלב פנים לעור רגיל 200מ"ל</ItemName>
      <ManufactureName>אלפא ב.ד.ף בעמ</ManufactureName>
      <ManufactureCountry />
      <ManufactureItemDescription />
      <UnitQty>י"ח</UnitQty>
      <Quantity>200</Quantity>
      <UnitMeasure>ל  מ"ל</UnitMeasure>
      <BisWeighted>0</BisWeighted>
      <QtyInPackage>1</QtyInPackage>
      <ItemPrice>29.90</ItemPrice>
      <UnitOfMeasurePrice>14.95</UnitOfMeasurePrice>
      <AllowDiscount>1</AllowDiscount>
      <itemStatus>1</itemStatus>
      <LastUpdateDate />
      <LastUpdateTime />
    </Product>
    <Product>
      <PriceUpdateDate>2018/10/10 08:28</PriceUpdateDate>
      <ItemCode>4005900339263</ItemCode>
      <ItemType>1</ItemType>
      <ItemName>מים מיסלרים 400מ"ל</ItemName>
      <ManufactureName>אלפא ב.ד.ף בעמ</ManufactureName>
      <ManufactureCountry />
      <ManufactureItemDescription />
      <UnitQty>י"ח</UnitQty>
      <Quantity>400</Quantity>
      <UnitMeasure>ל  מ"ל</UnitMeasure>
      <BisWeighted>0</BisWeighted>
      <QtyInPackage>1</QtyInPackage>
      <ItemPrice>39.90</ItemPrice>
      <UnitOfMeasurePrice>9.98</UnitOfMeasurePrice>
      <AllowDiscount>1</AllowDiscount>
      <itemStatus>1</itemStatus>
      <LastUpdateDate />
      <LastUpdateTime />
    </Product>
    <Product>
      <PriceUpdateDate>2019/12/17 13:49</PriceUpdateDate>
      <ItemCode>4005900388650</ItemCode>
      <ItemType>1</ItemType>
      <ItemName>דאו  ספריי בלאק אנד וייט</ItemName>
      <ManufactureName>אלפא ב.ד.ף בעמ</ManufactureName>
      <ManufactureCountry />
      <ManufactureItemDescription />
      <UnitQty>י"ח</UnitQty>
      <Quantity>150</Quantity>
      <UnitMeasure>ל  מ"ל</UnitMeasure>
      <BisWeighted>0</BisWeighted>
      <QtyInPackage>1</QtyInPackage>
      <ItemPrice>21.90</ItemPrice>
      <UnitOfMeasurePrice>14.60</UnitOfMeasurePrice>
      <AllowDiscount>1</AllowDiscount>
      <itemStatus>1</itemStatus>
      <LastUpdateDate />
      <LastUpdateTime />
    </Product>
    <Product>
      <PriceUpdateDate>2018/10/10 08:28</PriceUpdateDate>
      <ItemCode>4005900419057</ItemCode>
      <ItemType>1</ItemType>
      <ItemName>קרם פנים אנטי בלמיש</ItemName>
      <ManufactureName>אלפא ב.ד.ף בעמ</ManufactureName>
      <ManufactureCountry />
      <ManufactureItemDescription />
      <UnitQty>י"ח</UnitQty>
      <Quantity>250</Quantity>
      <UnitMeasure>ל  גרם</UnitMeasure>
      <BisWeighted>0</BisWeighted>
      <QtyInPackage>1</QtyInPackage>
      <ItemPrice>49.90</ItemPrice>
      <UnitOfMeasurePrice>19.96</UnitOfMeasurePrice>
      <AllowDiscount>1</AllowDiscount>
      <itemStatus>1</itemStatus>
      <LastUpdateDate />
      <LastUpdateTime />
    </Product>
    <Product>
      <PriceUpdateDate>2019/01/10 08:51</PriceUpdateDate>
      <ItemCode>4005900485243</ItemCode>
      <ItemType>1</ItemType>
      <ItemName>רול און דרי פרש גבר ניוואה</ItemName>
      <ManufactureName>אלפא ב.ד.ף בעמ</ManufactureName>
      <ManufactureCountry />
      <ManufactureItemDescription />
      <UnitQty>י"ח</UnitQty>
      <Quantity>50</Quantity>
      <UnitMeasure>ל  מ"ל</UnitMeasure>
      <BisWeighted>0</BisWeighted>
      <QtyInPackage>1</QtyInPackage>
      <ItemPrice>21.90</ItemPrice>
      <UnitOfMeasurePrice>43.80</UnitOfMeasurePrice>
      <AllowDiscount>1</AllowDiscount>
      <itemStatus>1</itemStatus>
      <LastUpdateDate />
      <LastUpdateTime />
    </Product>
    <Product>
      <PriceUpdateDate>2019/01/10 08:51</PriceUpdateDate>
      <ItemCode>4005900488459</ItemCode>
      <ItemType>1</ItemType>
      <ItemName>רול און דריי פרש אישה ניוואה</ItemName>
      <ManufactureName>אלפא ב.ד.ף בעמ</ManufactureName>
      <ManufactureCountry />
      <ManufactureItemDescription />
      <UnitQty>י"ח</UnitQty>
      <Quantity>50</Quantity>
      <UnitMeasure>ל  מ"ל</UnitMeasure>
      <BisWeighted>0</BisWeighted>
      <QtyInPackage>1</QtyInPackage>
      <ItemPrice>21.90</ItemPrice>
      <UnitOfMeasurePrice>43.80</UnitOfMeasurePrice>
      <AllowDiscount>1</AllowDiscount>
      <itemStatus>1</itemStatus>
      <LastUpdateDate />
      <LastUpdateTime />
    </Product>
    <Product>
      <PriceUpdateDate>2019/01/10 08:51</PriceUpdateDate>
      <ItemCode>4005900494924</ItemCode>
      <ItemType>1</ItemType>
      <ItemName>ספריי דריי פרש אישה ניוואה</ItemName>
      <ManufactureName>אלפא ב.ד.ף בעמ</ManufactureName>
      <ManufactureCountry />
      <ManufactureItemDescription />
      <UnitQty>י"ח</UnitQty>
      <Quantity>50</Quantity>
      <UnitMeasure>ל  מ"ל</UnitMeasure>
      <BisWeighted>0</BisWeighted>
      <QtyInPackage>1</QtyInPackage>
      <ItemPrice>21.90</ItemPrice>
      <UnitOfMeasurePrice>43.80</UnitOfMeasurePrice>
      <AllowDiscount>1</AllowDiscount>
      <itemStatus>1</itemStatus>
      <LastUpdateDate />
      <LastUpdateTime />
    </Product>
    <Product>
      <PriceUpdateDate>2018/09/27 09:06</PriceUpdateDate>
      <ItemCode>4005900513045</ItemCode>
      <ItemType>1</ItemType>
      <ItemName>דאו ספריי DEEP גבר</ItemName>
      <ManufactureName>אלפא ב.ד.ף בעמ</ManufactureName>
      <ManufactureCountry />
      <ManufactureItemDescription />
      <UnitQty>י"ח</UnitQty>
      <Quantity>150</Quantity>
      <UnitMeasure>ל  מ"ל</UnitMeasure>
      <BisWeighted>0</BisWeighted>
      <QtyInPackage>1</QtyInPackage>
      <ItemPrice>21.90</ItemPrice>
      <UnitOfMeasurePrice>14.60</UnitOfMeasurePrice>
      <AllowDiscount>1</AllowDiscount>
      <itemStatus>1</itemStatus>
      <LastUpdateDate />
      <LastUpdateTime />
    </Product>
    <Product>
      <PriceUpdateDate>2018/09/27 09:06</PriceUpdateDate>
      <ItemCode>4005900513069</ItemCode>
      <ItemType>1</ItemType>
      <ItemName>דאו רול און DEEP גבר</ItemName>
      <ManufactureName>אלפא ב.ד.ף בעמ</ManufactureName>
      <ManufactureCountry />
      <ManufactureItemDescription />
      <UnitQty>י"ח</UnitQty>
      <Quantity>150</Quantity>
      <UnitMeasure>ל  מ"ל</UnitMeasure>
      <BisWeighted>0</BisWeighted>
      <QtyInPackage>1</QtyInPackage>
      <ItemPrice>21.90</ItemPrice>
      <UnitOfMeasurePrice>14.60</UnitOfMeasurePrice>
      <AllowDiscount>1</AllowDiscount>
      <itemStatus>1</itemStatus>
      <LastUpdateDate />
      <LastUpdateTime />
    </Product>
    <Product>
      <PriceUpdateDate>2013/11/24 11:47</PriceUpdateDate>
      <ItemCode>4005900816009</ItemCode>
      <ItemType>1</ItemType>
      <ItemName>דאו  ספריי לגבר פרש</ItemName>
      <ManufactureName>אלפא ב.ד.ף בעמ</ManufactureName>
      <ManufactureCountry />
      <ManufactureItemDescription />
      <UnitQty>י"ח</UnitQty>
      <Quantity>150</Quantity>
      <UnitMeasure>ל  מ"ל</UnitMeasure>
      <BisWeighted>0</BisWeighted>
      <QtyInPackage>1</QtyInPackage>
      <ItemPrice>21.90</ItemPrice>
      <UnitOfMeasurePrice>14.60</UnitOfMeasurePrice>
      <AllowDiscount>1</AllowDiscount>
      <itemStatus>1</itemStatus>
      <LastUpdateDate />
      <LastUpdateTime />
    </Product>
    <Product>
      <PriceUpdateDate>2013/11/24 11:47</PriceUpdateDate>
      <ItemCode>4005900816016</ItemCode>
      <ItemType>1</ItemType>
      <ItemName>דאו  ספריי לאשה פרש</ItemName>
      <ManufactureName>אלפא ב.ד.ף בעמ</ManufactureName>
      <ManufactureCountry />
      <ManufactureItemDescription />
      <UnitQty>י"ח</UnitQty>
      <Quantity>150</Quantity>
      <UnitMeasure>ל  מ"ל</UnitMeasure>
      <BisWeighted>0</BisWeighted>
      <QtyInPackage>1</QtyInPackage>
      <ItemPrice>21.90</ItemPrice>
      <UnitOfMeasurePrice>14.60</UnitOfMeasurePrice>
      <AllowDiscount>1</AllowDiscount>
      <itemStatus>1</itemStatus>
      <LastUpdateDate />
      <LastUpdateTime />
    </Product>
    <Product>
      <PriceUpdateDate>2013/11/24 11:47</PriceUpdateDate>
      <ItemCode>4005900816023</ItemCode>
      <ItemType>1</ItemType>
      <ItemName>דאו  ספריי לגבר יבש</ItemName>
      <ManufactureName>אלפא ב.ד.ף בעמ</ManufactureName>
      <ManufactureCountry />
      <ManufactureItemDescription />
      <UnitQty>י"ח</UnitQty>
      <Quantity>150</Quantity>
      <UnitMeasure>ל  מ"ל</UnitMeasure>
      <BisWeighted>0</BisWeighted>
      <QtyInPackage>1</QtyInPackage>
      <ItemPrice>21.90</ItemPrice>
      <UnitOfMeasurePrice>14.60</UnitOfMeasurePrice>
      <AllowDiscount>1</AllowDiscount>
      <itemStatus>1</itemStatus>
      <LastUpdateDate />
      <LastUpdateTime />
    </Product>
    <Product>
      <PriceUpdateDate>2013/11/24 11:47</PriceUpdateDate>
      <ItemCode>4005900816030</ItemCode>
      <ItemType>1</ItemType>
      <ItemName>דאו  ספריי לאשה יבש</ItemName>
      <ManufactureName>אלפא ב.ד.ף בעמ</ManufactureName>
      <ManufactureCountry />
      <ManufactureItemDescription />
      <UnitQty>י"ח</UnitQty>
      <Quantity>150</Quantity>
      <UnitMeasure>ל  מ"ל</UnitMeasure>
      <BisWeighted>0</BisWeighted>
      <QtyInPackage>1</QtyInPackage>
      <ItemPrice>21.90</ItemPrice>
      <UnitOfMeasurePrice>14.60</UnitOfMeasurePrice>
      <AllowDiscount>1</AllowDiscount>
      <itemStatus>1</itemStatus>
      <LastUpdateDate />
      <LastUpdateTime />
    </Product>
    <Product>
      <PriceUpdateDate>2013/11/24 11:47</PriceUpdateDate>
      <ItemCode>4005900816108</ItemCode>
      <ItemType>1</ItemType>
      <ItemName>דאו  רול און לגבר יבש</ItemName>
      <ManufactureName>אלפא ב.ד.ף בעמ</ManufactureName>
      <ManufactureCountry />
      <ManufactureItemDescription />
      <UnitQty>י"ח</UnitQty>
      <Quantity>50</Quantity>
      <UnitMeasure>ל  מ"ל</UnitMeasure>
      <BisWeighted>0</BisWeighted>
      <QtyInPackage>1</QtyInPackage>
      <ItemPrice>21.90</ItemPrice>
      <UnitOfMeasurePrice>43.80</UnitOfMeasurePrice>
      <AllowDiscount>1</AllowDiscount>
      <itemStatus>1</itemStatus>
      <LastUpdateDate />
      <LastUpdateTime />
    </Product>
    <Product>
      <PriceUpdateDate>2013/11/24 11:47</PriceUpdateDate>
      <ItemCode>4005900816115</ItemCode>
      <ItemType>1</ItemType>
      <ItemName>דאו  רול און לאשה יבש</ItemName>
      <ManufactureName>אלפא ב.ד.ף בעמ</ManufactureName>
      <ManufactureCountry />
      <ManufactureItemDescription />
      <UnitQty>י"ח</UnitQty>
      <Quantity>50</Quantity>
      <UnitMeasure>ל  מ"ל</UnitMeasure>
      <BisWeighted>0</BisWeighted>
      <QtyInPackage>1</QtyInPackage>
      <ItemPrice>21.90</ItemPrice>
      <UnitOfMeasurePrice>43.80</UnitOfMeasurePrice>
      <AllowDiscount>1</AllowDiscount>
      <itemStatus>1</itemStatus>
      <LastUpdateDate />
      <LastUpdateTime />
    </Product>
    <Product>
      <PriceUpdateDate>2013/11/24 11:47</PriceUpdateDate>
      <ItemCode>4005900828088</ItemCode>
      <ItemType>1</ItemType>
      <ItemName>דאו  רול און לגבר פרש</ItemName>
      <ManufactureName>אלפא ב.ד.ף בעמ</ManufactureName>
      <ManufactureCountry />
      <ManufactureItemDescription />
      <UnitQty>י"ח</UnitQty>
      <Quantity>50</Quantity>
      <UnitMeasure>ל  מ"ל</UnitMeasure>
      <BisWeighted>0</BisWeighted>
      <QtyInPackage>1</QtyInPackage>
      <ItemPrice>21.90</ItemPrice>
      <UnitOfMeasurePrice>43.80</UnitOfMeasurePrice>
      <AllowDiscount>1</AllowDiscount>
      <itemStatus>1</itemStatus>
      <LastUpdateDate />
      <LastUpdateTime />
    </Product>
    <Product>
      <PriceUpdateDate>2013/11/24 11:47</PriceUpdateDate>
      <ItemCode>4005900828095</ItemCode>
      <ItemType>1</ItemType>
      <ItemName>דאו  רול און לאשה פרש</ItemName>
      <ManufactureName>אלפא ב.ד.ף בעמ</ManufactureName>
      <ManufactureCountry />
      <ManufactureItemDescription />
      <UnitQty>י"ח</UnitQty>
      <Quantity>50</Quantity>
      <UnitMeasure>ל  מ"ל</UnitMeasure>
      <BisWeighted>0</BisWeighted>
      <QtyInPackage>1</QtyInPackage>
      <ItemPrice>21.90</ItemPrice>
      <UnitOfMeasurePrice>43.80</UnitOfMeasurePrice>
      <AllowDiscount>1</AllowDiscount>
      <itemStatus>1</itemStatus>
      <LastUpdateDate />
      <LastUpdateTime />
    </Product>
    <Product>
      <PriceUpdateDate>2013/12/24 14:35</PriceUpdateDate>
      <ItemCode>4008500006337</ItemCode>
      <ItemType>1</ItemType>
      <ItemName>אוטן דוחה יתושים סטיק</ItemName>
      <ManufactureName>דנשר (1963) בעמ</ManufactureName>
      <ManufactureCountry />
      <ManufactureItemDescription />
      <UnitQty>י"ח</UnitQty>
      <Quantity>1</Quantity>
      <UnitMeasure />
      <BisWeighted>0</BisWeighted>
      <QtyInPackage>1</QtyInPackage>
      <ItemPrice>20.60</ItemPrice>
      <UnitOfMeasurePrice>20.60</UnitOfMeasurePrice>
      <AllowDiscount>1</AllowDiscount>
      <itemStatus>1</itemStatus>
      <LastUpdateDate />
      <LastUpdateTime />
    </Product>
    <Product>
      <PriceUpdateDate>2020/05/03 15:08</PriceUpdateDate>
      <ItemCode>4009900534581</ItemCode>
      <ItemType>1</ItemType>
      <ItemName>איירוויבז בקבוקון טעם דובדבן ומנטה</ItemName>
      <ManufactureName>מרס ריגלי ישראל בעמ</ManufactureName>
      <ManufactureCountry />
      <ManufactureItemDescription />
      <UnitQty>י"ח</UnitQty>
      <Quantity>90</Quantity>
      <UnitMeasure>ל  גרם</UnitMeasure>
      <BisWeighted>0</BisWeighted>
      <QtyInPackage>1</QtyInPackage>
      <ItemPrice>10</ItemPrice>
      <UnitOfMeasurePrice>11.11</UnitOfMeasurePrice>
      <AllowDiscount>0</AllowDiscount>
      <itemStatus>1</itemStatus>
      <LastUpdateDate />
      <LastUpdateTime />
    </Product>
    <Product>
      <PriceUpdateDate>2020/05/03 15:08</PriceUpdateDate>
      <ItemCode>4009900534611</ItemCode>
      <ItemType>1</ItemType>
      <ItemName>איירוויבז בקבוקון טעם מלון ומנטה</ItemName>
      <ManufactureName>מרס ריגלי ישראל בעמ</ManufactureName>
      <ManufactureCountry />
      <ManufactureItemDescription />
      <UnitQty>י"ח</UnitQty>
      <Quantity>90</Quantity>
      <UnitMeasure>ל  גרם</UnitMeasure>
      <BisWeighted>0</BisWeighted>
      <QtyInPackage>1</QtyInPackage>
      <ItemPrice>10</ItemPrice>
      <UnitOfMeasurePrice>11.11</UnitOfMeasurePrice>
      <AllowDiscount>0</AllowDiscount>
      <itemStatus>1</itemStatus>
      <LastUpdateDate />
      <LastUpdateTime />
    </Product>
    <Product>
      <PriceUpdateDate>2014/01/09 14:25</PriceUpdateDate>
      <ItemCode>4014400907902</ItemCode>
      <ItemType>1</ItemType>
      <ItemName>וורטר BOX ללא סוכר</ItemName>
      <ManufactureName>ליימן שליסל</ManufactureName>
      <ManufactureCountry />
      <ManufactureItemDescription />
      <UnitQty>י"ח</UnitQty>
      <Quantity>42</Quantity>
      <UnitMeasure>ל  גרם</UnitMeasure>
      <BisWeighted>0</BisWeighted>
      <QtyInPackage>1</QtyInPackage>
      <ItemPrice>6.30</ItemPrice>
      <UnitOfMeasurePrice>15</UnitOfMeasurePrice>
      <AllowDiscount>1</AllowDiscount>
      <itemStatus>1</itemStatus>
      <LastUpdateDate />
      <LastUpdateTime />
    </Product>
    <Product>
      <PriceUpdateDate>2013/12/05 10:05</PriceUpdateDate>
      <ItemCode>4014400909692</ItemCode>
      <ItemType>1</ItemType>
      <ItemName>וורטר BOX  קפה ללא סוכר</ItemName>
      <ManufactureName>ליימן שליסל</ManufactureName>
      <ManufactureCountry />
      <ManufactureItemDescription />
      <UnitQty>י"ח</UnitQty>
      <Quantity>42</Quantity>
      <UnitMeasure>ל  גרם</UnitMeasure>
      <BisWeighted>0</BisWeighted>
      <QtyInPackage>1</QtyInPackage>
      <ItemPrice>6.30</ItemPrice>
      <UnitOfMeasurePrice>15</UnitOfMeasurePrice>
      <AllowDiscount>1</AllowDiscount>
      <itemStatus>1</itemStatus>
      <LastUpdateDate />
      <LastUpdateTime />
    </Product>
    <Product>
      <PriceUpdateDate>2017/04/24 08:16</PriceUpdateDate>
      <ItemCode>4014964117663</ItemCode>
      <ItemType>1</ItemType>
      <ItemName>בירה קוסטריצר מיני חבית 5ל</ItemName>
      <ManufactureName>א.ג.ת.ד. שיווק והפצה</ManufactureName>
      <ManufactureCountry />
      <ManufactureItemDescription />
      <UnitQty>י"ח</UnitQty>
      <Quantity>5</Quantity>
      <UnitMeasure>ליטר</UnitMeasure>
      <BisWeighted>0</BisWeighted>
      <QtyInPackage>1</QtyInPackage>
      <ItemPrice>126</ItemPrice>
      <UnitOfMeasurePrice>25.20</UnitOfMeasurePrice>
      <AllowDiscount>1</AllowDiscount>
      <itemStatus>1</itemStatus>
      <LastUpdateDate />
      <LastUpdateTime />
    </Product>
    <Product>
      <PriceUpdateDate>2019/03/29 09:05</PriceUpdateDate>
      <ItemCode>4015000280211</ItemCode>
      <ItemType>1</ItemType>
      <ItemName>דאו`רול און פה 50 מ``ל</ItemName>
      <ManufactureName>לפ לפ הנקל סוד בעמ</ManufactureName>
      <ManufactureCountry />
      <ManufactureItemDescription />
      <UnitQty>י"ח</UnitQty>
      <Quantity>1</Quantity>
      <UnitMeasure />
      <BisWeighted>0</BisWeighted>
      <QtyInPackage>1</QtyInPackage>
      <ItemPrice>10.90</ItemPrice>
      <UnitOfMeasurePrice>10.90</UnitOfMeasurePrice>
      <AllowDiscount>1</AllowDiscount>
      <itemStatus>1</itemStatus>
      <LastUpdateDate />
      <LastUpdateTime />
    </Product>
    <Product>
      <PriceUpdateDate>2019/07/31 11:09</PriceUpdateDate>
      <ItemCode>4015000280372</ItemCode>
      <ItemType>1</ItemType>
      <ItemName>דאו`רול און פה פורמאן 50 מ``ל.</ItemName>
      <ManufactureName>הנקל סוד בעמ</ManufactureName>
      <ManufactureCountry />
      <ManufactureItemDescription />
      <UnitQty>י"ח</UnitQty>
      <Quantity>1</Quantity>
      <UnitMeasure />
      <BisWeighted>0</BisWeighted>
      <QtyInPackage>1</QtyInPackage>
      <ItemPrice>10.90</ItemPrice>
      <UnitOfMeasurePrice>10.90</UnitOfMeasurePrice>
      <AllowDiscount>1</AllowDiscount>
      <itemStatus>1</itemStatus>
      <LastUpdateDate />
      <LastUpdateTime />
    </Product>
    <Product>
      <PriceUpdateDate>2017/11/09 09:34</PriceUpdateDate>
      <ItemCode>4015000519915</ItemCode>
      <ItemType>1</ItemType>
      <ItemName>דאודורנט ספריי FA ULTIMATE DRY ספורט</ItemName>
      <ManufactureName>הנקל סוד בעמ</ManufactureName>
      <ManufactureCountry />
      <ManufactureItemDescription />
      <UnitQty>י"ח</UnitQty>
      <Quantity>200</Quantity>
      <UnitMeasure>ל  מ"ל</UnitMeasure>
      <BisWeighted>0</BisWeighted>
      <QtyInPackage>1</QtyInPackage>
      <ItemPrice>10.90</ItemPrice>
      <UnitOfMeasurePrice>5.45</UnitOfMeasurePrice>
      <AllowDiscount>1</AllowDiscount>
      <itemStatus>1</itemStatus>
      <LastUpdateDate />
      <LastUpdateTime />
    </Product>
    <Product>
      <PriceUpdateDate>2017/11/10 08:42</PriceUpdateDate>
      <ItemCode>4015000527231</ItemCode>
      <ItemType>1</ItemType>
      <ItemName>דאודורנט ספריי FA</ItemName>
      <ManufactureName>הנקל סוד בעמ</ManufactureName>
      <ManufactureCountry />
      <ManufactureItemDescription />
      <UnitQty>י"ח</UnitQty>
      <Quantity>200</Quantity>
      <UnitMeasure>ל  מ"ל</UnitMeasure>
      <BisWeighted>0</BisWeighted>
      <QtyInPackage>1</QtyInPackage>
      <ItemPrice>10.90</ItemPrice>
      <UnitOfMeasurePrice>5.45</UnitOfMeasurePrice>
      <AllowDiscount>1</AllowDiscount>
      <itemStatus>1</itemStatus>
      <LastUpdateDate />
      <LastUpdateTime />
    </Product>
    <Product>
      <PriceUpdateDate>2017/11/10 08:42</PriceUpdateDate>
      <ItemCode>4015000533416</ItemCode>
      <ItemType>1</ItemType>
      <ItemName>דאודורנט ספריי FA פרפקט וייב</ItemName>
      <ManufactureName>הנקל סוד בעמ</ManufactureName>
      <ManufactureCountry />
      <ManufactureItemDescription />
      <UnitQty>י"ח</UnitQty>
      <Quantity>200</Quantity>
      <UnitMeasure>ל  מ"ל</UnitMeasure>
      <BisWeighted>0</BisWeighted>
      <QtyInPackage>1</QtyInPackage>
      <ItemPrice>10.90</ItemPrice>
      <UnitOfMeasurePrice>5.45</UnitOfMeasurePrice>
      <AllowDiscount>1</AllowDiscount>
      <itemStatus>1</itemStatus>
      <LastUpdateDate />
      <LastUpdateTime />
    </Product>
    <Product>
      <PriceUpdateDate>2017/11/09 09:34</PriceUpdateDate>
      <ItemCode>4015000537605</ItemCode>
      <ItemType>1</ItemType>
      <ItemName>דאו`רול און גולדן סטאר 50מ"ל</ItemName>
      <ManufactureName>הנקל סוד בעמ</ManufactureName>
      <ManufactureCountry />
      <ManufactureItemDescription />
      <UnitQty>י"ח</UnitQty>
      <Quantity>1</Quantity>
      <UnitMeasure>י"ח</UnitMeasure>
      <BisWeighted>0</BisWeighted>
      <QtyInPackage>1</QtyInPackage>
      <ItemPrice>10.90</ItemPrice>
      <UnitOfMeasurePrice>10.90</UnitOfMeasurePrice>
      <AllowDiscount>1</AllowDiscount>
      <itemStatus>1</itemStatus>
      <LastUpdateDate />
      <LastUpdateTime />
    </Product>
    <Product>
      <PriceUpdateDate>2017/11/10 08:42</PriceUpdateDate>
      <ItemCode>4015000540414</ItemCode>
      <ItemType>1</ItemType>
      <ItemName>דאו ספריי פה 200 BLUE ROMANCE</ItemName>
      <ManufactureName>הנקל סוד בעמ</ManufactureName>
      <ManufactureCountry />
      <ManufactureItemDescription />
      <UnitQty>י"ח</UnitQty>
      <Quantity>200</Quantity>
      <UnitMeasure>ל  מ"ל</UnitMeasure>
      <BisWeighted>0</BisWeighted>
      <QtyInPackage>1</QtyInPackage>
      <ItemPrice>10.90</ItemPrice>
      <UnitOfMeasurePrice>5.45</UnitOfMeasurePrice>
      <AllowDiscount>1</AllowDiscount>
      <itemStatus>1</itemStatus>
      <LastUpdateDate />
      <LastUpdateTime />
    </Product>
    <Product>
      <PriceUpdateDate>2017/11/09 09:34</PriceUpdateDate>
      <ItemCode>4015000540865</ItemCode>
      <ItemType>1</ItemType>
      <ItemName>דאו`פה רול און בלו רומאנס 50מ"ל</ItemName>
      <ManufactureName>הנקל סוד בעמ</ManufactureName>
      <ManufactureCountry />
      <ManufactureItemDescription />
      <UnitQty>י"ח</UnitQty>
      <Quantity>1</Quantity>
      <UnitMeasure />
      <BisWeighted>0</BisWeighted>
      <QtyInPackage>1</QtyInPackage>
      <ItemPrice>10.90</ItemPrice>
      <UnitOfMeasurePrice>10.90</UnitOfMeasurePrice>
      <AllowDiscount>1</AllowDiscount>
      <itemStatus>1</itemStatus>
      <LastUpdateDate />
      <LastUpdateTime />
    </Product>
    <Product>
      <PriceUpdateDate>2019/04/19 08:20</PriceUpdateDate>
      <ItemCode>4015000615884</ItemCode>
      <ItemType>1</ItemType>
      <ItemName>דאו`ספריי פה לימון 200 מ``ל</ItemName>
      <ManufactureName>הנקל סוד בעמ</ManufactureName>
      <ManufactureCountry />
      <ManufactureItemDescription />
      <UnitQty>י"ח</UnitQty>
      <Quantity>200</Quantity>
      <UnitMeasure>ל  מ"ל</UnitMeasure>
      <BisWeighted>0</BisWeighted>
      <QtyInPackage>1</QtyInPackage>
      <ItemPrice>10.90</ItemPrice>
      <UnitOfMeasurePrice>5.45</UnitOfMeasurePrice>
      <AllowDiscount>1</AllowDiscount>
      <itemStatus>1</itemStatus>
      <LastUpdateDate />
      <LastUpdateTime />
    </Product>
    <Product>
      <PriceUpdateDate>2019/04/19 08:20</PriceUpdateDate>
      <ItemCode>4015000615891</ItemCode>
      <ItemType>1</ItemType>
      <ItemName>דאו`ספריי פה 200 מ``ל Aqua</ItemName>
      <ManufactureName>הנקל סוד בעמ</ManufactureName>
      <ManufactureCountry />
      <ManufactureItemDescription />
      <UnitQty>י"ח</UnitQty>
      <Quantity>200</Quantity>
      <UnitMeasure>ל  מ"ל</UnitMeasure>
      <BisWeighted>0</BisWeighted>
      <QtyInPackage>1</QtyInPackage>
      <ItemPrice>10.90</ItemPrice>
      <UnitOfMeasurePrice>5.45</UnitOfMeasurePrice>
      <AllowDiscount>1</AllowDiscount>
      <itemStatus>1</itemStatus>
      <LastUpdateDate />
      <LastUpdateTime />
    </Product>
    <Product>
      <PriceUpdateDate>2014/01/19 10:40</PriceUpdateDate>
      <ItemCode>4015000817295</ItemCode>
      <ItemType>1</ItemType>
      <ItemName>פה דאודורנט ספריי</ItemName>
      <ManufactureName>הנקל סוד בעמ</ManufactureName>
      <ManufactureCountry />
      <ManufactureItemDescription />
      <UnitQty>י"ח</UnitQty>
      <Quantity>1</Quantity>
      <UnitMeasure />
      <BisWeighted>0</BisWeighted>
      <QtyInPackage>1</QtyInPackage>
      <ItemPrice>11.20</ItemPrice>
      <UnitOfMeasurePrice>11.20</UnitOfMeasurePrice>
      <AllowDiscount>1</AllowDiscount>
      <itemStatus>1</itemStatus>
      <LastUpdateDate />
      <LastUpdateTime />
    </Product>
    <Product>
      <PriceUpdateDate>2017/11/09 09:34</PriceUpdateDate>
      <ItemCode>4015000914123</ItemCode>
      <ItemType>1</ItemType>
      <ItemName>פה דאורדורנט ספריי ספורטי פרש נשים</ItemName>
      <ManufactureName>הנקל סוד בעמ</ManufactureName>
      <ManufactureCountry />
      <ManufactureItemDescription />
      <UnitQty>י"ח</UnitQty>
      <Quantity>200</Quantity>
      <UnitMeasure>ל  מ"ל</UnitMeasure>
      <BisWeighted>0</BisWeighted>
      <QtyInPackage>1</QtyInPackage>
      <ItemPrice>10.90</ItemPrice>
      <UnitOfMeasurePrice>5.45</UnitOfMeasurePrice>
      <AllowDiscount>1</AllowDiscount>
      <itemStatus>1</itemStatus>
      <LastUpdateDate />
      <LastUpdateTime />
    </Product>
    <Product>
      <PriceUpdateDate>2017/11/09 09:34</PriceUpdateDate>
      <ItemCode>4015000914666</ItemCode>
      <ItemType>1</ItemType>
      <ItemName>פה דאורדורנט ספריי ספורטי פרש נשים</ItemName>
      <ManufactureName>הנקל סוד בעמ</ManufactureName>
      <ManufactureCountry />
      <ManufactureItemDescription />
      <UnitQty>י"ח</UnitQty>
      <Quantity>200</Quantity>
      <UnitMeasure>ל  מ"ל</UnitMeasure>
      <BisWeighted>0</BisWeighted>
      <QtyInPackage>1</QtyInPackage>
      <ItemPrice>10.90</ItemPrice>
      <UnitOfMeasurePrice>5.45</UnitOfMeasurePrice>
      <AllowDiscount>1</AllowDiscount>
      <itemStatus>1</itemStatus>
      <LastUpdateDate />
      <LastUpdateTime />
    </Product>
    <Product>
      <PriceUpdateDate>2017/11/10 08:42</PriceUpdateDate>
      <ItemCode>4015000934251</ItemCode>
      <ItemType>1</ItemType>
      <ItemName>פה דאורדורנט מיסטיק מומנטוס ספריי</ItemName>
      <ManufactureName>הנקל סוד בעמ</ManufactureName>
      <ManufactureCountry />
      <ManufactureItemDescription />
      <UnitQty>י"ח</UnitQty>
      <Quantity>200</Quantity>
      <UnitMeasure>ל  מ"ל</UnitMeasure>
      <BisWeighted>0</BisWeighted>
      <QtyInPackage>1</QtyInPackage>
      <ItemPrice>10.90</ItemPrice>
      <UnitOfMeasurePrice>5.45</UnitOfMeasurePrice>
      <AllowDiscount>1</AllowDiscount>
      <itemStatus>1</itemStatus>
      <LastUpdateDate />
      <LastUpdateTime />
    </Product>
    <Product>
      <PriceUpdateDate>2017/11/10 08:42</PriceUpdateDate>
      <ItemCode>4015000934268</ItemCode>
      <ItemType>1</ItemType>
      <ItemName>פה רול מיסטיק מומנטוס</ItemName>
      <ManufactureName>הנקל סוד בעמ</ManufactureName>
      <ManufactureCountry />
      <ManufactureItemDescription />
      <UnitQty>י"ח</UnitQty>
      <Quantity>50</Quantity>
      <UnitMeasure>ל  מ"ל</UnitMeasure>
      <BisWeighted>0</BisWeighted>
      <QtyInPackage>1</QtyInPackage>
      <ItemPrice>10.90</ItemPrice>
      <UnitOfMeasurePrice>21.80</UnitOfMeasurePrice>
      <AllowDiscount>1</AllowDiscount>
      <itemStatus>1</itemStatus>
      <LastUpdateDate />
      <LastUpdateTime />
    </Product>
    <Product>
      <PriceUpdateDate>2017/11/09 09:34</PriceUpdateDate>
      <ItemCode>4015000939478</ItemCode>
      <ItemType>1</ItemType>
      <ItemName>פה דאודורנט סטיק</ItemName>
      <ManufactureName>הנקל סוד בעמ</ManufactureName>
      <ManufactureCountry />
      <ManufactureItemDescription />
      <UnitQty>י"ח</UnitQty>
      <Quantity>50</Quantity>
      <UnitMeasure>ל  מ"ל</UnitMeasure>
      <BisWeighted>0</BisWeighted>
      <QtyInPackage>1</QtyInPackage>
      <ItemPrice>10.90</ItemPrice>
      <UnitOfMeasurePrice>21.80</UnitOfMeasurePrice>
      <AllowDiscount>1</AllowDiscount>
      <itemStatus>1</itemStatus>
      <LastUpdateDate />
      <LastUpdateTime />
    </Product>
    <Product>
      <PriceUpdateDate>2017/11/10 08:42</PriceUpdateDate>
      <ItemCode>4015000978897</ItemCode>
      <ItemType>1</ItemType>
      <ItemName>דאודורנט ספריי FA</ItemName>
      <ManufactureName>הנקל סוד בעמ</ManufactureName>
      <ManufactureCountry />
      <ManufactureItemDescription />
      <UnitQty>י"ח</UnitQty>
      <Quantity>200</Quantity>
      <UnitMeasure>ל  מ"ל</UnitMeasure>
      <BisWeighted>0</BisWeighted>
      <QtyInPackage>1</QtyInPackage>
      <ItemPrice>10.90</ItemPrice>
      <UnitOfMeasurePrice>5.45</UnitOfMeasurePrice>
      <AllowDiscount>1</AllowDiscount>
      <itemStatus>1</itemStatus>
      <LastUpdateDate />
      <LastUpdateTime />
    </Product>
    <Product>
      <PriceUpdateDate>2017/08/07 09:15</PriceUpdateDate>
      <ItemCode>4015000988742</ItemCode>
      <ItemType>1</ItemType>
      <ItemName>צבעי שיער פלטה דלוקס</ItemName>
      <ManufactureName>הנקל סוד בעמ</ManufactureName>
      <ManufactureCountry />
      <ManufactureItemDescription />
      <UnitQty>י"ח</UnitQty>
      <Quantity>1</Quantity>
      <UnitMeasure />
      <BisWeighted>0</BisWeighted>
      <QtyInPackage>1</QtyInPackage>
      <ItemPrice>38</ItemPrice>
      <UnitOfMeasurePrice>38</UnitOfMeasurePrice>
      <AllowDiscount>1</AllowDiscount>
      <itemStatus>1</itemStatus>
      <LastUpdateDate />
      <LastUpdateTime />
    </Product>
    <Product>
      <PriceUpdateDate>2017/11/09 09:34</PriceUpdateDate>
      <ItemCode>4015000995122</ItemCode>
      <ItemType>1</ItemType>
      <ItemName>פה דאורדורנט ספר</ItemName>
      <ManufactureName>הנקל סוד בעמ</ManufactureName>
      <ManufactureCountry />
      <ManufactureItemDescription />
      <UnitQty>י"ח</UnitQty>
      <Quantity>200</Quantity>
      <UnitMeasure>ל  מ"ל</UnitMeasure>
      <BisWeighted>0</BisWeighted>
      <QtyInPackage>1</QtyInPackage>
      <ItemPrice>10.90</ItemPrice>
      <UnitOfMeasurePrice>5.45</UnitOfMeasurePrice>
      <AllowDiscount>1</AllowDiscount>
      <itemStatus>1</itemStatus>
      <LastUpdateDate />
      <LastUpdateTime />
    </Product>
    <Product>
      <PriceUpdateDate>2017/11/09 09:34</PriceUpdateDate>
      <ItemCode>4015000997430</ItemCode>
      <ItemType>1</ItemType>
      <ItemName>דאודורנט ספריי FA 200מ"ל</ItemName>
      <ManufactureName>הנקל סוד בעמ</ManufactureName>
      <ManufactureCountry />
      <ManufactureItemDescription />
      <UnitQty>י"ח</UnitQty>
      <Quantity>200</Quantity>
      <UnitMeasure>ל  מ"ל</UnitMeasure>
      <BisWeighted>0</BisWeighted>
      <QtyInPackage>1</QtyInPackage>
      <ItemPrice>10.90</ItemPrice>
      <UnitOfMeasurePrice>5.45</UnitOfMeasurePrice>
      <AllowDiscount>1</AllowDiscount>
      <itemStatus>1</itemStatus>
      <LastUpdateDate />
      <LastUpdateTime />
    </Product>
    <Product>
      <PriceUpdateDate>2017/11/10 08:42</PriceUpdateDate>
      <ItemCode>4015000998680</ItemCode>
      <ItemType>1</ItemType>
      <ItemName>דאודורנט ספריי FA ULTIMATE DRY ספורט</ItemName>
      <ManufactureName>הנקל סוד בעמ</ManufactureName>
      <ManufactureCountry />
      <ManufactureItemDescription />
      <UnitQty>י"ח</UnitQty>
      <Quantity>200</Quantity>
      <UnitMeasure>ל  מ"ל</UnitMeasure>
      <BisWeighted>0</BisWeighted>
      <QtyInPackage>1</QtyInPackage>
      <ItemPrice>10.90</ItemPrice>
      <UnitOfMeasurePrice>5.45</UnitOfMeasurePrice>
      <AllowDiscount>1</AllowDiscount>
      <itemStatus>1</itemStatus>
      <LastUpdateDate />
      <LastUpdateTime />
    </Product>
    <Product>
      <PriceUpdateDate>2017/11/09 09:34</PriceUpdateDate>
      <ItemCode>4015001011371</ItemCode>
      <ItemType>1</ItemType>
      <ItemName>פה דאורדורנט ספריי פרש אנד דריי</ItemName>
      <ManufactureName>הנקל סוד בעמ</ManufactureName>
      <ManufactureCountry />
      <ManufactureItemDescription />
      <UnitQty>י"ח</UnitQty>
      <Quantity>200</Quantity>
      <UnitMeasure>ל  מ"ל</UnitMeasure>
      <BisWeighted>0</BisWeighted>
      <QtyInPackage>1</QtyInPackage>
      <ItemPrice>10.90</ItemPrice>
      <UnitOfMeasurePrice>5.45</UnitOfMeasurePrice>
      <AllowDiscount>1</AllowDiscount>
      <itemStatus>1</itemStatus>
      <LastUpdateDate />
      <LastUpdateTime />
    </Product>
    <Product>
      <PriceUpdateDate>2017/11/09 09:34</PriceUpdateDate>
      <ItemCode>4015001011395</ItemCode>
      <ItemType>1</ItemType>
      <ItemName>דאודורנט פה ספריי 200 מ"ל</ItemName>
      <ManufactureName>הנקל סוד בעמ</ManufactureName>
      <ManufactureCountry />
      <ManufactureItemDescription />
      <UnitQty>י"ח</UnitQty>
      <Quantity>200</Quantity>
      <UnitMeasure>ל  מ"ל</UnitMeasure>
      <BisWeighted>0</BisWeighted>
      <QtyInPackage>1</QtyInPackage>
      <ItemPrice>10.90</ItemPrice>
      <UnitOfMeasurePrice>5.45</UnitOfMeasurePrice>
      <AllowDiscount>1</AllowDiscount>
      <itemStatus>1</itemStatus>
      <LastUpdateDate />
      <LastUpdateTime />
    </Product>
    <Product>
      <PriceUpdateDate>2017/11/09 09:34</PriceUpdateDate>
      <ItemCode>4015100011050</ItemCode>
      <ItemType>1</ItemType>
      <ItemName>דאודורנט רול און FA</ItemName>
      <ManufactureName>הנקל סוד בעמ</ManufactureName>
      <ManufactureCountry />
      <ManufactureItemDescription />
      <UnitQty>י"ח</UnitQty>
      <Quantity>50</Quantity>
      <UnitMeasure>ל  מ"ל</UnitMeasure>
      <BisWeighted>0</BisWeighted>
      <QtyInPackage>1</QtyInPackage>
      <ItemPrice>10.90</ItemPrice>
      <UnitOfMeasurePrice>21.80</UnitOfMeasurePrice>
      <AllowDiscount>1</AllowDiscount>
      <itemStatus>1</itemStatus>
      <LastUpdateDate />
      <LastUpdateTime />
    </Product>
    <Product>
      <PriceUpdateDate>2017/08/07 09:15</PriceUpdateDate>
      <ItemCode>4015100186888</ItemCode>
      <ItemType>1</ItemType>
      <ItemName>צבעי שיער פלטה דלוקס</ItemName>
      <ManufactureName>הנקל סוד בעמ</ManufactureName>
      <ManufactureCountry />
      <ManufactureItemDescription />
      <UnitQty>י"ח</UnitQty>
      <Quantity>1</Quantity>
      <UnitMeasure />
      <BisWeighted>0</BisWeighted>
      <QtyInPackage>1</QtyInPackage>
      <ItemPrice>38</ItemPrice>
      <UnitOfMeasurePrice>38</UnitOfMeasurePrice>
      <AllowDiscount>1</AllowDiscount>
      <itemStatus>1</itemStatus>
      <LastUpdateDate />
      <LastUpdateTime />
    </Product>
    <Product>
      <PriceUpdateDate>2017/08/07 09:15</PriceUpdateDate>
      <ItemCode>4015100186932</ItemCode>
      <ItemType>1</ItemType>
      <ItemName>צבעי שיער פלטה דלוקס</ItemName>
      <ManufactureName>הנקל סוד בעמ</ManufactureName>
      <ManufactureCountry />
      <ManufactureItemDescription />
      <UnitQty>י"ח</UnitQty>
      <Quantity>1</Quantity>
      <UnitMeasure />
      <BisWeighted>0</BisWeighted>
      <QtyInPackage>1</QtyInPackage>
      <ItemPrice>38</ItemPrice>
      <UnitOfMeasurePrice>38</UnitOfMeasurePrice>
      <AllowDiscount>1</AllowDiscount>
      <itemStatus>1</itemStatus>
      <LastUpdateDate />
      <LastUpdateTime />
    </Product>
    <Product>
      <PriceUpdateDate>2017/08/07 09:15</PriceUpdateDate>
      <ItemCode>4015100186963</ItemCode>
      <ItemType>1</ItemType>
      <ItemName>צבעי שיער פלטה דלוקס</ItemName>
      <ManufactureName>הנקל סוד בעמ</ManufactureName>
      <ManufactureCountry />
      <ManufactureItemDescription />
      <UnitQty>י"ח</UnitQty>
      <Quantity>1</Quantity>
      <UnitMeasure />
      <BisWeighted>0</BisWeighted>
      <QtyInPackage>1</QtyInPackage>
      <ItemPrice>38</ItemPrice>
      <UnitOfMeasurePrice>38</UnitOfMeasurePrice>
      <AllowDiscount>1</AllowDiscount>
      <itemStatus>1</itemStatus>
      <LastUpdateDate />
      <LastUpdateTime />
    </Product>
    <Product>
      <PriceUpdateDate>2017/08/07 09:15</PriceUpdateDate>
      <ItemCode>4015100186994</ItemCode>
      <ItemType>1</ItemType>
      <ItemName>צבעי שיער פלטה דלוקס</ItemName>
      <ManufactureName>הנקל סוד בעמ</ManufactureName>
      <ManufactureCountry />
      <ManufactureItemDescription />
      <UnitQty>י"ח</UnitQty>
      <Quantity>1</Quantity>
      <UnitMeasure />
      <BisWeighted>0</BisWeighted>
      <QtyInPackage>1</QtyInPackage>
      <ItemPrice>38</ItemPrice>
      <UnitOfMeasurePrice>38</UnitOfMeasurePrice>
      <AllowDiscount>1</AllowDiscount>
      <itemStatus>1</itemStatus>
      <LastUpdateDate />
      <LastUpdateTime />
    </Product>
    <Product>
      <PriceUpdateDate>2017/08/07 09:15</PriceUpdateDate>
      <ItemCode>4015100187014</ItemCode>
      <ItemType>1</ItemType>
      <ItemName>צבעי שיער פלטה דלוקס</ItemName>
      <ManufactureName>הנקל סוד בעמ</ManufactureName>
      <ManufactureCountry />
      <ManufactureItemDescription />
      <UnitQty>י"ח</UnitQty>
      <Quantity>1</Quantity>
      <UnitMeasure />
      <BisWeighted>0</BisWeighted>
      <QtyInPackage>1</QtyInPackage>
      <ItemPrice>38</ItemPrice>
      <UnitOfMeasurePrice>38</UnitOfMeasurePrice>
      <AllowDiscount>1</AllowDiscount>
      <itemStatus>1</itemStatus>
      <LastUpdateDate />
      <LastUpdateTime />
    </Product>
    <Product>
      <PriceUpdateDate>2017/08/07 09:15</PriceUpdateDate>
      <ItemCode>4015100187236</ItemCode>
      <ItemType>1</ItemType>
      <ItemName>צבעי שיער פלטה דלוקס</ItemName>
      <ManufactureName>הנקל סוד בעמ</ManufactureName>
      <ManufactureCountry />
      <ManufactureItemDescription />
      <UnitQty>י"ח</UnitQty>
      <Quantity>1</Quantity>
      <UnitMeasure />
      <BisWeighted>0</BisWeighted>
      <QtyInPackage>1</QtyInPackage>
      <ItemPrice>38</ItemPrice>
      <UnitOfMeasurePrice>38</UnitOfMeasurePrice>
      <AllowDiscount>1</AllowDiscount>
      <itemStatus>1</itemStatus>
      <LastUpdateDate />
      <LastUpdateTime />
    </Product>
    <Product>
      <PriceUpdateDate>2017/08/07 09:15</PriceUpdateDate>
      <ItemCode>4015100187250</ItemCode>
      <ItemType>1</ItemType>
      <ItemName>צבעי שיער פלטה דלוקס</ItemName>
      <ManufactureName>הנקל סוד בעמ</ManufactureName>
      <ManufactureCountry />
      <ManufactureItemDescription />
      <UnitQty>י"ח</UnitQty>
      <Quantity>1</Quantity>
      <UnitMeasure />
      <BisWeighted>0</BisWeighted>
      <QtyInPackage>1</QtyInPackage>
      <ItemPrice>38</ItemPrice>
      <UnitOfMeasurePrice>38</UnitOfMeasurePrice>
      <AllowDiscount>1</AllowDiscount>
      <itemStatus>1</itemStatus>
      <LastUpdateDate />
      <LastUpdateTime />
    </Product>
    <Product>
      <PriceUpdateDate>2017/12/25 13:59</PriceUpdateDate>
      <ItemCode>4015100190762</ItemCode>
      <ItemType>1</ItemType>
      <ItemName>מכסה גליס 300מ"ל שתמצית שמן</ItemName>
      <ManufactureName>הנקל סוד בעמ</ManufactureName>
      <ManufactureCountry />
      <ManufactureItemDescription />
      <UnitQty>י"ח</UnitQty>
      <Quantity>300</Quantity>
      <UnitMeasure>ל  מ"ל</UnitMeasure>
      <BisWeighted>0</BisWeighted>
      <QtyInPackage>1</QtyInPackage>
      <ItemPrice>28.90</ItemPrice>
      <UnitOfMeasurePrice>9.63</UnitOfMeasurePrice>
      <AllowDiscount>1</AllowDiscount>
      <itemStatus>1</itemStatus>
      <LastUpdateDate />
      <LastUpdateTime />
    </Product>
    <Product>
      <PriceUpdateDate>2017/12/25 13:59</PriceUpdateDate>
      <ItemCode>4015100190779</ItemCode>
      <ItemType>1</ItemType>
      <ItemName>מכסה גליס 300מ"ל להגנת הצבע וברק</ItemName>
      <ManufactureName>הנקל סוד בעמ</ManufactureName>
      <ManufactureCountry />
      <ManufactureItemDescription />
      <UnitQty>י"ח</UnitQty>
      <Quantity>300</Quantity>
      <UnitMeasure>ל  מ"ל</UnitMeasure>
      <BisWeighted>0</BisWeighted>
      <QtyInPackage>1</QtyInPackage>
      <ItemPrice>28.90</ItemPrice>
      <UnitOfMeasurePrice>9.63</UnitOfMeasurePrice>
      <AllowDiscount>1</AllowDiscount>
      <itemStatus>1</itemStatus>
      <LastUpdateDate />
      <LastUpdateTime />
    </Product>
    <Product>
      <PriceUpdateDate>2017/12/25 13:59</PriceUpdateDate>
      <ItemCode>4015100190786</ItemCode>
      <ItemType>1</ItemType>
      <ItemName>מכסה גליס 300מ"ל סרום שיקום עמוק</ItemName>
      <ManufactureName>הנקל סוד בעמ</ManufactureName>
      <ManufactureCountry />
      <ManufactureItemDescription />
      <UnitQty>י"ח</UnitQty>
      <Quantity>300</Quantity>
      <UnitMeasure>ל  מ"ל</UnitMeasure>
      <BisWeighted>0</BisWeighted>
      <QtyInPackage>1</QtyInPackage>
      <ItemPrice>28.90</ItemPrice>
      <UnitOfMeasurePrice>9.63</UnitOfMeasurePrice>
      <AllowDiscount>1</AllowDiscount>
      <itemStatus>1</itemStatus>
      <LastUpdateDate />
      <LastUpdateTime />
    </Product>
    <Product>
      <PriceUpdateDate>2017/12/25 13:59</PriceUpdateDate>
      <ItemCode>4015100190793</ItemCode>
      <ItemType>1</ItemType>
      <ItemName>מכסה גליס 300מ"ל שיקום</ItemName>
      <ManufactureName>הנקל סוד בעמ</ManufactureName>
      <ManufactureCountry />
      <ManufactureItemDescription />
      <UnitQty>י"ח</UnitQty>
      <Quantity>300</Quantity>
      <UnitMeasure>ל  מ"ל</UnitMeasure>
      <BisWeighted>0</BisWeighted>
      <QtyInPackage>1</QtyInPackage>
      <ItemPrice>28.90</ItemPrice>
      <UnitOfMeasurePrice>9.63</UnitOfMeasurePrice>
      <AllowDiscount>1</AllowDiscount>
      <itemStatus>1</itemStatus>
      <LastUpdateDate />
      <LastUpdateTime />
    </Product>
    <Product>
      <PriceUpdateDate>2017/12/25 13:59</PriceUpdateDate>
      <ItemCode>4015100190816</ItemCode>
      <ItemType>1</ItemType>
      <ItemName>מכסה גליס 300מ"ל כוח מופלא</ItemName>
      <ManufactureName>הנקל סוד בעמ</ManufactureName>
      <ManufactureCountry />
      <ManufactureItemDescription />
      <UnitQty>י"ח</UnitQty>
      <Quantity>300</Quantity>
      <UnitMeasure>ל  מ"ל</UnitMeasure>
      <BisWeighted>0</BisWeighted>
      <QtyInPackage>1</QtyInPackage>
      <ItemPrice>28.90</ItemPrice>
      <UnitOfMeasurePrice>9.63</UnitOfMeasurePrice>
      <AllowDiscount>1</AllowDiscount>
      <itemStatus>1</itemStatus>
      <LastUpdateDate />
      <LastUpdateTime />
    </Product>
    <Product>
      <PriceUpdateDate>2017/12/25 13:59</PriceUpdateDate>
      <ItemCode>4015100192612</ItemCode>
      <ItemType>1</ItemType>
      <ItemName>מכסה גליס 300מ"ל שיקום עמוק</ItemName>
      <ManufactureName>הנקל סוד בעמ</ManufactureName>
      <ManufactureCountry />
      <ManufactureItemDescription />
      <UnitQty>י"ח</UnitQty>
      <Quantity>300</Quantity>
      <UnitMeasure>ל  מ"ל</UnitMeasure>
      <BisWeighted>0</BisWeighted>
      <QtyInPackage>1</QtyInPackage>
      <ItemPrice>28.90</ItemPrice>
      <UnitOfMeasurePrice>9.63</UnitOfMeasurePrice>
      <AllowDiscount>1</AllowDiscount>
      <itemStatus>1</itemStatus>
      <LastUpdateDate />
      <LastUpdateTime />
    </Product>
    <Product>
      <PriceUpdateDate>2020/01/13 10:05</PriceUpdateDate>
      <ItemCode>4015100298000</ItemCode>
      <ItemType>1</ItemType>
      <ItemName>מכסה גליס ביו-טק  300מ"ל</ItemName>
      <ManufactureName>הנקל סוד בעמ</ManufactureName>
      <ManufactureCountry />
      <ManufactureItemDescription />
      <UnitQty>י"ח</UnitQty>
      <Quantity>300</Quantity>
      <UnitMeasure>ל  מ"ל</UnitMeasure>
      <BisWeighted>0</BisWeighted>
      <QtyInPackage>1</QtyInPackage>
      <ItemPrice>28.90</ItemPrice>
      <UnitOfMeasurePrice>9.63</UnitOfMeasurePrice>
      <AllowDiscount>1</AllowDiscount>
      <itemStatus>1</itemStatus>
      <LastUpdateDate />
      <LastUpdateTime />
    </Product>
    <Product>
      <PriceUpdateDate>2019/10/04 08:02</PriceUpdateDate>
      <ItemCode>4015400181699</ItemCode>
      <ItemType>1</ItemType>
      <ItemName>אולדייז מגה פק לונג פלוס 58 יח`</ItemName>
      <ManufactureName>דיפלומט מפיצים 1968 בעמ</ManufactureName>
      <ManufactureCountry />
      <ManufactureItemDescription />
      <UnitQty>י"ח</UnitQty>
      <Quantity>58</Quantity>
      <UnitMeasure>י"ח</UnitMeasure>
      <BisWeighted>0</BisWeighted>
      <QtyInPackage>1</QtyInPackage>
      <ItemPrice>23.90</ItemPrice>
      <UnitOfMeasurePrice>0.41</UnitOfMeasurePrice>
      <AllowDiscount>1</AllowDiscount>
      <itemStatus>1</itemStatus>
      <LastUpdateDate />
      <LastUpdateTime />
    </Product>
    <Product>
      <PriceUpdateDate>2019/10/04 08:02</PriceUpdateDate>
      <ItemCode>4015400183099</ItemCode>
      <ItemType>1</ItemType>
      <ItemName>אולדייז מגה פק נורמל פרש 78 יח`</ItemName>
      <ManufactureName>דיפלומט מפיצים 1968 בעמ</ManufactureName>
      <ManufactureCountry />
      <ManufactureItemDescription />
      <UnitQty>י"ח</UnitQty>
      <Quantity>78</Quantity>
      <UnitMeasure>י"ח</UnitMeasure>
      <BisWeighted>0</BisWeighted>
      <QtyInPackage>1</QtyInPackage>
      <ItemPrice>23.90</ItemPrice>
      <UnitOfMeasurePrice>0.31</UnitOfMeasurePrice>
      <AllowDiscount>1</AllowDiscount>
      <itemStatus>1</itemStatus>
      <LastUpdateDate />
      <LastUpdateTime />
    </Product>
    <Product>
      <PriceUpdateDate>2019/10/04 08:02</PriceUpdateDate>
      <ItemCode>4015400230748</ItemCode>
      <ItemType>1</ItemType>
      <ItemName>אולדייז מגה פק  לארג`פרש 66 יח`</ItemName>
      <ManufactureName>דיפלומט מפיצים 1968 בעמ</ManufactureName>
      <ManufactureCountry />
      <ManufactureItemDescription />
      <UnitQty>י"ח</UnitQty>
      <Quantity>66</Quantity>
      <UnitMeasure>י"ח</UnitMeasure>
      <BisWeighted>0</BisWeighted>
      <QtyInPackage>1</QtyInPackage>
      <ItemPrice>23.90</ItemPrice>
      <UnitOfMeasurePrice>0.36</UnitOfMeasurePrice>
      <AllowDiscount>1</AllowDiscount>
      <itemStatus>1</itemStatus>
      <LastUpdateDate />
      <LastUpdateTime />
    </Product>
    <Product>
      <PriceUpdateDate>2019/10/04 08:02</PriceUpdateDate>
      <ItemCode>4015400254782</ItemCode>
      <ItemType>1</ItemType>
      <ItemName>אולדייז מגה פק קמומיל נורמל 78 יח`</ItemName>
      <ManufactureName>דיפלומט מפיצים 1968 בעמ</ManufactureName>
      <ManufactureCountry />
      <ManufactureItemDescription />
      <UnitQty>י"ח</UnitQty>
      <Quantity>1</Quantity>
      <UnitMeasure />
      <BisWeighted>0</BisWeighted>
      <QtyInPackage>1</QtyInPackage>
      <ItemPrice>23.90</ItemPrice>
      <UnitOfMeasurePrice>23.90</UnitOfMeasurePrice>
      <AllowDiscount>1</AllowDiscount>
      <itemStatus>1</itemStatus>
      <LastUpdateDate />
      <LastUpdateTime />
    </Product>
    <Product>
      <PriceUpdateDate>2017/07/04 08:54</PriceUpdateDate>
      <ItemCode>4015400269762</ItemCode>
      <ItemType>1</ItemType>
      <ItemName>טמפקס  פרל רגולר 20יח</ItemName>
      <ManufactureName>דיפלומט מפיצים 1968 בעמ</ManufactureName>
      <ManufactureCountry />
      <ManufactureItemDescription />
      <UnitQty>י"ח</UnitQty>
      <Quantity>1</Quantity>
      <UnitMeasure />
      <BisWeighted>0</BisWeighted>
      <QtyInPackage>1</QtyInPackage>
      <ItemPrice>29.60</ItemPrice>
      <UnitOfMeasurePrice>29.60</UnitOfMeasurePrice>
      <AllowDiscount>1</AllowDiscount>
      <itemStatus>1</itemStatus>
      <LastUpdateDate />
      <LastUpdateTime />
    </Product>
    <Product>
      <PriceUpdateDate>2014/10/12 09:54</PriceUpdateDate>
      <ItemCode>4015400348603</ItemCode>
      <ItemType>1</ItemType>
      <ItemName>אולוויז  דואו  נורמל+</ItemName>
      <ManufactureName>דיפלומט מפיצים 1968 בעמ</ManufactureName>
      <ManufactureCountry />
      <ManufactureItemDescription />
      <UnitQty>י"ח</UnitQty>
      <Quantity>1</Quantity>
      <UnitMeasure />
      <BisWeighted>0</BisWeighted>
      <QtyInPackage>1</QtyInPackage>
      <ItemPrice>26.90</ItemPrice>
      <UnitOfMeasurePrice>26.90</UnitOfMeasurePrice>
      <AllowDiscount>1</AllowDiscount>
      <itemStatus>1</itemStatus>
      <LastUpdateDate />
      <LastUpdateTime />
    </Product>
    <Product>
      <PriceUpdateDate>2014/10/12 09:54</PriceUpdateDate>
      <ItemCode>4015400348634</ItemCode>
      <ItemType>1</ItemType>
      <ItemName>אולוויז דואו נורמל</ItemName>
      <ManufactureName>דיפלומט מפיצים 1968 בעמ</ManufactureName>
      <ManufactureCountry />
      <ManufactureItemDescription />
      <UnitQty>י"ח</UnitQty>
      <Quantity>1</Quantity>
      <UnitMeasure />
      <BisWeighted>0</BisWeighted>
      <QtyInPackage>1</QtyInPackage>
      <ItemPrice>26.90</ItemPrice>
      <UnitOfMeasurePrice>26.90</UnitOfMeasurePrice>
      <AllowDiscount>1</AllowDiscount>
      <itemStatus>1</itemStatus>
      <LastUpdateDate />
      <LastUpdateTime />
    </Product>
    <Product>
      <PriceUpdateDate>2014/10/12 09:54</PriceUpdateDate>
      <ItemCode>4015400348665</ItemCode>
      <ItemType>1</ItemType>
      <ItemName>אולוויז דואו  לונג+</ItemName>
      <ManufactureName>דיפלומט מפיצים 1968 בעמ</ManufactureName>
      <ManufactureCountry />
      <ManufactureItemDescription />
      <UnitQty>י"ח</UnitQty>
      <Quantity>1</Quantity>
      <UnitMeasure />
      <BisWeighted>0</BisWeighted>
      <QtyInPackage>1</QtyInPackage>
      <ItemPrice>26.90</ItemPrice>
      <UnitOfMeasurePrice>26.90</UnitOfMeasurePrice>
      <AllowDiscount>1</AllowDiscount>
      <itemStatus>1</itemStatus>
      <LastUpdateDate />
      <LastUpdateTime />
    </Product>
    <Product>
      <PriceUpdateDate>2014/10/12 09:54</PriceUpdateDate>
      <ItemCode>4015400348696</ItemCode>
      <ItemType>1</ItemType>
      <ItemName>אולוויז דואו לילה</ItemName>
      <ManufactureName>דיפלומט מפיצים 1968 בעמ</ManufactureName>
      <ManufactureCountry />
      <ManufactureItemDescription />
      <UnitQty>י"ח</UnitQty>
      <Quantity>1</Quantity>
      <UnitMeasure />
      <BisWeighted>0</BisWeighted>
      <QtyInPackage>1</QtyInPackage>
      <ItemPrice>26.90</ItemPrice>
      <UnitOfMeasurePrice>26.90</UnitOfMeasurePrice>
      <AllowDiscount>1</AllowDiscount>
      <itemStatus>1</itemStatus>
      <LastUpdateDate />
      <LastUpdateTime />
    </Product>
    <Product>
      <PriceUpdateDate>2013/12/09 19:30</PriceUpdateDate>
      <ItemCode>4015400393818</ItemCode>
      <ItemType>1</ItemType>
      <ItemName>פמפרס ניו בייבי מיני 74 יח`</ItemName>
      <ManufactureName>דיפלומט מפיצים 1968 בעמ</ManufactureName>
      <ManufactureCountry />
      <ManufactureItemDescription />
      <UnitQty>י"ח</UnitQty>
      <Quantity>1</Quantity>
      <UnitMeasure />
      <BisWeighted>0</BisWeighted>
      <QtyInPackage>1</QtyInPackage>
      <ItemPrice>64.30</ItemPrice>
      <UnitOfMeasurePrice>64.30</UnitOfMeasurePrice>
      <AllowDiscount>1</AllowDiscount>
      <itemStatus>1</itemStatus>
      <LastUpdateDate />
      <LastUpdateTime />
    </Product>
    <Product>
      <PriceUpdateDate>2014/10/12 09:54</PriceUpdateDate>
      <ItemCode>4015400488910</ItemCode>
      <ItemType>1</ItemType>
      <ItemName>אולוויז פינק</ItemName>
      <ManufactureName>דיפלומט מפיצים 1968 בעמ</ManufactureName>
      <ManufactureCountry />
      <ManufactureItemDescription />
      <UnitQty>י"ח</UnitQty>
      <Quantity>1</Quantity>
      <UnitMeasure />
      <BisWeighted>0</BisWeighted>
      <QtyInPackage>1</QtyInPackage>
      <ItemPrice>26.90</ItemPrice>
      <UnitOfMeasurePrice>26.90</UnitOfMeasurePrice>
      <AllowDiscount>1</AllowDiscount>
      <itemStatus>1</itemStatus>
      <LastUpdateDate />
      <LastUpdateTime />
    </Product>
    <Product>
      <PriceUpdateDate>2019/10/04 08:02</PriceUpdateDate>
      <ItemCode>4015400562788</ItemCode>
      <ItemType>1</ItemType>
      <ItemName>אולדייז פלקסי סטייל דואו 100 יח`</ItemName>
      <ManufactureName>דיפלומט מפיצים 1968 בעמ</ManufactureName>
      <ManufactureCountry />
      <ManufactureItemDescription />
      <UnitQty>י"ח</UnitQty>
      <Quantity>100</Quantity>
      <UnitMeasure>י"ח</UnitMeasure>
      <BisWeighted>0</BisWeighted>
      <QtyInPackage>1</QtyInPackage>
      <ItemPrice>23.90</ItemPrice>
      <UnitOfMeasurePrice>0.24</UnitOfMeasurePrice>
      <AllowDiscount>1</AllowDiscount>
      <itemStatus>1</itemStatus>
      <LastUpdateDate />
      <LastUpdateTime />
    </Product>
    <Product>
      <PriceUpdateDate>2018/05/21 08:02</PriceUpdateDate>
      <ItemCode>4015400564034</ItemCode>
      <ItemType>1</ItemType>
      <ItemName>אולדייז מגה פק לונג פלוס 58 יח`***</ItemName>
      <ManufactureName>דיפלומט מפיצים 1968 בעמ</ManufactureName>
      <ManufactureCountry />
      <ManufactureItemDescription />
      <UnitQty>י"ח</UnitQty>
      <Quantity>58</Quantity>
      <UnitMeasure>י"ח</UnitMeasure>
      <BisWeighted>0</BisWeighted>
      <QtyInPackage>1</QtyInPackage>
      <ItemPrice>23.90</ItemPrice>
      <UnitOfMeasurePrice>0.41</UnitOfMeasurePrice>
      <AllowDiscount>1</AllowDiscount>
      <itemStatus>1</itemStatus>
      <LastUpdateDate />
      <LastUpdateTime />
    </Product>
    <Product>
      <PriceUpdateDate>2019/12/27 08:44</PriceUpdateDate>
      <ItemCode>4015400564324</ItemCode>
      <ItemType>1</ItemType>
      <ItemName>אולדייז מגה פק לארג 52יח`</ItemName>
      <ManufactureName>דיפלומט מפיצים 1968 בעמ</ManufactureName>
      <ManufactureCountry />
      <ManufactureItemDescription />
      <UnitQty>י"ח</UnitQty>
      <Quantity>78</Quantity>
      <UnitMeasure>י"ח</UnitMeasure>
      <BisWeighted>0</BisWeighted>
      <QtyInPackage>1</QtyInPackage>
      <ItemPrice>23.90</ItemPrice>
      <UnitOfMeasurePrice>0.31</UnitOfMeasurePrice>
      <AllowDiscount>1</AllowDiscount>
      <itemStatus>1</itemStatus>
      <LastUpdateDate />
      <LastUpdateTime />
    </Product>
    <Product>
      <PriceUpdateDate>2019/10/04 08:02</PriceUpdateDate>
      <ItemCode>4015400564362</ItemCode>
      <ItemType>1</ItemType>
      <ItemName>אולדייז מגה פק  לארג`פרש 66 יח`***</ItemName>
      <ManufactureName>דיפלומט מפיצים 1968 בעמ</ManufactureName>
      <ManufactureCountry />
      <ManufactureItemDescription />
      <UnitQty>י"ח</UnitQty>
      <Quantity>66</Quantity>
      <UnitMeasure>י"ח</UnitMeasure>
      <BisWeighted>0</BisWeighted>
      <QtyInPackage>1</QtyInPackage>
      <ItemPrice>23.90</ItemPrice>
      <UnitOfMeasurePrice>0.36</UnitOfMeasurePrice>
      <AllowDiscount>1</AllowDiscount>
      <itemStatus>1</itemStatus>
      <LastUpdateDate />
      <LastUpdateTime />
    </Product>
    <Product>
      <PriceUpdateDate>2018/05/21 08:02</PriceUpdateDate>
      <ItemCode>4015400564454</ItemCode>
      <ItemType>1</ItemType>
      <ItemName>אולדייז מגה פק  לארג `68יח`***</ItemName>
      <ManufactureName>דיפלומט מפיצים 1968 בעמ</ManufactureName>
      <ManufactureCountry />
      <ManufactureItemDescription />
      <UnitQty>י"ח</UnitQty>
      <Quantity>1</Quantity>
      <UnitMeasure />
      <BisWeighted>0</BisWeighted>
      <QtyInPackage>1</QtyInPackage>
      <ItemPrice>23.90</ItemPrice>
      <UnitOfMeasurePrice>23.90</UnitOfMeasurePrice>
      <AllowDiscount>1</AllowDiscount>
      <itemStatus>1</itemStatus>
      <LastUpdateDate />
      <LastUpdateTime />
    </Product>
    <Product>
      <PriceUpdateDate>2015/03/27 07:59</PriceUpdateDate>
      <ItemCode>4015400612223</ItemCode>
      <ItemType>1</ItemType>
      <ItemName>אולוויז  לילה בטוח וליו פק</ItemName>
      <ManufactureName>דיפלומט מפיצים 1968 בעמ</ManufactureName>
      <ManufactureCountry />
      <ManufactureItemDescription />
      <UnitQty>י"ח</UnitQty>
      <Quantity>1</Quantity>
      <UnitMeasure />
      <BisWeighted>0</BisWeighted>
      <QtyInPackage>1</QtyInPackage>
      <ItemPrice>25.90</ItemPrice>
      <UnitOfMeasurePrice>25.90</UnitOfMeasurePrice>
      <AllowDiscount>1</AllowDiscount>
      <itemStatus>1</itemStatus>
      <LastUpdateDate />
      <LastUpdateTime />
    </Product>
    <Product>
      <PriceUpdateDate>2018/07/09 09:27</PriceUpdateDate>
      <ItemCode>4015400649724</ItemCode>
      <ItemType>1</ItemType>
      <ItemName>פמפרס אקטיב בייבי מידה 4 46יח</ItemName>
      <ManufactureName>דיפלומט מפיצים 1968 בעמ</ManufactureName>
      <ManufactureCountry />
      <ManufactureItemDescription />
      <UnitQty>י"ח</UnitQty>
      <Quantity>1</Quantity>
      <UnitMeasure />
      <BisWeighted>0</BisWeighted>
      <QtyInPackage>1</QtyInPackage>
      <ItemPrice>39.90</ItemPrice>
      <UnitOfMeasurePrice>39.90</UnitOfMeasurePrice>
      <AllowDiscount>1</AllowDiscount>
      <itemStatus>1</itemStatus>
      <LastUpdateDate />
      <LastUpdateTime />
    </Product>
    <Product>
      <PriceUpdateDate>2014/12/02 11:17</PriceUpdateDate>
      <ItemCode>4015400675839</ItemCode>
      <ItemType>1</ItemType>
      <ItemName>אולוויז  דואו   נורמל+28יח</ItemName>
      <ManufactureName>דיפלומט מפיצים 1968 בעמ</ManufactureName>
      <ManufactureCountry />
      <ManufactureItemDescription />
      <UnitQty>י"ח</UnitQty>
      <Quantity>1</Quantity>
      <UnitMeasure />
      <BisWeighted>0</BisWeighted>
      <QtyInPackage>1</QtyInPackage>
      <ItemPrice>26.90</ItemPrice>
      <UnitOfMeasurePrice>26.90</UnitOfMeasurePrice>
      <AllowDiscount>1</AllowDiscount>
      <itemStatus>1</itemStatus>
      <LastUpdateDate />
      <LastUpdateTime />
    </Product>
    <Product>
      <PriceUpdateDate>2014/12/02 11:17</PriceUpdateDate>
      <ItemCode>4015400675860</ItemCode>
      <ItemType>1</ItemType>
      <ItemName>אולוויז דואו נורמל 32יח`</ItemName>
      <ManufactureName>דיפלומט מפיצים 1968 בעמ</ManufactureName>
      <ManufactureCountry />
      <ManufactureItemDescription />
      <UnitQty>י"ח</UnitQty>
      <Quantity>1</Quantity>
      <UnitMeasure />
      <BisWeighted>0</BisWeighted>
      <QtyInPackage>1</QtyInPackage>
      <ItemPrice>26.90</ItemPrice>
      <UnitOfMeasurePrice>26.90</UnitOfMeasurePrice>
      <AllowDiscount>1</AllowDiscount>
      <itemStatus>1</itemStatus>
      <LastUpdateDate />
      <LastUpdateTime />
    </Product>
    <Product>
      <PriceUpdateDate>2014/12/02 11:17</PriceUpdateDate>
      <ItemCode>4015400675891</ItemCode>
      <ItemType>1</ItemType>
      <ItemName>אולוויז דואו   לונג+24יח</ItemName>
      <ManufactureName>דיפלומט מפיצים 1968 בעמ</ManufactureName>
      <ManufactureCountry />
      <ManufactureItemDescription />
      <UnitQty>י"ח</UnitQty>
      <Quantity>1</Quantity>
      <UnitMeasure />
      <BisWeighted>0</BisWeighted>
      <QtyInPackage>1</QtyInPackage>
      <ItemPrice>26.90</ItemPrice>
      <UnitOfMeasurePrice>26.90</UnitOfMeasurePrice>
      <AllowDiscount>1</AllowDiscount>
      <itemStatus>1</itemStatus>
      <LastUpdateDate />
      <LastUpdateTime />
    </Product>
    <Product>
      <PriceUpdateDate>2014/12/02 11:17</PriceUpdateDate>
      <ItemCode>4015400675952</ItemCode>
      <ItemType>1</ItemType>
      <ItemName>אולוויז דואו לילה 20יח</ItemName>
      <ManufactureName>דיפלומט מפיצים 1968 בעמ</ManufactureName>
      <ManufactureCountry />
      <ManufactureItemDescription />
      <UnitQty>י"ח</UnitQty>
      <Quantity>1</Quantity>
      <UnitMeasure />
      <BisWeighted>0</BisWeighted>
      <QtyInPackage>1</QtyInPackage>
      <ItemPrice>26.90</ItemPrice>
      <UnitOfMeasurePrice>26.90</UnitOfMeasurePrice>
      <AllowDiscount>1</AllowDiscount>
      <itemStatus>1</itemStatus>
      <LastUpdateDate />
      <LastUpdateTime />
    </Product>
    <Product>
      <PriceUpdateDate>2015/07/27 10:50</PriceUpdateDate>
      <ItemCode>4015400681670</ItemCode>
      <ItemType>1</ItemType>
      <ItemName>אולוויז לילה בטוח 18יח</ItemName>
      <ManufactureName>דיפלומט מפיצים 1968 בעמ</ManufactureName>
      <ManufactureCountry />
      <ManufactureItemDescription />
      <UnitQty>י"ח</UnitQty>
      <Quantity>1</Quantity>
      <UnitMeasure />
      <BisWeighted>0</BisWeighted>
      <QtyInPackage>1</QtyInPackage>
      <ItemPrice>25.90</ItemPrice>
      <UnitOfMeasurePrice>25.90</UnitOfMeasurePrice>
      <AllowDiscount>1</AllowDiscount>
      <itemStatus>1</itemStatus>
      <LastUpdateDate />
      <LastUpdateTime />
    </Product>
    <Product>
      <PriceUpdateDate>2016/11/17 10:08</PriceUpdateDate>
      <ItemCode>4015400690405</ItemCode>
      <ItemType>1</ItemType>
      <ItemName>טמפקס קומפאק פרל סופר 18 יח</ItemName>
      <ManufactureName>דיפלומט מפיצים 1968 בעמ</ManufactureName>
      <ManufactureCountry />
      <ManufactureItemDescription />
      <UnitQty>י"ח</UnitQty>
      <Quantity>1</Quantity>
      <UnitMeasure />
      <BisWeighted>0</BisWeighted>
      <QtyInPackage>1</QtyInPackage>
      <ItemPrice>27.90</ItemPrice>
      <UnitOfMeasurePrice>27.90</UnitOfMeasurePrice>
      <AllowDiscount>1</AllowDiscount>
      <itemStatus>1</itemStatus>
      <LastUpdateDate />
      <LastUpdateTime />
    </Product>
    <Product>
      <PriceUpdateDate>2016/11/17 10:08</PriceUpdateDate>
      <ItemCode>4015400690498</ItemCode>
      <ItemType>1</ItemType>
      <ItemName>טמפקס קומפאק פרל סופר פלוס 18 יח</ItemName>
      <ManufactureName>דיפלומט מפיצים 1968 בעמ</ManufactureName>
      <ManufactureCountry />
      <ManufactureItemDescription />
      <UnitQty>י"ח</UnitQty>
      <Quantity>1</Quantity>
      <UnitMeasure />
      <BisWeighted>0</BisWeighted>
      <QtyInPackage>1</QtyInPackage>
      <ItemPrice>27.90</ItemPrice>
      <UnitOfMeasurePrice>27.90</UnitOfMeasurePrice>
      <AllowDiscount>1</AllowDiscount>
      <itemStatus>1</itemStatus>
      <LastUpdateDate />
      <LastUpdateTime />
    </Product>
    <Product>
      <PriceUpdateDate>2015/07/27 10:50</PriceUpdateDate>
      <ItemCode>4015400699811</ItemCode>
      <ItemType>1</ItemType>
      <ItemName>אולוויז דואו   נורמל+28יח</ItemName>
      <ManufactureName>דיפלומט מפיצים 1968 בעמ</ManufactureName>
      <ManufactureCountry />
      <ManufactureItemDescription />
      <UnitQty>י"ח</UnitQty>
      <Quantity>1</Quantity>
      <UnitMeasure />
      <BisWeighted>0</BisWeighted>
      <QtyInPackage>1</QtyInPackage>
      <ItemPrice>25.90</ItemPrice>
      <UnitOfMeasurePrice>25.90</UnitOfMeasurePrice>
      <AllowDiscount>1</AllowDiscount>
      <itemStatus>1</itemStatus>
      <LastUpdateDate />
      <LastUpdateTime />
    </Product>
    <Product>
      <PriceUpdateDate>2015/07/27 10:50</PriceUpdateDate>
      <ItemCode>4015400699958</ItemCode>
      <ItemType>1</ItemType>
      <ItemName>אולוויז דואו נורמל 32יח`</ItemName>
      <ManufactureName>דיפלומט מפיצים 1968 בעמ</ManufactureName>
      <ManufactureCountry />
      <ManufactureItemDescription />
      <UnitQty>י"ח</UnitQty>
      <Quantity>1</Quantity>
      <UnitMeasure />
      <BisWeighted>0</BisWeighted>
      <QtyInPackage>1</QtyInPackage>
      <ItemPrice>25.90</ItemPrice>
      <UnitOfMeasurePrice>25.90</UnitOfMeasurePrice>
      <AllowDiscount>1</AllowDiscount>
      <itemStatus>1</itemStatus>
      <LastUpdateDate />
      <LastUpdateTime />
    </Product>
    <Product>
      <PriceUpdateDate>2015/07/27 10:50</PriceUpdateDate>
      <ItemCode>4015400700111</ItemCode>
      <ItemType>1</ItemType>
      <ItemName>אולוויז דואו לונג 24יח</ItemName>
      <ManufactureName>דיפלומט מפיצים 1968 בעמ</ManufactureName>
      <ManufactureCountry />
      <ManufactureItemDescription />
      <UnitQty>י"ח</UnitQty>
      <Quantity>1</Quantity>
      <UnitMeasure />
      <BisWeighted>0</BisWeighted>
      <QtyInPackage>1</QtyInPackage>
      <ItemPrice>25.90</ItemPrice>
      <UnitOfMeasurePrice>25.90</UnitOfMeasurePrice>
      <AllowDiscount>1</AllowDiscount>
      <itemStatus>1</itemStatus>
      <LastUpdateDate />
      <LastUpdateTime />
    </Product>
    <Product>
      <PriceUpdateDate>2015/07/27 10:50</PriceUpdateDate>
      <ItemCode>4015400700272</ItemCode>
      <ItemType>1</ItemType>
      <ItemName>אולוויז דואו לילה 20יח</ItemName>
      <ManufactureName>דיפלומט מפיצים 1968 בעמ</ManufactureName>
      <ManufactureCountry />
      <ManufactureItemDescription />
      <UnitQty>י"ח</UnitQty>
      <Quantity>1</Quantity>
      <UnitMeasure />
      <BisWeighted>0</BisWeighted>
      <QtyInPackage>1</QtyInPackage>
      <ItemPrice>25.90</ItemPrice>
      <UnitOfMeasurePrice>25.90</UnitOfMeasurePrice>
      <AllowDiscount>1</AllowDiscount>
      <itemStatus>1</itemStatus>
      <LastUpdateDate />
      <LastUpdateTime />
    </Product>
    <Product>
      <PriceUpdateDate>2019/08/08 09:23</PriceUpdateDate>
      <ItemCode>4015400715290</ItemCode>
      <ItemType>1</ItemType>
      <ItemName>טמפקס קומפאק סופר פלוס 22יח</ItemName>
      <ManufactureName>דיפלומט מפיצים 1968 בעמ</ManufactureName>
      <ManufactureCountry />
      <ManufactureItemDescription />
      <UnitQty>י"ח</UnitQty>
      <Quantity>1</Quantity>
      <UnitMeasure />
      <BisWeighted>0</BisWeighted>
      <QtyInPackage>1</QtyInPackage>
      <ItemPrice>26.90</ItemPrice>
      <UnitOfMeasurePrice>26.90</UnitOfMeasurePrice>
      <AllowDiscount>1</AllowDiscount>
      <itemStatus>1</itemStatus>
      <LastUpdateDate />
      <LastUpdateTime />
    </Product>
    <Product>
      <PriceUpdateDate>2016/01/19 08:55</PriceUpdateDate>
      <ItemCode>4015400715320</ItemCode>
      <ItemType>1</ItemType>
      <ItemName>טמפקס קומפאק רגולר 22יח</ItemName>
      <ManufactureName>דיפלומט מפיצים 1968 בעמ</ManufactureName>
      <ManufactureCountry />
      <ManufactureItemDescription />
      <UnitQty>י"ח</UnitQty>
      <Quantity>1</Quantity>
      <UnitMeasure />
      <BisWeighted>0</BisWeighted>
      <QtyInPackage>1</QtyInPackage>
      <ItemPrice>26.90</ItemPrice>
      <UnitOfMeasurePrice>26.90</UnitOfMeasurePrice>
      <AllowDiscount>1</AllowDiscount>
      <itemStatus>1</itemStatus>
      <LastUpdateDate />
      <LastUpdateTime />
    </Product>
    <Product>
      <PriceUpdateDate>2016/01/19 08:55</PriceUpdateDate>
      <ItemCode>4015400715443</ItemCode>
      <ItemType>1</ItemType>
      <ItemName>טמפקס קומפאק סופר</ItemName>
      <ManufactureName>דיפלומט מפיצים 1968 בעמ</ManufactureName>
      <ManufactureCountry />
      <ManufactureItemDescription />
      <UnitQty>י"ח</UnitQty>
      <Quantity>1</Quantity>
      <UnitMeasure />
      <BisWeighted>0</BisWeighted>
      <QtyInPackage>1</QtyInPackage>
      <ItemPrice>26.90</ItemPrice>
      <UnitOfMeasurePrice>26.90</UnitOfMeasurePrice>
      <AllowDiscount>1</AllowDiscount>
      <itemStatus>1</itemStatus>
      <LastUpdateDate />
      <LastUpdateTime />
    </Product>
    <Product>
      <PriceUpdateDate>2016/07/05 10:33</PriceUpdateDate>
      <ItemCode>4015400731719</ItemCode>
      <ItemType>1</ItemType>
      <ItemName>אולוויז וליו פק  לילה 20יח`</ItemName>
      <ManufactureName>דיפלומט מפיצים 1968 בעמ</ManufactureName>
      <ManufactureCountry />
      <ManufactureItemDescription />
      <UnitQty>י"ח</UnitQty>
      <Quantity>1</Quantity>
      <UnitMeasure />
      <BisWeighted>0</BisWeighted>
      <QtyInPackage>1</QtyInPackage>
      <ItemPrice>25.90</ItemPrice>
      <UnitOfMeasurePrice>25.90</UnitOfMeasurePrice>
      <AllowDiscount>1</AllowDiscount>
      <itemStatus>1</itemStatus>
      <LastUpdateDate />
      <LastUpdateTime />
    </Product>
    <Product>
      <PriceUpdateDate>2019/10/04 08:02</PriceUpdateDate>
      <ItemCode>4015400742838</ItemCode>
      <ItemType>1</ItemType>
      <ItemName>אולדייז מגה פק פרש 64 יח`</ItemName>
      <ManufactureName>רותם מיטרו יבוא וסחר</ManufactureName>
      <ManufactureCountry />
      <ManufactureItemDescription />
      <UnitQty>י"ח</UnitQty>
      <Quantity>66</Quantity>
      <UnitMeasure>י"ח</UnitMeasure>
      <BisWeighted>0</BisWeighted>
      <QtyInPackage>1</QtyInPackage>
      <ItemPrice>23.90</ItemPrice>
      <UnitOfMeasurePrice>0.36</UnitOfMeasurePrice>
      <AllowDiscount>1</AllowDiscount>
      <itemStatus>1</itemStatus>
      <LastUpdateDate />
      <LastUpdateTime />
    </Product>
    <Product>
      <PriceUpdateDate>2018/05/21 08:02</PriceUpdateDate>
      <ItemCode>4015400742913</ItemCode>
      <ItemType>1</ItemType>
      <ItemName>אולדייז מגה פק  לארג`פרש 66 יח`***</ItemName>
      <ManufactureName>דיפלומט מפיצים 1968 בעמ</ManufactureName>
      <ManufactureCountry />
      <ManufactureItemDescription />
      <UnitQty>י"ח</UnitQty>
      <Quantity>66</Quantity>
      <UnitMeasure>י"ח</UnitMeasure>
      <BisWeighted>0</BisWeighted>
      <QtyInPackage>1</QtyInPackage>
      <ItemPrice>23.90</ItemPrice>
      <UnitOfMeasurePrice>0.36</UnitOfMeasurePrice>
      <AllowDiscount>1</AllowDiscount>
      <itemStatus>1</itemStatus>
      <LastUpdateDate />
      <LastUpdateTime />
    </Product>
    <Product>
      <PriceUpdateDate>2019/10/04 08:02</PriceUpdateDate>
      <ItemCode>4015400742999</ItemCode>
      <ItemType>1</ItemType>
      <ItemName>אולדייז מגה פק  לארג`פרש 54 יח`***</ItemName>
      <ManufactureName>רותם מיטרו יבוא וסחר</ManufactureName>
      <ManufactureCountry />
      <ManufactureItemDescription />
      <UnitQty>י"ח</UnitQty>
      <Quantity>66</Quantity>
      <UnitMeasure>י"ח</UnitMeasure>
      <BisWeighted>0</BisWeighted>
      <QtyInPackage>1</QtyInPackage>
      <ItemPrice>23.90</ItemPrice>
      <UnitOfMeasurePrice>0.36</UnitOfMeasurePrice>
      <AllowDiscount>1</AllowDiscount>
      <itemStatus>1</itemStatus>
      <LastUpdateDate />
      <LastUpdateTime />
    </Product>
    <Product>
      <PriceUpdateDate>2018/05/21 08:02</PriceUpdateDate>
      <ItemCode>4015400746812</ItemCode>
      <ItemType>1</ItemType>
      <ItemName>אולדייז מגה פק נורמל 80יח`***</ItemName>
      <ManufactureName>דיפלומט מפיצים 1968 בעמ</ManufactureName>
      <ManufactureCountry />
      <ManufactureItemDescription />
      <UnitQty>י"ח</UnitQty>
      <Quantity>80</Quantity>
      <UnitMeasure>י"ח</UnitMeasure>
      <BisWeighted>0</BisWeighted>
      <QtyInPackage>1</QtyInPackage>
      <ItemPrice>23.90</ItemPrice>
      <UnitOfMeasurePrice>0.30</UnitOfMeasurePrice>
      <AllowDiscount>1</AllowDiscount>
      <itemStatus>1</itemStatus>
      <LastUpdateDate />
      <LastUpdateTime />
    </Product>
    <Product>
      <PriceUpdateDate>2018/05/21 08:02</PriceUpdateDate>
      <ItemCode>4015400746843</ItemCode>
      <ItemType>1</ItemType>
      <ItemName>אולדייז מגה פק נורמל פרש 78 יח`</ItemName>
      <ManufactureName>דיפלומט מפיצים 1968 בעמ</ManufactureName>
      <ManufactureCountry />
      <ManufactureItemDescription />
      <UnitQty>י"ח</UnitQty>
      <Quantity>78</Quantity>
      <UnitMeasure>י"ח</UnitMeasure>
      <BisWeighted>0</BisWeighted>
      <QtyInPackage>1</QtyInPackage>
      <ItemPrice>23.90</ItemPrice>
      <UnitOfMeasurePrice>0.31</UnitOfMeasurePrice>
      <AllowDiscount>1</AllowDiscount>
      <itemStatus>1</itemStatus>
      <LastUpdateDate />
      <LastUpdateTime />
    </Product>
    <Product>
      <PriceUpdateDate>2017/10/04 08:02</PriceUpdateDate>
      <ItemCode>4015400749646</ItemCode>
      <ItemType>1</ItemType>
      <ItemName>פמפרס מכנסונים שלב 4</ItemName>
      <ManufactureName>דיפלומט מפיצים 1968 בעמ</ManufactureName>
      <ManufactureCountry />
      <ManufactureItemDescription />
      <UnitQty>י"ח</UnitQty>
      <Quantity>1</Quantity>
      <UnitMeasure />
      <BisWeighted>0</BisWeighted>
      <QtyInPackage>1</QtyInPackage>
      <ItemPrice>44.90</ItemPrice>
      <UnitOfMeasurePrice>44.90</UnitOfMeasurePrice>
      <AllowDiscount>1</AllowDiscount>
      <itemStatus>1</itemStatus>
      <LastUpdateDate />
      <LastUpdateTime />
    </Product>
    <Product>
      <PriceUpdateDate>2016/07/05 10:33</PriceUpdateDate>
      <ItemCode>4015400755241</ItemCode>
      <ItemType>1</ItemType>
      <ItemName>אולוויז וליו פק  נורמל פלוס 28יח`.</ItemName>
      <ManufactureName>דיפלומט מפיצים 1968 בעמ</ManufactureName>
      <ManufactureCountry />
      <ManufactureItemDescription />
      <UnitQty>י"ח</UnitQty>
      <Quantity>1</Quantity>
      <UnitMeasure />
      <BisWeighted>0</BisWeighted>
      <QtyInPackage>1</QtyInPackage>
      <ItemPrice>25.90</ItemPrice>
      <UnitOfMeasurePrice>25.90</UnitOfMeasurePrice>
      <AllowDiscount>1</AllowDiscount>
      <itemStatus>1</itemStatus>
      <LastUpdateDate />
      <LastUpdateTime />
    </Product>
    <Product>
      <PriceUpdateDate>2016/07/05 10:33</PriceUpdateDate>
      <ItemCode>4015400755364</ItemCode>
      <ItemType>1</ItemType>
      <ItemName>אולוויז וליו פק  נורמל 32יח`</ItemName>
      <ManufactureName>דיפלומט מפיצים 1968 בעמ</ManufactureName>
      <ManufactureCountry />
      <ManufactureItemDescription />
      <UnitQty>י"ח</UnitQty>
      <Quantity>1</Quantity>
      <UnitMeasure />
      <BisWeighted>0</BisWeighted>
      <QtyInPackage>1</QtyInPackage>
      <ItemPrice>25.90</ItemPrice>
      <UnitOfMeasurePrice>25.90</UnitOfMeasurePrice>
      <AllowDiscount>1</AllowDiscount>
      <itemStatus>1</itemStatus>
      <LastUpdateDate />
      <LastUpdateTime />
    </Product>
    <Product>
      <PriceUpdateDate>2016/07/05 10:33</PriceUpdateDate>
      <ItemCode>4015400755487</ItemCode>
      <ItemType>1</ItemType>
      <ItemName>אולוויז וליו פק  לונג פלוס  24יח`</ItemName>
      <ManufactureName>דיפלומט מפיצים 1968 בעמ</ManufactureName>
      <ManufactureCountry />
      <ManufactureItemDescription />
      <UnitQty>י"ח</UnitQty>
      <Quantity>1</Quantity>
      <UnitMeasure />
      <BisWeighted>0</BisWeighted>
      <QtyInPackage>1</QtyInPackage>
      <ItemPrice>25.90</ItemPrice>
      <UnitOfMeasurePrice>25.90</UnitOfMeasurePrice>
      <AllowDiscount>1</AllowDiscount>
      <itemStatus>1</itemStatus>
      <LastUpdateDate />
      <LastUpdateTime />
    </Product>
    <Product>
      <PriceUpdateDate>2017/10/04 08:02</PriceUpdateDate>
      <ItemCode>4015400841043</ItemCode>
      <ItemType>1</ItemType>
      <ItemName>פמפרס מכנסונים שלב 5</ItemName>
      <ManufactureName>דיפלומט מפיצים 1968 בעמ</ManufactureName>
      <ManufactureCountry />
      <ManufactureItemDescription />
      <UnitQty>י"ח</UnitQty>
      <Quantity>1</Quantity>
      <UnitMeasure />
      <BisWeighted>0</BisWeighted>
      <QtyInPackage>1</QtyInPackage>
      <ItemPrice>44.90</ItemPrice>
      <UnitOfMeasurePrice>44.90</UnitOfMeasurePrice>
      <AllowDiscount>1</AllowDiscount>
      <itemStatus>1</itemStatus>
      <LastUpdateDate />
      <LastUpdateTime />
    </Product>
    <Product>
      <PriceUpdateDate>2017/10/04 08:02</PriceUpdateDate>
      <ItemCode>4015400841593</ItemCode>
      <ItemType>1</ItemType>
      <ItemName>פמפרס מכנסונים שלב 6</ItemName>
      <ManufactureName>דיפלומט מפיצים 1968 בעמ</ManufactureName>
      <ManufactureCountry />
      <ManufactureItemDescription />
      <UnitQty>י"ח</UnitQty>
      <Quantity>1</Quantity>
      <UnitMeasure />
      <BisWeighted>0</BisWeighted>
      <QtyInPackage>1</QtyInPackage>
      <ItemPrice>44.90</ItemPrice>
      <UnitOfMeasurePrice>44.90</UnitOfMeasurePrice>
      <AllowDiscount>1</AllowDiscount>
      <itemStatus>1</itemStatus>
      <LastUpdateDate />
      <LastUpdateTime />
    </Product>
    <Product>
      <PriceUpdateDate>2018/12/20 13:33</PriceUpdateDate>
      <ItemCode>4015400990482</ItemCode>
      <ItemType>1</ItemType>
      <ItemName>אריאל אבקת כביסה קולור 3ק"ג</ItemName>
      <ManufactureName>דיפלומט מפיצים 1968 בעמ</ManufactureName>
      <ManufactureCountry />
      <ManufactureItemDescription />
      <UnitQty>י"ח</UnitQty>
      <Quantity>3</Quantity>
      <UnitMeasure>ק"ג</UnitMeasure>
      <BisWeighted>0</BisWeighted>
      <QtyInPackage>1</QtyInPackage>
      <ItemPrice>34.90</ItemPrice>
      <UnitOfMeasurePrice>11.63</UnitOfMeasurePrice>
      <AllowDiscount>1</AllowDiscount>
      <itemStatus>1</itemStatus>
      <LastUpdateDate />
      <LastUpdateTime />
    </Product>
    <Product>
      <PriceUpdateDate>2017/01/10 11:57</PriceUpdateDate>
      <ItemCode>4015600762742</ItemCode>
      <ItemType>1</ItemType>
      <ItemName>הד שולדרס שמפו קלאסי  500מ"ל</ItemName>
      <ManufactureName>דיפלומט מפיצים 1968 בעמ</ManufactureName>
      <ManufactureCountry />
      <ManufactureItemDescription />
      <UnitQty>י"ח</UnitQty>
      <Quantity>500</Quantity>
      <UnitMeasure>ל  מ"ל</UnitMeasure>
      <BisWeighted>0</BisWeighted>
      <QtyInPackage>1</QtyInPackage>
      <ItemPrice>21.90</ItemPrice>
      <UnitOfMeasurePrice>4.38</UnitOfMeasurePrice>
      <AllowDiscount>1</AllowDiscount>
      <itemStatus>1</itemStatus>
      <LastUpdateDate />
      <LastUpdateTime />
    </Product>
    <Product>
      <PriceUpdateDate>2017/01/10 11:57</PriceUpdateDate>
      <ItemCode>4015600762780</ItemCode>
      <ItemType>1</ItemType>
      <ItemName>הד שולדרס 2ב1 קלאסי  500מ"ל</ItemName>
      <ManufactureName>דיפלומט מפיצים 1968 בעמ</ManufactureName>
      <ManufactureCountry />
      <ManufactureItemDescription />
      <UnitQty>י"ח</UnitQty>
      <Quantity>500</Quantity>
      <UnitMeasure>ל  מ"ל</UnitMeasure>
      <BisWeighted>0</BisWeighted>
      <QtyInPackage>1</QtyInPackage>
      <ItemPrice>21.90</ItemPrice>
      <UnitOfMeasurePrice>4.38</UnitOfMeasurePrice>
      <AllowDiscount>1</AllowDiscount>
      <itemStatus>1</itemStatus>
      <LastUpdateDate />
      <LastUpdateTime />
    </Product>
    <Product>
      <PriceUpdateDate>2017/01/10 11:57</PriceUpdateDate>
      <ItemCode>4015600762827</ItemCode>
      <ItemType>1</ItemType>
      <ItemName>הד שולדרס שמפו אוקיינוס 500מ"ל</ItemName>
      <ManufactureName>דיפלומט מפיצים 1968 בעמ</ManufactureName>
      <ManufactureCountry />
      <ManufactureItemDescription />
      <UnitQty>י"ח</UnitQty>
      <Quantity>500</Quantity>
      <UnitMeasure>ל  מ"ל</UnitMeasure>
      <BisWeighted>0</BisWeighted>
      <QtyInPackage>1</QtyInPackage>
      <ItemPrice>21.90</ItemPrice>
      <UnitOfMeasurePrice>4.38</UnitOfMeasurePrice>
      <AllowDiscount>1</AllowDiscount>
      <itemStatus>1</itemStatus>
      <LastUpdateDate />
      <LastUpdateTime />
    </Product>
    <Product>
      <PriceUpdateDate>2017/01/10 11:57</PriceUpdateDate>
      <ItemCode>4015600762865</ItemCode>
      <ItemType>1</ItemType>
      <ItemName>הד שולדרס שמפו הדרים  500מ"ל</ItemName>
      <ManufactureName>דיפלומט מפיצים 1968 בעמ</ManufactureName>
      <ManufactureCountry />
      <ManufactureItemDescription />
      <UnitQty>י"ח</UnitQty>
      <Quantity>500</Quantity>
      <UnitMeasure>ל  מ"ל</UnitMeasure>
      <BisWeighted>0</BisWeighted>
      <QtyInPackage>1</QtyInPackage>
      <ItemPrice>21.90</ItemPrice>
      <UnitOfMeasurePrice>4.38</UnitOfMeasurePrice>
      <AllowDiscount>1</AllowDiscount>
      <itemStatus>1</itemStatus>
      <LastUpdateDate />
      <LastUpdateTime />
    </Product>
    <Product>
      <PriceUpdateDate>2017/01/10 11:57</PriceUpdateDate>
      <ItemCode>4015600762902</ItemCode>
      <ItemType>1</ItemType>
      <ItemName>הד שולדרס שמפו מנטול 500מ"ל.</ItemName>
      <ManufactureName>דיפלומט מפיצים 1968 בעמ</ManufactureName>
      <ManufactureCountry />
      <ManufactureItemDescription />
      <UnitQty>י"ח</UnitQty>
      <Quantity>500</Quantity>
      <UnitMeasure>ל  מ"ל</UnitMeasure>
      <BisWeighted>0</BisWeighted>
      <QtyInPackage>1</QtyInPackage>
      <ItemPrice>21.90</ItemPrice>
      <UnitOfMeasurePrice>4.38</UnitOfMeasurePrice>
      <AllowDiscount>1</AllowDiscount>
      <itemStatus>1</itemStatus>
      <LastUpdateDate />
      <LastUpdateTime />
    </Product>
    <Product>
      <PriceUpdateDate>2017/01/10 11:57</PriceUpdateDate>
      <ItemCode>4015600762940</ItemCode>
      <ItemType>1</ItemType>
      <ItemName>הד שולדרס שמפו תפוח   500מ"ל</ItemName>
      <ManufactureName>דיפלומט מפיצים 1968 בעמ</ManufactureName>
      <ManufactureCountry />
      <ManufactureItemDescription />
      <UnitQty>י"ח</UnitQty>
      <Quantity>500</Quantity>
      <UnitMeasure>ל  מ"ל</UnitMeasure>
      <BisWeighted>0</BisWeighted>
      <QtyInPackage>1</QtyInPackage>
      <ItemPrice>21.90</ItemPrice>
      <UnitOfMeasurePrice>4.38</UnitOfMeasurePrice>
      <AllowDiscount>1</AllowDiscount>
      <itemStatus>1</itemStatus>
      <LastUpdateDate />
      <LastUpdateTime />
    </Product>
    <Product>
      <PriceUpdateDate>2017/01/10 11:57</PriceUpdateDate>
      <ItemCode>4015600762988</ItemCode>
      <ItemType>1</ItemType>
      <ItemName>הד שולדרס לטיפול מרגיע   500מ"ל</ItemName>
      <ManufactureName>דיפלומט מפיצים 1968 בעמ</ManufactureName>
      <ManufactureCountry />
      <ManufactureItemDescription />
      <UnitQty>י"ח</UnitQty>
      <Quantity>500</Quantity>
      <UnitMeasure>ל  מ"ל</UnitMeasure>
      <BisWeighted>0</BisWeighted>
      <QtyInPackage>1</QtyInPackage>
      <ItemPrice>21.90</ItemPrice>
      <UnitOfMeasurePrice>4.38</UnitOfMeasurePrice>
      <AllowDiscount>1</AllowDiscount>
      <itemStatus>1</itemStatus>
      <LastUpdateDate />
      <LastUpdateTime />
    </Product>
    <Product>
      <PriceUpdateDate>2017/01/10 11:57</PriceUpdateDate>
      <ItemCode>4015600763022</ItemCode>
      <ItemType>1</ItemType>
      <ItemName>הד שולדרס שמפו מגע משי  500מ"ל</ItemName>
      <ManufactureName>דיפלומט מפיצים 1968 בעמ</ManufactureName>
      <ManufactureCountry />
      <ManufactureItemDescription />
      <UnitQty>י"ח</UnitQty>
      <Quantity>500</Quantity>
      <UnitMeasure>ל  מ"ל</UnitMeasure>
      <BisWeighted>0</BisWeighted>
      <QtyInPackage>1</QtyInPackage>
      <ItemPrice>21.90</ItemPrice>
      <UnitOfMeasurePrice>4.38</UnitOfMeasurePrice>
      <AllowDiscount>1</AllowDiscount>
      <itemStatus>1</itemStatus>
      <LastUpdateDate />
      <LastUpdateTime />
    </Product>
    <Product>
      <PriceUpdateDate>2017/01/10 11:57</PriceUpdateDate>
      <ItemCode>4015600763060</ItemCode>
      <ItemType>1</ItemType>
      <ItemName>הד שולדרס שמפו לאישה   500מ"ל</ItemName>
      <ManufactureName>דיפלומט מפיצים 1968 בעמ</ManufactureName>
      <ManufactureCountry />
      <ManufactureItemDescription />
      <UnitQty>י"ח</UnitQty>
      <Quantity>500</Quantity>
      <UnitMeasure>ל  מ"ל</UnitMeasure>
      <BisWeighted>0</BisWeighted>
      <QtyInPackage>1</QtyInPackage>
      <ItemPrice>21.90</ItemPrice>
      <UnitOfMeasurePrice>4.38</UnitOfMeasurePrice>
      <AllowDiscount>1</AllowDiscount>
      <itemStatus>1</itemStatus>
      <LastUpdateDate />
      <LastUpdateTime />
    </Product>
    <Product>
      <PriceUpdateDate>2017/01/10 11:57</PriceUpdateDate>
      <ItemCode>4015600763107</ItemCode>
      <ItemType>1</ItemType>
      <ItemName>הד שולדרס שמפו לגבר   500מ"ל</ItemName>
      <ManufactureName>דיפלומט מפיצים 1968 בעמ</ManufactureName>
      <ManufactureCountry />
      <ManufactureItemDescription />
      <UnitQty>י"ח</UnitQty>
      <Quantity>500</Quantity>
      <UnitMeasure>ל  מ"ל</UnitMeasure>
      <BisWeighted>0</BisWeighted>
      <QtyInPackage>1</QtyInPackage>
      <ItemPrice>21.90</ItemPrice>
      <UnitOfMeasurePrice>4.38</UnitOfMeasurePrice>
      <AllowDiscount>1</AllowDiscount>
      <itemStatus>1</itemStatus>
      <LastUpdateDate />
      <LastUpdateTime />
    </Product>
    <Product>
      <PriceUpdateDate>2017/01/10 11:57</PriceUpdateDate>
      <ItemCode>4015600766900</ItemCode>
      <ItemType>1</ItemType>
      <ItemName>הד שולדרס שמפו 2ב1 מנטול 500מ"ל</ItemName>
      <ManufactureName>דיפלומט מפיצים 1968 בעמ</ManufactureName>
      <ManufactureCountry />
      <ManufactureItemDescription />
      <UnitQty>י"ח</UnitQty>
      <Quantity>500</Quantity>
      <UnitMeasure>ל  מ"ל</UnitMeasure>
      <BisWeighted>0</BisWeighted>
      <QtyInPackage>1</QtyInPackage>
      <ItemPrice>21.90</ItemPrice>
      <UnitOfMeasurePrice>4.38</UnitOfMeasurePrice>
      <AllowDiscount>1</AllowDiscount>
      <itemStatus>1</itemStatus>
      <LastUpdateDate />
      <LastUpdateTime />
    </Product>
    <Product>
      <PriceUpdateDate>2019/01/22 11:17</PriceUpdateDate>
      <ItemCode>4015600766986</ItemCode>
      <ItemType>1</ItemType>
      <ItemName>הד שולדרס 2ב1   400</ItemName>
      <ManufactureName>דיפלומט מפיצים 1968 בעמ</ManufactureName>
      <ManufactureCountry />
      <ManufactureItemDescription />
      <UnitQty>י"ח</UnitQty>
      <Quantity>400</Quantity>
      <UnitMeasure>ל  מ"ל</UnitMeasure>
      <BisWeighted>0</BisWeighted>
      <QtyInPackage>1</QtyInPackage>
      <ItemPrice>19.20</ItemPrice>
      <UnitOfMeasurePrice>4.80</UnitOfMeasurePrice>
      <AllowDiscount>1</AllowDiscount>
      <itemStatus>1</itemStatus>
      <LastUpdateDate />
      <LastUpdateTime />
    </Product>
    <Product>
      <PriceUpdateDate>2017/01/10 11:57</PriceUpdateDate>
      <ItemCode>4015600768911</ItemCode>
      <ItemType>1</ItemType>
      <ItemName>הד שולדרס שמפו עשיר בלחות 500מ"ל</ItemName>
      <ManufactureName>דיפלומט מפיצים 1968 בעמ</ManufactureName>
      <ManufactureCountry />
      <ManufactureItemDescription />
      <UnitQty>י"ח</UnitQty>
      <Quantity>500</Quantity>
      <UnitMeasure>ל  מ"ל</UnitMeasure>
      <BisWeighted>0</BisWeighted>
      <QtyInPackage>1</QtyInPackage>
      <ItemPrice>21.90</ItemPrice>
      <UnitOfMeasurePrice>4.38</UnitOfMeasurePrice>
      <AllowDiscount>1</AllowDiscount>
      <itemStatus>1</itemStatus>
      <LastUpdateDate />
      <LastUpdateTime />
    </Product>
    <Product>
      <PriceUpdateDate>2017/01/10 11:57</PriceUpdateDate>
      <ItemCode>4015600779429</ItemCode>
      <ItemType>1</ItemType>
      <ItemName>הד שולדרס טוטאל קר 500מ"ל</ItemName>
      <ManufactureName>דיפלומט מפיצים 1968 בעמ</ManufactureName>
      <ManufactureCountry />
      <ManufactureItemDescription />
      <UnitQty>י"ח</UnitQty>
      <Quantity>500</Quantity>
      <UnitMeasure>ל  מ"ל</UnitMeasure>
      <BisWeighted>0</BisWeighted>
      <QtyInPackage>1</QtyInPackage>
      <ItemPrice>21.90</ItemPrice>
      <UnitOfMeasurePrice>4.38</UnitOfMeasurePrice>
      <AllowDiscount>1</AllowDiscount>
      <itemStatus>1</itemStatus>
      <LastUpdateDate />
      <LastUpdateTime />
    </Product>
    <Product>
      <PriceUpdateDate>2019/01/22 11:17</PriceUpdateDate>
      <ItemCode>4015600830328</ItemCode>
      <ItemType>1</ItemType>
      <ItemName>ה ש מרכך מרכך עשיר בלחות  400מ"ל</ItemName>
      <ManufactureName>דיפלומט מפיצים 1968 בעמ</ManufactureName>
      <ManufactureCountry />
      <ManufactureItemDescription />
      <UnitQty>י"ח</UnitQty>
      <Quantity>400</Quantity>
      <UnitMeasure>ל  מ"ל</UnitMeasure>
      <BisWeighted>0</BisWeighted>
      <QtyInPackage>1</QtyInPackage>
      <ItemPrice>19.20</ItemPrice>
      <UnitOfMeasurePrice>4.80</UnitOfMeasurePrice>
      <AllowDiscount>1</AllowDiscount>
      <itemStatus>1</itemStatus>
      <LastUpdateDate />
      <LastUpdateTime />
    </Product>
    <Product>
      <PriceUpdateDate>2018/05/24 14:20</PriceUpdateDate>
      <ItemCode>4015600843571</ItemCode>
      <ItemType>1</ItemType>
      <ItemName>לנור כדוריות הריח יוקרתי  275ג</ItemName>
      <ManufactureName>דיפלומט מפיצים 1968 בעמ</ManufactureName>
      <ManufactureCountry />
      <ManufactureItemDescription />
      <UnitQty>י"ח</UnitQty>
      <Quantity>275</Quantity>
      <UnitMeasure>ל  מ"ל</UnitMeasure>
      <BisWeighted>0</BisWeighted>
      <QtyInPackage>1</QtyInPackage>
      <ItemPrice>33.90</ItemPrice>
      <UnitOfMeasurePrice>12.33</UnitOfMeasurePrice>
      <AllowDiscount>1</AllowDiscount>
      <itemStatus>1</itemStatus>
      <LastUpdateDate />
      <LastUpdateTime />
    </Product>
    <Product>
      <PriceUpdateDate>2014/12/24 11:29</PriceUpdateDate>
      <ItemCode>4015600889333</ItemCode>
      <ItemType>1</ItemType>
      <ItemName>סרום שמן מרוקאי 100מ"ל</ItemName>
      <ManufactureName>דיפלומט מפיצים 1968 בעמ</ManufactureName>
      <ManufactureCountry />
      <ManufactureItemDescription />
      <UnitQty>י"ח</UnitQty>
      <Quantity>600</Quantity>
      <UnitMeasure>ל  מ"ל</UnitMeasure>
      <BisWeighted>0</BisWeighted>
      <QtyInPackage>1</QtyInPackage>
      <ItemPrice>26.90</ItemPrice>
      <UnitOfMeasurePrice>4.48</UnitOfMeasurePrice>
      <AllowDiscount>1</AllowDiscount>
      <itemStatus>1</itemStatus>
      <LastUpdateDate />
      <LastUpdateTime />
    </Product>
    <Product>
      <PriceUpdateDate>2019/01/09 10:25</PriceUpdateDate>
      <ItemCode>4022025001905</ItemCode>
      <ItemType>1</ItemType>
      <ItemName>יין בלו ווין מבעבע זהב כשר 750מ"ל</ItemName>
      <ManufactureName>היכל היין שקד גולן בעמ</ManufactureName>
      <ManufactureCountry />
      <ManufactureItemDescription />
      <UnitQty>י"ח</UnitQty>
      <Quantity>750</Quantity>
      <UnitMeasure>ל  מ"ל</UnitMeasure>
      <BisWeighted>0</BisWeighted>
      <QtyInPackage>1</QtyInPackage>
      <ItemPrice>59.90</ItemPrice>
      <UnitOfMeasurePrice>7.95</UnitOfMeasurePrice>
      <AllowDiscount>1</AllowDiscount>
      <itemStatus>1</itemStatus>
      <LastUpdateDate />
      <LastUpdateTime />
    </Product>
    <Product>
      <PriceUpdateDate>2019/01/09 10:25</PriceUpdateDate>
      <ItemCode>4022025001912</ItemCode>
      <ItemType>1</ItemType>
      <ItemName>יין בלו ווין מבעבע זהב כשר 750מ"ל מאר</ItemName>
      <ManufactureName>היכל היין שקד גולן בעמ</ManufactureName>
      <ManufactureCountry />
      <ManufactureItemDescription />
      <UnitQty>י"ח</UnitQty>
      <Quantity>750</Quantity>
      <UnitMeasure>ל  מ"ל</UnitMeasure>
      <BisWeighted>0</BisWeighted>
      <QtyInPackage>1</QtyInPackage>
      <ItemPrice>59.90</ItemPrice>
      <UnitOfMeasurePrice>7.95</UnitOfMeasurePrice>
      <AllowDiscount>1</AllowDiscount>
      <itemStatus>1</itemStatus>
      <LastUpdateDate />
      <LastUpdateTime />
    </Product>
    <Product>
      <PriceUpdateDate>2019/01/09 10:25</PriceUpdateDate>
      <ItemCode>4022025001929</ItemCode>
      <ItemType>1</ItemType>
      <ItemName>יין בלו ווין מבעבע כחול כשר 750מ"ל</ItemName>
      <ManufactureName>היכל היין שקד גולן בעמ</ManufactureName>
      <ManufactureCountry />
      <ManufactureItemDescription />
      <UnitQty>י"ח</UnitQty>
      <Quantity>750</Quantity>
      <UnitMeasure>ל  מ"ל</UnitMeasure>
      <BisWeighted>0</BisWeighted>
      <QtyInPackage>1</QtyInPackage>
      <ItemPrice>59.90</ItemPrice>
      <UnitOfMeasurePrice>7.95</UnitOfMeasurePrice>
      <AllowDiscount>1</AllowDiscount>
      <itemStatus>1</itemStatus>
      <LastUpdateDate />
      <LastUpdateTime />
    </Product>
    <Product>
      <PriceUpdateDate>2019/01/09 10:25</PriceUpdateDate>
      <ItemCode>4022025001936</ItemCode>
      <ItemType>1</ItemType>
      <ItemName>יין בלו ווין מבעבע כחול כשר 750מ"ל מארז</ItemName>
      <ManufactureName>היכל היין שקד גולן בעמ</ManufactureName>
      <ManufactureCountry />
      <ManufactureItemDescription />
      <UnitQty>י"ח</UnitQty>
      <Quantity>750</Quantity>
      <UnitMeasure>ל  מ"ל</UnitMeasure>
      <BisWeighted>0</BisWeighted>
      <QtyInPackage>1</QtyInPackage>
      <ItemPrice>59.90</ItemPrice>
      <UnitOfMeasurePrice>7.95</UnitOfMeasurePrice>
      <AllowDiscount>1</AllowDiscount>
      <itemStatus>1</itemStatus>
      <LastUpdateDate />
      <LastUpdateTime />
    </Product>
    <Product>
      <PriceUpdateDate>2019/01/09 10:25</PriceUpdateDate>
      <ItemCode>4022025001943</ItemCode>
      <ItemType>1</ItemType>
      <ItemName>יין בלו ווין מבעבע רוזה כשר 750מ"ל</ItemName>
      <ManufactureName>היכל היין שקד גולן בעמ</ManufactureName>
      <ManufactureCountry />
      <ManufactureItemDescription />
      <UnitQty>י"ח</UnitQty>
      <Quantity>750</Quantity>
      <UnitMeasure>ל  מ"ל</UnitMeasure>
      <BisWeighted>0</BisWeighted>
      <QtyInPackage>1</QtyInPackage>
      <ItemPrice>59.90</ItemPrice>
      <UnitOfMeasurePrice>7.95</UnitOfMeasurePrice>
      <AllowDiscount>1</AllowDiscount>
      <itemStatus>1</itemStatus>
      <LastUpdateDate />
      <LastUpdateTime />
    </Product>
    <Product>
      <PriceUpdateDate>2019/01/09 10:25</PriceUpdateDate>
      <ItemCode>4022025001950</ItemCode>
      <ItemType>1</ItemType>
      <ItemName>יין בלו ווין מבעבע כחול כשר 750מ"ל מאר</ItemName>
      <ManufactureName>היכל היין שקד גולן בעמ</ManufactureName>
      <ManufactureCountry />
      <ManufactureItemDescription />
      <UnitQty>י"ח</UnitQty>
      <Quantity>750</Quantity>
      <UnitMeasure>ל  מ"ל</UnitMeasure>
      <BisWeighted>0</BisWeighted>
      <QtyInPackage>1</QtyInPackage>
      <ItemPrice>59.90</ItemPrice>
      <UnitOfMeasurePrice>7.95</UnitOfMeasurePrice>
      <AllowDiscount>1</AllowDiscount>
      <itemStatus>1</itemStatus>
      <LastUpdateDate />
      <LastUpdateTime />
    </Product>
    <Product>
      <PriceUpdateDate>2019/09/12 07:34</PriceUpdateDate>
      <ItemCode>4022025002100</ItemCode>
      <ItemType>1</ItemType>
      <ItemName>יין בלו ווין מבעבע רוזה כשר 750מ"ל</ItemName>
      <ManufactureName>היכל היין שקד גולן בעמ</ManufactureName>
      <ManufactureCountry />
      <ManufactureItemDescription />
      <UnitQty>י"ח</UnitQty>
      <Quantity>750</Quantity>
      <UnitMeasure>ל  מ"ל</UnitMeasure>
      <BisWeighted>0</BisWeighted>
      <QtyInPackage>1</QtyInPackage>
      <ItemPrice>59.90</ItemPrice>
      <UnitOfMeasurePrice>7.95</UnitOfMeasurePrice>
      <AllowDiscount>1</AllowDiscount>
      <itemStatus>1</itemStatus>
      <LastUpdateDate />
      <LastUpdateTime />
    </Product>
    <Product>
      <PriceUpdateDate>2019/01/09 10:25</PriceUpdateDate>
      <ItemCode>4022025290408</ItemCode>
      <ItemType>1</ItemType>
      <ItemName>יין בלו ווין רוזה כשר 750מ"ל</ItemName>
      <ManufactureName>היכל היין שקד גולן בעמ</ManufactureName>
      <ManufactureCountry />
      <ManufactureItemDescription />
      <UnitQty>י"ח</UnitQty>
      <Quantity>750</Quantity>
      <UnitMeasure>ל  מ"ל</UnitMeasure>
      <BisWeighted>0</BisWeighted>
      <QtyInPackage>1</QtyInPackage>
      <ItemPrice>54.90</ItemPrice>
      <UnitOfMeasurePrice>7.28</UnitOfMeasurePrice>
      <AllowDiscount>1</AllowDiscount>
      <itemStatus>1</itemStatus>
      <LastUpdateDate />
      <LastUpdateTime />
    </Product>
    <Product>
      <PriceUpdateDate>2019/01/22 11:17</PriceUpdateDate>
      <ItemCode>4022025371039</ItemCode>
      <ItemType>1</ItemType>
      <ItemName>יין בלו ווין מבעבע חצי יבש כשר 750מ"ל</ItemName>
      <ManufactureName>היכל היין שקד גולן בעמ</ManufactureName>
      <ManufactureCountry />
      <ManufactureItemDescription />
      <UnitQty>י"ח</UnitQty>
      <Quantity>750</Quantity>
      <UnitMeasure>ל  מ"ל</UnitMeasure>
      <BisWeighted>0</BisWeighted>
      <QtyInPackage>1</QtyInPackage>
      <ItemPrice>59.90</ItemPrice>
      <UnitOfMeasurePrice>7.95</UnitOfMeasurePrice>
      <AllowDiscount>1</AllowDiscount>
      <itemStatus>1</itemStatus>
      <LastUpdateDate />
      <LastUpdateTime />
    </Product>
    <Product>
      <PriceUpdateDate>2019/01/22 11:17</PriceUpdateDate>
      <ItemCode>4022025377031</ItemCode>
      <ItemType>1</ItemType>
      <ItemName>יין בלו ווין מבעבע חצי יבש כשר 750מ"ל</ItemName>
      <ManufactureName>היכל היין שקד גולן בעמ</ManufactureName>
      <ManufactureCountry />
      <ManufactureItemDescription />
      <UnitQty>י"ח</UnitQty>
      <Quantity>750</Quantity>
      <UnitMeasure>ל  מ"ל</UnitMeasure>
      <BisWeighted>0</BisWeighted>
      <QtyInPackage>1</QtyInPackage>
      <ItemPrice>59.90</ItemPrice>
      <UnitOfMeasurePrice>7.95</UnitOfMeasurePrice>
      <AllowDiscount>1</AllowDiscount>
      <itemStatus>1</itemStatus>
      <LastUpdateDate />
      <LastUpdateTime />
    </Product>
    <Product>
      <PriceUpdateDate>2015/12/02 09:09</PriceUpdateDate>
      <ItemCode>4025700001023</ItemCode>
      <ItemType>1</ItemType>
      <ItemName>מילקה אגוזי 100 ג</ItemName>
      <ManufactureName>דיפלומט בעמ</ManufactureName>
      <ManufactureCountry />
      <ManufactureItemDescription />
      <UnitQty>י"ח</UnitQty>
      <Quantity>100</Quantity>
      <UnitMeasure>ל  גרם</UnitMeasure>
      <BisWeighted>0</BisWeighted>
      <QtyInPackage>1</QtyInPackage>
      <ItemPrice>5.90</ItemPrice>
      <UnitOfMeasurePrice>5.90</UnitOfMeasurePrice>
      <AllowDiscount>1</AllowDiscount>
      <itemStatus>1</itemStatus>
      <LastUpdateDate />
      <LastUpdateTime />
    </Product>
    <Product>
      <PriceUpdateDate>2015/12/02 09:09</PriceUpdateDate>
      <ItemCode>4025700001337</ItemCode>
      <ItemType>1</ItemType>
      <ItemName>מילקה שמנת 100 ג</ItemName>
      <ManufactureName>דיפלומט בעמ</ManufactureName>
      <ManufactureCountry />
      <ManufactureItemDescription />
      <UnitQty>י"ח</UnitQty>
      <Quantity>100</Quantity>
      <UnitMeasure>ל  גרם</UnitMeasure>
      <BisWeighted>0</BisWeighted>
      <QtyInPackage>1</QtyInPackage>
      <ItemPrice>5.90</ItemPrice>
      <UnitOfMeasurePrice>5.90</UnitOfMeasurePrice>
      <AllowDiscount>1</AllowDiscount>
      <itemStatus>1</itemStatus>
      <LastUpdateDate />
      <LastUpdateTime />
    </Product>
    <Product>
      <PriceUpdateDate>2016/03/07 14:34</PriceUpdateDate>
      <ItemCode>4045787068221</ItemCode>
      <ItemType>1</ItemType>
      <ItemName>צבע לשיער פרוטאין קולור שחור 1</ItemName>
      <ManufactureName>הנקל סוד בעמ</ManufactureName>
      <ManufactureCountry />
      <ManufactureItemDescription />
      <UnitQty>י"ח</UnitQty>
      <Quantity>1</Quantity>
      <UnitMeasure />
      <BisWeighted>0</BisWeighted>
      <QtyInPackage>1</QtyInPackage>
      <ItemPrice>16.90</ItemPrice>
      <UnitOfMeasurePrice>16.90</UnitOfMeasurePrice>
      <AllowDiscount>1</AllowDiscount>
      <itemStatus>1</itemStatus>
      <LastUpdateDate />
      <LastUpdateTime />
    </Product>
    <Product>
      <PriceUpdateDate>2013/12/24 14:34</PriceUpdateDate>
      <ItemCode>4045787068238</ItemCode>
      <ItemType>1</ItemType>
      <ItemName>פרוטאין קולור   בלונד  בהיר מאוד 10</ItemName>
      <ManufactureName>הנקל סוד בעמ</ManufactureName>
      <ManufactureCountry />
      <ManufactureItemDescription />
      <UnitQty>י"ח</UnitQty>
      <Quantity>1</Quantity>
      <UnitMeasure />
      <BisWeighted>0</BisWeighted>
      <QtyInPackage>1</QtyInPackage>
      <ItemPrice>27</ItemPrice>
      <UnitOfMeasurePrice>27</UnitOfMeasurePrice>
      <AllowDiscount>1</AllowDiscount>
      <itemStatus>1</itemStatus>
      <LastUpdateDate />
      <LastUpdateTime />
    </Product>
    <Product>
      <PriceUpdateDate>2013/12/24 14:34</PriceUpdateDate>
      <ItemCode>4045787068245</ItemCode>
      <ItemType>1</ItemType>
      <ItemName>פרוטאין קולור   אקסט. בלונד 1000-0</ItemName>
      <ManufactureName>הנקל סוד בעמ</ManufactureName>
      <ManufactureCountry />
      <ManufactureItemDescription />
      <UnitQty>י"ח</UnitQty>
      <Quantity>1</Quantity>
      <UnitMeasure />
      <BisWeighted>0</BisWeighted>
      <QtyInPackage>1</QtyInPackage>
      <ItemPrice>27</ItemPrice>
      <UnitOfMeasurePrice>27</UnitOfMeasurePrice>
      <AllowDiscount>1</AllowDiscount>
      <itemStatus>1</itemStatus>
      <LastUpdateDate />
      <LastUpdateTime />
    </Product>
    <Product>
      <PriceUpdateDate>2013/12/24 14:34</PriceUpdateDate>
      <ItemCode>4045787068252</ItemCode>
      <ItemType>1</ItemType>
      <ItemName>פרוטאין קולור   אקס. בלונד אפר 1000-1</ItemName>
      <ManufactureName>הנקל סוד בעמ</ManufactureName>
      <ManufactureCountry />
      <ManufactureItemDescription />
      <UnitQty>י"ח</UnitQty>
      <Quantity>1</Quantity>
      <UnitMeasure />
      <BisWeighted>0</BisWeighted>
      <QtyInPackage>1</QtyInPackage>
      <ItemPrice>27</ItemPrice>
      <UnitOfMeasurePrice>27</UnitOfMeasurePrice>
      <AllowDiscount>1</AllowDiscount>
      <itemStatus>1</itemStatus>
      <LastUpdateDate />
      <LastUpdateTime />
    </Product>
    <Product>
      <PriceUpdateDate>2013/12/24 14:34</PriceUpdateDate>
      <ItemCode>4045787068283</ItemCode>
      <ItemType>1</ItemType>
      <ItemName>פרוטאין קולור   שחור כחול 1-1</ItemName>
      <ManufactureName>הנקל סוד בעמ</ManufactureName>
      <ManufactureCountry />
      <ManufactureItemDescription />
      <UnitQty>י"ח</UnitQty>
      <Quantity>1</Quantity>
      <UnitMeasure />
      <BisWeighted>0</BisWeighted>
      <QtyInPackage>1</QtyInPackage>
      <ItemPrice>27</ItemPrice>
      <UnitOfMeasurePrice>27</UnitOfMeasurePrice>
      <AllowDiscount>1</AllowDiscount>
      <itemStatus>1</itemStatus>
      <LastUpdateDate />
      <LastUpdateTime />
    </Product>
    <Product>
      <PriceUpdateDate>2013/12/24 14:34</PriceUpdateDate>
      <ItemCode>4045787068290</ItemCode>
      <ItemType>1</ItemType>
      <ItemName>פרוטאין קולור  חום שחור 3</ItemName>
      <ManufactureName>הנקל סוד בעמ</ManufactureName>
      <ManufactureCountry />
      <ManufactureItemDescription />
      <UnitQty>י"ח</UnitQty>
      <Quantity>1</Quantity>
      <UnitMeasure />
      <BisWeighted>0</BisWeighted>
      <QtyInPackage>1</QtyInPackage>
      <ItemPrice>27</ItemPrice>
      <UnitOfMeasurePrice>27</UnitOfMeasurePrice>
      <AllowDiscount>1</AllowDiscount>
      <itemStatus>1</itemStatus>
      <LastUpdateDate />
      <LastUpdateTime />
    </Product>
    <Product>
      <PriceUpdateDate>2013/12/24 14:34</PriceUpdateDate>
      <ItemCode>4045787068306</ItemCode>
      <ItemType>1</ItemType>
      <ItemName>פרוטאין קולור  חום  כהה 4</ItemName>
      <ManufactureName>הנקל סוד בעמ</ManufactureName>
      <ManufactureCountry />
      <ManufactureItemDescription />
      <UnitQty>י"ח</UnitQty>
      <Quantity>1</Quantity>
      <UnitMeasure />
      <BisWeighted>0</BisWeighted>
      <QtyInPackage>1</QtyInPackage>
      <ItemPrice>27</ItemPrice>
      <UnitOfMeasurePrice>27</UnitOfMeasurePrice>
      <AllowDiscount>1</AllowDiscount>
      <itemStatus>1</itemStatus>
      <LastUpdateDate />
      <LastUpdateTime />
    </Product>
    <Product>
      <PriceUpdateDate>2013/12/24 14:34</PriceUpdateDate>
      <ItemCode>4045787068320</ItemCode>
      <ItemType>1</ItemType>
      <ItemName>פרוטאין קולור  חום  5</ItemName>
      <ManufactureName>הנקל סוד בעמ</ManufactureName>
      <ManufactureCountry />
      <ManufactureItemDescription />
      <UnitQty>י"ח</UnitQty>
      <Quantity>1</Quantity>
      <UnitMeasure />
      <BisWeighted>0</BisWeighted>
      <QtyInPackage>1</QtyInPackage>
      <ItemPrice>27</ItemPrice>
      <UnitOfMeasurePrice>27</UnitOfMeasurePrice>
      <AllowDiscount>1</AllowDiscount>
      <itemStatus>1</itemStatus>
      <LastUpdateDate />
      <LastUpdateTime />
    </Product>
    <Product>
      <PriceUpdateDate>2013/12/24 14:34</PriceUpdateDate>
      <ItemCode>4045787068337</ItemCode>
      <ItemType>1</ItemType>
      <ItemName>פרוטאין קולור   אגוז 5-35</ItemName>
      <ManufactureName>הנקל סוד בעמ</ManufactureName>
      <ManufactureCountry />
      <ManufactureItemDescription />
      <UnitQty>י"ח</UnitQty>
      <Quantity>1</Quantity>
      <UnitMeasure />
      <BisWeighted>0</BisWeighted>
      <QtyInPackage>1</QtyInPackage>
      <ItemPrice>27</ItemPrice>
      <UnitOfMeasurePrice>27</UnitOfMeasurePrice>
      <AllowDiscount>1</AllowDiscount>
      <itemStatus>1</itemStatus>
      <LastUpdateDate />
      <LastUpdateTime />
    </Product>
    <Product>
      <PriceUpdateDate>2013/12/24 14:34</PriceUpdateDate>
      <ItemCode>4045787068375</ItemCode>
      <ItemType>1</ItemType>
      <ItemName>פרוטאין קולור   בלונד כהה 6</ItemName>
      <ManufactureName>הנקל סוד בעמ</ManufactureName>
      <ManufactureCountry />
      <ManufactureItemDescription />
      <UnitQty>י"ח</UnitQty>
      <Quantity>1</Quantity>
      <UnitMeasure />
      <BisWeighted>0</BisWeighted>
      <QtyInPackage>1</QtyInPackage>
      <ItemPrice>27</ItemPrice>
      <UnitOfMeasurePrice>27</UnitOfMeasurePrice>
      <AllowDiscount>1</AllowDiscount>
      <itemStatus>1</itemStatus>
      <LastUpdateDate />
      <LastUpdateTime />
    </Product>
    <Product>
      <PriceUpdateDate>2013/12/24 14:34</PriceUpdateDate>
      <ItemCode>4045787068382</ItemCode>
      <ItemType>1</ItemType>
      <ItemName>פרוטאין קולור   חום זהבהב 6-03</ItemName>
      <ManufactureName>הנקל סוד בעמ</ManufactureName>
      <ManufactureCountry />
      <ManufactureItemDescription />
      <UnitQty>י"ח</UnitQty>
      <Quantity>1</Quantity>
      <UnitMeasure />
      <BisWeighted>0</BisWeighted>
      <QtyInPackage>1</QtyInPackage>
      <ItemPrice>27</ItemPrice>
      <UnitOfMeasurePrice>27</UnitOfMeasurePrice>
      <AllowDiscount>1</AllowDiscount>
      <itemStatus>1</itemStatus>
      <LastUpdateDate />
      <LastUpdateTime />
    </Product>
    <Product>
      <PriceUpdateDate>2013/12/24 14:34</PriceUpdateDate>
      <ItemCode>4045787068443</ItemCode>
      <ItemType>1</ItemType>
      <ItemName>פרוטאין קולור   אדום חושני 66-6</ItemName>
      <ManufactureName>הנקל סוד בעמ</ManufactureName>
      <ManufactureCountry />
      <ManufactureItemDescription />
      <UnitQty>י"ח</UnitQty>
      <Quantity>1</Quantity>
      <UnitMeasure />
      <BisWeighted>0</BisWeighted>
      <QtyInPackage>1</QtyInPackage>
      <ItemPrice>27</ItemPrice>
      <UnitOfMeasurePrice>27</UnitOfMeasurePrice>
      <AllowDiscount>1</AllowDiscount>
      <itemStatus>1</itemStatus>
      <LastUpdateDate />
      <LastUpdateTime />
    </Product>
    <Product>
      <PriceUpdateDate>2013/12/24 14:34</PriceUpdateDate>
      <ItemCode>4045787068467</ItemCode>
      <ItemType>1</ItemType>
      <ItemName>פרוטאין קולור   בלונד  בנוני 7</ItemName>
      <ManufactureName>הנקל סוד בעמ</ManufactureName>
      <ManufactureCountry />
      <ManufactureItemDescription />
      <UnitQty>י"ח</UnitQty>
      <Quantity>1</Quantity>
      <UnitMeasure />
      <BisWeighted>0</BisWeighted>
      <QtyInPackage>1</QtyInPackage>
      <ItemPrice>27</ItemPrice>
      <UnitOfMeasurePrice>27</UnitOfMeasurePrice>
      <AllowDiscount>1</AllowDiscount>
      <itemStatus>1</itemStatus>
      <LastUpdateDate />
      <LastUpdateTime />
    </Product>
    <Product>
      <PriceUpdateDate>2013/12/24 14:34</PriceUpdateDate>
      <ItemCode>4045787068474</ItemCode>
      <ItemType>1</ItemType>
      <ItemName>פרוטאין קולור  שטני 7-03</ItemName>
      <ManufactureName>הנקל סוד בעמ</ManufactureName>
      <ManufactureCountry />
      <ManufactureItemDescription />
      <UnitQty>י"ח</UnitQty>
      <Quantity>1</Quantity>
      <UnitMeasure />
      <BisWeighted>0</BisWeighted>
      <QtyInPackage>1</QtyInPackage>
      <ItemPrice>27</ItemPrice>
      <UnitOfMeasurePrice>27</UnitOfMeasurePrice>
      <AllowDiscount>1</AllowDiscount>
      <itemStatus>1</itemStatus>
      <LastUpdateDate />
      <LastUpdateTime />
    </Product>
    <Product>
      <PriceUpdateDate>2013/12/24 14:34</PriceUpdateDate>
      <ItemCode>4045787068498</ItemCode>
      <ItemType>1</ItemType>
      <ItemName>פרוטאין קולור   דבש 7-3</ItemName>
      <ManufactureName>הנקל סוד בעמ</ManufactureName>
      <ManufactureCountry />
      <ManufactureItemDescription />
      <UnitQty>י"ח</UnitQty>
      <Quantity>1</Quantity>
      <UnitMeasure />
      <BisWeighted>0</BisWeighted>
      <QtyInPackage>1</QtyInPackage>
      <ItemPrice>27</ItemPrice>
      <UnitOfMeasurePrice>27</UnitOfMeasurePrice>
      <AllowDiscount>1</AllowDiscount>
      <itemStatus>1</itemStatus>
      <LastUpdateDate />
      <LastUpdateTime />
    </Product>
    <Product>
      <PriceUpdateDate>2013/12/24 14:34</PriceUpdateDate>
      <ItemCode>4045787068528</ItemCode>
      <ItemType>1</ItemType>
      <ItemName>פרוטאין קולור   נחושת בהירה 7-46</ItemName>
      <ManufactureName>הנקל סוד בעמ</ManufactureName>
      <ManufactureCountry />
      <ManufactureItemDescription />
      <UnitQty>י"ח</UnitQty>
      <Quantity>1</Quantity>
      <UnitMeasure />
      <BisWeighted>0</BisWeighted>
      <QtyInPackage>1</QtyInPackage>
      <ItemPrice>27</ItemPrice>
      <UnitOfMeasurePrice>27</UnitOfMeasurePrice>
      <AllowDiscount>1</AllowDiscount>
      <itemStatus>1</itemStatus>
      <LastUpdateDate />
      <LastUpdateTime />
    </Product>
    <Product>
      <PriceUpdateDate>2013/12/24 14:34</PriceUpdateDate>
      <ItemCode>4045787068542</ItemCode>
      <ItemType>1</ItemType>
      <ItemName>פרוטאין קולור   בלונד בהיר 8</ItemName>
      <ManufactureName>הנקל סוד בעמ</ManufactureName>
      <ManufactureCountry />
      <ManufactureItemDescription />
      <UnitQty>י"ח</UnitQty>
      <Quantity>1</Quantity>
      <UnitMeasure />
      <BisWeighted>0</BisWeighted>
      <QtyInPackage>1</QtyInPackage>
      <ItemPrice>27</ItemPrice>
      <UnitOfMeasurePrice>27</UnitOfMeasurePrice>
      <AllowDiscount>1</AllowDiscount>
      <itemStatus>1</itemStatus>
      <LastUpdateDate />
      <LastUpdateTime />
    </Product>
    <Product>
      <PriceUpdateDate>2013/12/24 14:34</PriceUpdateDate>
      <ItemCode>4045787068566</ItemCode>
      <ItemType>1</ItemType>
      <ItemName>פרוטאין קולור   בלונד שמש 8-3</ItemName>
      <ManufactureName>הנקל סוד בעמ</ManufactureName>
      <ManufactureCountry />
      <ManufactureItemDescription />
      <UnitQty>י"ח</UnitQty>
      <Quantity>1</Quantity>
      <UnitMeasure />
      <BisWeighted>0</BisWeighted>
      <QtyInPackage>1</QtyInPackage>
      <ItemPrice>27</ItemPrice>
      <UnitOfMeasurePrice>27</UnitOfMeasurePrice>
      <AllowDiscount>1</AllowDiscount>
      <itemStatus>1</itemStatus>
      <LastUpdateDate />
      <LastUpdateTime />
    </Product>
    <Product>
      <PriceUpdateDate>2013/12/24 14:34</PriceUpdateDate>
      <ItemCode>4045787068610</ItemCode>
      <ItemType>1</ItemType>
      <ItemName>פרוטאין קולור   בלונד  טבעי 9</ItemName>
      <ManufactureName>הנקל סוד בעמ</ManufactureName>
      <ManufactureCountry />
      <ManufactureItemDescription />
      <UnitQty>י"ח</UnitQty>
      <Quantity>1</Quantity>
      <UnitMeasure />
      <BisWeighted>0</BisWeighted>
      <QtyInPackage>1</QtyInPackage>
      <ItemPrice>27</ItemPrice>
      <UnitOfMeasurePrice>27</UnitOfMeasurePrice>
      <AllowDiscount>1</AllowDiscount>
      <itemStatus>1</itemStatus>
      <LastUpdateDate />
      <LastUpdateTime />
    </Product>
    <Product>
      <PriceUpdateDate>2019/01/01 12:53</PriceUpdateDate>
      <ItemCode>4052197000369</ItemCode>
      <ItemType>1</ItemType>
      <ItemName>מארז בירה בנדקטינר 330מ"ל 1/6</ItemName>
      <ManufactureName>א.ג.ת.ד. שיווק והפצה</ManufactureName>
      <ManufactureCountry />
      <ManufactureItemDescription />
      <UnitQty>י"ח</UnitQty>
      <Quantity>2</Quantity>
      <UnitMeasure>ליטר</UnitMeasure>
      <BisWeighted>0</BisWeighted>
      <QtyInPackage>1</QtyInPackage>
      <ItemPrice>50.40</ItemPrice>
      <UnitOfMeasurePrice>24.30</UnitOfMeasurePrice>
      <AllowDiscount>1</AllowDiscount>
      <itemStatus>1</itemStatus>
      <LastUpdateDate />
      <LastUpdateTime />
    </Product>
    <Product>
      <PriceUpdateDate>2017/04/24 08:16</PriceUpdateDate>
      <ItemCode>4052197000390</ItemCode>
      <ItemType>1</ItemType>
      <ItemName>בירה בנדקטינר מיני חבית 5ל</ItemName>
      <ManufactureName>א.ג.ת.ד. שיווק והפצה</ManufactureName>
      <ManufactureCountry />
      <ManufactureItemDescription />
      <UnitQty>י"ח</UnitQty>
      <Quantity>5</Quantity>
      <UnitMeasure>ליטר</UnitMeasure>
      <BisWeighted>0</BisWeighted>
      <QtyInPackage>1</QtyInPackage>
      <ItemPrice>126.30</ItemPrice>
      <UnitOfMeasurePrice>25.20</UnitOfMeasurePrice>
      <AllowDiscount>1</AllowDiscount>
      <itemStatus>1</itemStatus>
      <LastUpdateDate />
      <LastUpdateTime />
    </Product>
    <Product>
      <PriceUpdateDate>2016/11/22 14:10</PriceUpdateDate>
      <ItemCode>4053700288205</ItemCode>
      <ItemType>1</ItemType>
      <ItemName>ויט קרם הסרת שיער 100מ"ל</ItemName>
      <ManufactureName>רקיט בנקיזר (ניר איסט) בעמ</ManufactureName>
      <ManufactureCountry />
      <ManufactureItemDescription />
      <UnitQty>י"ח</UnitQty>
      <Quantity>100</Quantity>
      <UnitMeasure>ל  מ"ל</UnitMeasure>
      <BisWeighted>0</BisWeighted>
      <QtyInPackage>1</QtyInPackage>
      <ItemPrice>29.90</ItemPrice>
      <UnitOfMeasurePrice>29.90</UnitOfMeasurePrice>
      <AllowDiscount>1</AllowDiscount>
      <itemStatus>1</itemStatus>
      <LastUpdateDate />
      <LastUpdateTime />
    </Product>
    <Product>
      <PriceUpdateDate>2016/11/22 14:10</PriceUpdateDate>
      <ItemCode>4053700292455</ItemCode>
      <ItemType>1</ItemType>
      <ItemName>ויט רצועות שעווה תמצית צמחים</ItemName>
      <ManufactureName>רקיט בנקיזר (ניר איסט) בעמ</ManufactureName>
      <ManufactureCountry />
      <ManufactureItemDescription />
      <UnitQty>י"ח</UnitQty>
      <Quantity>1</Quantity>
      <UnitMeasure>י"ח</UnitMeasure>
      <BisWeighted>0</BisWeighted>
      <QtyInPackage>1</QtyInPackage>
      <ItemPrice>29.90</ItemPrice>
      <UnitOfMeasurePrice>29.90</UnitOfMeasurePrice>
      <AllowDiscount>1</AllowDiscount>
      <itemStatus>1</itemStatus>
      <LastUpdateDate />
      <LastUpdateTime />
    </Product>
    <Product>
      <PriceUpdateDate>2020/01/13 13:09</PriceUpdateDate>
      <ItemCode>4060517886516</ItemCode>
      <ItemType>1</ItemType>
      <ItemName>משקה אנרגיה מונסטר זירו פח 500מ"ל</ItemName>
      <ManufactureName>חברה המרכזית להפצת משקאות בעמ</ManufactureName>
      <ManufactureCountry />
      <ManufactureItemDescription />
      <UnitQty>י"ח</UnitQty>
      <Quantity>500</Quantity>
      <UnitMeasure>ל  מ"ל</UnitMeasure>
      <BisWeighted>0</BisWeighted>
      <QtyInPackage>1</QtyInPackage>
      <ItemPrice>6.90</ItemPrice>
      <UnitOfMeasurePrice>1.32</UnitOfMeasurePrice>
      <AllowDiscount>1</AllowDiscount>
      <itemStatus>1</itemStatus>
      <LastUpdateDate />
      <LastUpdateTime />
    </Product>
    <Product>
      <PriceUpdateDate>2018/04/09 10:21</PriceUpdateDate>
      <ItemCode>4079400131047</ItemCode>
      <ItemType>1</ItemType>
      <ItemName>בירה וולטרס 5.3% שישיה 330 מ"ל בקבוק</ItemName>
      <ManufactureName>אבאל יזמות בעמ</ManufactureName>
      <ManufactureCountry />
      <ManufactureItemDescription />
      <UnitQty>י"ח</UnitQty>
      <Quantity>330</Quantity>
      <UnitMeasure>ל  מ"ל</UnitMeasure>
      <BisWeighted>0</BisWeighted>
      <QtyInPackage>1</QtyInPackage>
      <ItemPrice>34.90</ItemPrice>
      <UnitOfMeasurePrice>10.03</UnitOfMeasurePrice>
      <AllowDiscount>1</AllowDiscount>
      <itemStatus>1</itemStatus>
      <LastUpdateDate />
      <LastUpdateTime />
    </Product>
    <Product>
      <PriceUpdateDate>2017/06/06 09:20</PriceUpdateDate>
      <ItemCode>4079400182742</ItemCode>
      <ItemType>1</ItemType>
      <ItemName>בירה וולטרס פילסנר שישיה 330 מ"ל</ItemName>
      <ManufactureName>אבאל יזמות בעמ</ManufactureName>
      <ManufactureCountry />
      <ManufactureItemDescription />
      <UnitQty>י"ח</UnitQty>
      <Quantity>330</Quantity>
      <UnitMeasure>ל  מ"ל</UnitMeasure>
      <BisWeighted>0</BisWeighted>
      <QtyInPackage>1</QtyInPackage>
      <ItemPrice>28.90</ItemPrice>
      <UnitOfMeasurePrice>8.21</UnitOfMeasurePrice>
      <AllowDiscount>1</AllowDiscount>
      <itemStatus>1</itemStatus>
      <LastUpdateDate />
      <LastUpdateTime />
    </Product>
    <Product>
      <PriceUpdateDate>2017/06/06 13:08</PriceUpdateDate>
      <ItemCode>4079400330129</ItemCode>
      <ItemType>1</ItemType>
      <ItemName>בירה 500מ"ל CAN WOLTERS PILSENER</ItemName>
      <ManufactureName>אבאל יזמות בעמ</ManufactureName>
      <ManufactureCountry />
      <ManufactureItemDescription />
      <UnitQty>י"ח</UnitQty>
      <Quantity>500</Quantity>
      <UnitMeasure>ל  מ"ל</UnitMeasure>
      <BisWeighted>0</BisWeighted>
      <QtyInPackage>1</QtyInPackage>
      <ItemPrice>5.90</ItemPrice>
      <UnitOfMeasurePrice>1.12</UnitOfMeasurePrice>
      <AllowDiscount>1</AllowDiscount>
      <itemStatus>1</itemStatus>
      <LastUpdateDate />
      <LastUpdateTime />
    </Product>
    <Product>
      <PriceUpdateDate>2014/01/30 13:31</PriceUpdateDate>
      <ItemCode>4084500065536</ItemCode>
      <ItemType>1</ItemType>
      <ItemName>פנטן קרם לחות לשיער  300מ"ל</ItemName>
      <ManufactureName>דיפלומט מפיצים 1968 בעמ</ManufactureName>
      <ManufactureCountry />
      <ManufactureItemDescription />
      <UnitQty>י"ח</UnitQty>
      <Quantity>300</Quantity>
      <UnitMeasure>ל  מ"ל</UnitMeasure>
      <BisWeighted>0</BisWeighted>
      <QtyInPackage>1</QtyInPackage>
      <ItemPrice>23.90</ItemPrice>
      <UnitOfMeasurePrice>7.97</UnitOfMeasurePrice>
      <AllowDiscount>1</AllowDiscount>
      <itemStatus>1</itemStatus>
      <LastUpdateDate />
      <LastUpdateTime />
    </Product>
    <Product>
      <PriceUpdateDate>2017/11/20 10:38</PriceUpdateDate>
      <ItemCode>4084500065598</ItemCode>
      <ItemType>1</ItemType>
      <ItemName>פנטן קרם לחות לשיער  300מ"ל</ItemName>
      <ManufactureName>דיפלומט מפיצים 1968 בעמ</ManufactureName>
      <ManufactureCountry />
      <ManufactureItemDescription />
      <UnitQty>י"ח</UnitQty>
      <Quantity>300</Quantity>
      <UnitMeasure>ל  מ"ל</UnitMeasure>
      <BisWeighted>0</BisWeighted>
      <QtyInPackage>1</QtyInPackage>
      <ItemPrice>22.90</ItemPrice>
      <UnitOfMeasurePrice>7.63</UnitOfMeasurePrice>
      <AllowDiscount>1</AllowDiscount>
      <itemStatus>1</itemStatus>
      <LastUpdateDate />
      <LastUpdateTime />
    </Product>
    <Product>
      <PriceUpdateDate>2017/01/10 11:57</PriceUpdateDate>
      <ItemCode>4084500194199</ItemCode>
      <ItemType>1</ItemType>
      <ItemName>הד שולדרס שמפו שיער עבה לחזק 500נ"ל</ItemName>
      <ManufactureName>דיפלומט מפיצים 1968 בעמ</ManufactureName>
      <ManufactureCountry />
      <ManufactureItemDescription />
      <UnitQty>י"ח</UnitQty>
      <Quantity>500</Quantity>
      <UnitMeasure>ל  מ"ל</UnitMeasure>
      <BisWeighted>0</BisWeighted>
      <QtyInPackage>1</QtyInPackage>
      <ItemPrice>21.90</ItemPrice>
      <UnitOfMeasurePrice>4.38</UnitOfMeasurePrice>
      <AllowDiscount>1</AllowDiscount>
      <itemStatus>1</itemStatus>
      <LastUpdateDate />
      <LastUpdateTime />
    </Product>
    <Product>
      <PriceUpdateDate>2019/01/22 11:17</PriceUpdateDate>
      <ItemCode>4084500197428</ItemCode>
      <ItemType>1</ItemType>
      <ItemName>הד שולדרס שמפו לשיער עבה תפוח 400</ItemName>
      <ManufactureName>דיפלומט מפיצים 1968 בעמ</ManufactureName>
      <ManufactureCountry />
      <ManufactureItemDescription />
      <UnitQty>י"ח</UnitQty>
      <Quantity>400</Quantity>
      <UnitMeasure>ל  מ"ל</UnitMeasure>
      <BisWeighted>0</BisWeighted>
      <QtyInPackage>1</QtyInPackage>
      <ItemPrice>19.20</ItemPrice>
      <UnitOfMeasurePrice>4.80</UnitOfMeasurePrice>
      <AllowDiscount>1</AllowDiscount>
      <itemStatus>1</itemStatus>
      <LastUpdateDate />
      <LastUpdateTime />
    </Product>
    <Product>
      <PriceUpdateDate>2017/01/10 11:57</PriceUpdateDate>
      <ItemCode>4084500264359</ItemCode>
      <ItemType>1</ItemType>
      <ItemName>הד שולדרס 2 ב 1 להקלה מיידית  500מ"ל</ItemName>
      <ManufactureName>דיפלומט מפיצים 1968 בעמ</ManufactureName>
      <ManufactureCountry />
      <ManufactureItemDescription />
      <UnitQty>י"ח</UnitQty>
      <Quantity>500</Quantity>
      <UnitMeasure>ל  מ"ל</UnitMeasure>
      <BisWeighted>0</BisWeighted>
      <QtyInPackage>1</QtyInPackage>
      <ItemPrice>21.90</ItemPrice>
      <UnitOfMeasurePrice>4.38</UnitOfMeasurePrice>
      <AllowDiscount>1</AllowDiscount>
      <itemStatus>1</itemStatus>
      <LastUpdateDate />
      <LastUpdateTime />
    </Product>
    <Product>
      <PriceUpdateDate>2015/11/05 09:02</PriceUpdateDate>
      <ItemCode>4084500854109</ItemCode>
      <ItemType>1</ItemType>
      <ItemName>פיירי פלטינום לימון 1.015ליטר</ItemName>
      <ManufactureName>דיפלומט מפיצים 1968 בעמ</ManufactureName>
      <ManufactureCountry />
      <ManufactureItemDescription />
      <UnitQty>י"ח</UnitQty>
      <Quantity>1.0150</Quantity>
      <UnitMeasure>ליטר</UnitMeasure>
      <BisWeighted>0</BisWeighted>
      <QtyInPackage>1</QtyInPackage>
      <ItemPrice>16.90</ItemPrice>
      <UnitOfMeasurePrice>16.65</UnitOfMeasurePrice>
      <AllowDiscount>1</AllowDiscount>
      <itemStatus>1</itemStatus>
      <LastUpdateDate />
      <LastUpdateTime />
    </Product>
    <Product>
      <PriceUpdateDate>2016/01/06 11:13</PriceUpdateDate>
      <ItemCode>4084500920880</ItemCode>
      <ItemType>1</ItemType>
      <ItemName>פיירי אוריגינל 1.24ליטר</ItemName>
      <ManufactureName>דיפלומט מפיצים 1968 בעמ</ManufactureName>
      <ManufactureCountry />
      <ManufactureItemDescription />
      <UnitQty>י"ח</UnitQty>
      <Quantity>1.24</Quantity>
      <UnitMeasure>ליטר</UnitMeasure>
      <BisWeighted>0</BisWeighted>
      <QtyInPackage>1</QtyInPackage>
      <ItemPrice>16.90</ItemPrice>
      <UnitOfMeasurePrice>13.63</UnitOfMeasurePrice>
      <AllowDiscount>1</AllowDiscount>
      <itemStatus>1</itemStatus>
      <LastUpdateDate />
      <LastUpdateTime />
    </Product>
    <Product>
      <PriceUpdateDate>2014/01/19 10:40</PriceUpdateDate>
      <ItemCode>4102430000806</ItemCode>
      <ItemType>1</ItemType>
      <ItemName>בירה ביטבורגר מיני חבית 5ל</ItemName>
      <ManufactureName>א.ג.ת.ד. שיווק והפצה</ManufactureName>
      <ManufactureCountry />
      <ManufactureItemDescription />
      <UnitQty>י"ח</UnitQty>
      <Quantity>5</Quantity>
      <UnitMeasure>ליטר</UnitMeasure>
      <BisWeighted>0</BisWeighted>
      <QtyInPackage>1</QtyInPackage>
      <ItemPrice>126.30</ItemPrice>
      <UnitOfMeasurePrice>25.20</UnitOfMeasurePrice>
      <AllowDiscount>1</AllowDiscount>
      <itemStatus>1</itemStatus>
      <LastUpdateDate />
      <LastUpdateTime />
    </Product>
    <Product>
      <PriceUpdateDate>2016/03/29 13:26</PriceUpdateDate>
      <ItemCode>4102430003418</ItemCode>
      <ItemType>1</ItemType>
      <ItemName>מארז בירה ביטבורגר 500מ"ל 1/4</ItemName>
      <ManufactureName>א.ג.ת.ד. שיווק והפצה</ManufactureName>
      <ManufactureCountry />
      <ManufactureItemDescription />
      <UnitQty>י"ח</UnitQty>
      <Quantity>2</Quantity>
      <UnitMeasure>ליטר</UnitMeasure>
      <BisWeighted>0</BisWeighted>
      <QtyInPackage>1</QtyInPackage>
      <ItemPrice>41.10</ItemPrice>
      <UnitOfMeasurePrice>19.95</UnitOfMeasurePrice>
      <AllowDiscount>1</AllowDiscount>
      <itemStatus>1</itemStatus>
      <LastUpdateDate />
      <LastUpdateTime />
    </Product>
    <Product>
      <PriceUpdateDate>2019/01/01 12:53</PriceUpdateDate>
      <ItemCode>4102430013615</ItemCode>
      <ItemType>1</ItemType>
      <ItemName>בירה  ביטבורגר 0.33ל 1/6</ItemName>
      <ManufactureName>א.ג.ת.ד. שיווק והפצה</ManufactureName>
      <ManufactureCountry />
      <ManufactureItemDescription />
      <UnitQty>י"ח</UnitQty>
      <Quantity>33</Quantity>
      <UnitMeasure>ל  מ"ל</UnitMeasure>
      <BisWeighted>0</BisWeighted>
      <QtyInPackage>1</QtyInPackage>
      <ItemPrice>43.40</ItemPrice>
      <UnitOfMeasurePrice>126.06</UnitOfMeasurePrice>
      <AllowDiscount>1</AllowDiscount>
      <itemStatus>1</itemStatus>
      <LastUpdateDate />
      <LastUpdateTime />
    </Product>
    <Product>
      <PriceUpdateDate>2018/08/22 13:26</PriceUpdateDate>
      <ItemCode>4210201043546</ItemCode>
      <ItemType>1</ItemType>
      <ItemName>אורל בי מברשת שיניים חשמלית(D12בוגרים)</ItemName>
      <ManufactureName>דיפלומט מפיצים 1968 בעמ</ManufactureName>
      <ManufactureCountry />
      <ManufactureItemDescription />
      <UnitQty>י"ח</UnitQty>
      <Quantity>1</Quantity>
      <UnitMeasure />
      <BisWeighted>0</BisWeighted>
      <QtyInPackage>1</QtyInPackage>
      <ItemPrice>99.90</ItemPrice>
      <UnitOfMeasurePrice>99.90</UnitOfMeasurePrice>
      <AllowDiscount>1</AllowDiscount>
      <itemStatus>1</itemStatus>
      <LastUpdateDate />
      <LastUpdateTime />
    </Product>
    <Product>
      <PriceUpdateDate>2019/03/10 08:39</PriceUpdateDate>
      <ItemCode>4210201078128</ItemCode>
      <ItemType>1</ItemType>
      <ItemName>אורל בי מ. שיניים נטענת 800</ItemName>
      <ManufactureName>דיפלומט מפיצים 1968 בעמ</ManufactureName>
      <ManufactureCountry />
      <ManufactureItemDescription />
      <UnitQty>י"ח</UnitQty>
      <Quantity>1</Quantity>
      <UnitMeasure />
      <BisWeighted>0</BisWeighted>
      <QtyInPackage>1</QtyInPackage>
      <ItemPrice>199</ItemPrice>
      <UnitOfMeasurePrice>199</UnitOfMeasurePrice>
      <AllowDiscount>1</AllowDiscount>
      <itemStatus>1</itemStatus>
      <LastUpdateDate />
      <LastUpdateTime />
    </Product>
    <Product>
      <PriceUpdateDate>2018/08/22 13:26</PriceUpdateDate>
      <ItemCode>4210201154686</ItemCode>
      <ItemType>1</ItemType>
      <ItemName>אורל בי מברשת שיניים חשמליתD12 בנות</ItemName>
      <ManufactureName>דיפלומט מפיצים 1968 בעמ</ManufactureName>
      <ManufactureCountry />
      <ManufactureItemDescription />
      <UnitQty>י"ח</UnitQty>
      <Quantity>1</Quantity>
      <UnitMeasure />
      <BisWeighted>0</BisWeighted>
      <QtyInPackage>1</QtyInPackage>
      <ItemPrice>99.90</ItemPrice>
      <UnitOfMeasurePrice>99.90</UnitOfMeasurePrice>
      <AllowDiscount>1</AllowDiscount>
      <itemStatus>1</itemStatus>
      <LastUpdateDate />
      <LastUpdateTime />
    </Product>
    <Product>
      <PriceUpdateDate>2019/03/10 08:39</PriceUpdateDate>
      <ItemCode>4210201162476</ItemCode>
      <ItemType>1</ItemType>
      <ItemName>אורל בי מ. שיניים נטענת פרו 750</ItemName>
      <ManufactureName>דיפלומט מפיצים 1968 בעמ</ManufactureName>
      <ManufactureCountry />
      <ManufactureItemDescription />
      <UnitQty>י"ח</UnitQty>
      <Quantity>1</Quantity>
      <UnitMeasure />
      <BisWeighted>0</BisWeighted>
      <QtyInPackage>1</QtyInPackage>
      <ItemPrice>199</ItemPrice>
      <UnitOfMeasurePrice>199</UnitOfMeasurePrice>
      <AllowDiscount>1</AllowDiscount>
      <itemStatus>1</itemStatus>
      <LastUpdateDate />
      <LastUpdateTime />
    </Product>
    <Product>
      <PriceUpdateDate>2019/03/10 08:39</PriceUpdateDate>
      <ItemCode>4210201176718</ItemCode>
      <ItemType>1</ItemType>
      <ItemName>אורל בי ראש חשמלי סנסיטיב 4יח</ItemName>
      <ManufactureName>דיפלומט מפיצים 1968 בעמ</ManufactureName>
      <ManufactureCountry />
      <ManufactureItemDescription />
      <UnitQty>י"ח</UnitQty>
      <Quantity>1</Quantity>
      <UnitMeasure />
      <BisWeighted>0</BisWeighted>
      <QtyInPackage>1</QtyInPackage>
      <ItemPrice>99</ItemPrice>
      <UnitOfMeasurePrice>99</UnitOfMeasurePrice>
      <AllowDiscount>1</AllowDiscount>
      <itemStatus>1</itemStatus>
      <LastUpdateDate />
      <LastUpdateTime />
    </Product>
    <Product>
      <PriceUpdateDate>2018/08/22 13:26</PriceUpdateDate>
      <ItemCode>4210201181088</ItemCode>
      <ItemType>1</ItemType>
      <ItemName>אורל בי מ. שיניים נטענת ויטליטי פרו בנ</ItemName>
      <ManufactureName>דיפלומט מפיצים 1968 בעמ</ManufactureName>
      <ManufactureCountry />
      <ManufactureItemDescription />
      <UnitQty>י"ח</UnitQty>
      <Quantity>1</Quantity>
      <UnitMeasure />
      <BisWeighted>0</BisWeighted>
      <QtyInPackage>1</QtyInPackage>
      <ItemPrice>99.90</ItemPrice>
      <UnitOfMeasurePrice>99.90</UnitOfMeasurePrice>
      <AllowDiscount>1</AllowDiscount>
      <itemStatus>1</itemStatus>
      <LastUpdateDate />
      <LastUpdateTime />
    </Product>
    <Product>
      <PriceUpdateDate>2018/09/27 09:06</PriceUpdateDate>
      <ItemCode>4210201181477</ItemCode>
      <ItemType>1</ItemType>
      <ItemName>אורל בי ראש חשמלי פרוזן 4יח</ItemName>
      <ManufactureName>דיפלומט מפיצים 1968 בעמ</ManufactureName>
      <ManufactureCountry />
      <ManufactureItemDescription />
      <UnitQty>י"ח</UnitQty>
      <Quantity>1</Quantity>
      <UnitMeasure />
      <BisWeighted>0</BisWeighted>
      <QtyInPackage>1</QtyInPackage>
      <ItemPrice>99.90</ItemPrice>
      <UnitOfMeasurePrice>99.90</UnitOfMeasurePrice>
      <AllowDiscount>1</AllowDiscount>
      <itemStatus>1</itemStatus>
      <LastUpdateDate />
      <LastUpdateTime />
    </Product>
    <Product>
      <PriceUpdateDate>2018/08/22 13:26</PriceUpdateDate>
      <ItemCode>4210201181538</ItemCode>
      <ItemType>1</ItemType>
      <ItemName>אורל בי ראש חשמלי לילדים קארס 4יח</ItemName>
      <ManufactureName>דיפלומט מפיצים 1968 בעמ</ManufactureName>
      <ManufactureCountry />
      <ManufactureItemDescription />
      <UnitQty>י"ח</UnitQty>
      <Quantity>1</Quantity>
      <UnitMeasure />
      <BisWeighted>0</BisWeighted>
      <QtyInPackage>1</QtyInPackage>
      <ItemPrice>99.90</ItemPrice>
      <UnitOfMeasurePrice>99.90</UnitOfMeasurePrice>
      <AllowDiscount>1</AllowDiscount>
      <itemStatus>1</itemStatus>
      <LastUpdateDate />
      <LastUpdateTime />
    </Product>
    <Product>
      <PriceUpdateDate>2018/08/22 13:26</PriceUpdateDate>
      <ItemCode>4210201757771</ItemCode>
      <ItemType>1</ItemType>
      <ItemName>אורל בי ראש חשמלי לניקוי יסודי 4יח</ItemName>
      <ManufactureName>דיפלומט מפיצים 1968 בעמ</ManufactureName>
      <ManufactureCountry />
      <ManufactureItemDescription />
      <UnitQty>י"ח</UnitQty>
      <Quantity>1</Quantity>
      <UnitMeasure />
      <BisWeighted>0</BisWeighted>
      <QtyInPackage>1</QtyInPackage>
      <ItemPrice>99.90</ItemPrice>
      <UnitOfMeasurePrice>99.90</UnitOfMeasurePrice>
      <AllowDiscount>1</AllowDiscount>
      <itemStatus>1</itemStatus>
      <LastUpdateDate />
      <LastUpdateTime />
    </Product>
    <Product>
      <PriceUpdateDate>2020/02/18 07:58</PriceUpdateDate>
      <ItemCode>4602486002057</ItemCode>
      <ItemType>1</ItemType>
      <ItemName>וודקה בלנקאיה ספשיאל אדישן כשל"פ 0.7ל</ItemName>
      <ManufactureName>א.ג.ת.ד. שיווק והפצה</ManufactureName>
      <ManufactureCountry />
      <ManufactureItemDescription />
      <UnitQty>י"ח</UnitQty>
      <Quantity>1</Quantity>
      <UnitMeasure />
      <BisWeighted>0</BisWeighted>
      <QtyInPackage>1</QtyInPackage>
      <ItemPrice>69.90</ItemPrice>
      <UnitOfMeasurePrice>69.90</UnitOfMeasurePrice>
      <AllowDiscount>1</AllowDiscount>
      <itemStatus>1</itemStatus>
      <LastUpdateDate />
      <LastUpdateTime />
    </Product>
    <Product>
      <PriceUpdateDate>2019/11/06 09:33</PriceUpdateDate>
      <ItemCode>4602486002071</ItemCode>
      <ItemType>1</ItemType>
      <ItemName>וודקה בלנקאיה גולד 700 מ``ל</ItemName>
      <ManufactureName>א.ג.ת.ד. שיווק והפצה</ManufactureName>
      <ManufactureCountry />
      <ManufactureItemDescription />
      <UnitQty>י"ח</UnitQty>
      <Quantity>1</Quantity>
      <UnitMeasure />
      <BisWeighted>0</BisWeighted>
      <QtyInPackage>1</QtyInPackage>
      <ItemPrice>64.90</ItemPrice>
      <UnitOfMeasurePrice>64.90</UnitOfMeasurePrice>
      <AllowDiscount>1</AllowDiscount>
      <itemStatus>1</itemStatus>
      <LastUpdateDate />
      <LastUpdateTime />
    </Product>
    <Product>
      <PriceUpdateDate>2016/08/24 10:25</PriceUpdateDate>
      <ItemCode>4603019001622</ItemCode>
      <ItemType>1</ItemType>
      <ItemName>וודקה קרמלין 0.7ל</ItemName>
      <ManufactureName>א.ג.ת.ד. שיווק והפצה</ManufactureName>
      <ManufactureCountry />
      <ManufactureItemDescription />
      <UnitQty>י"ח</UnitQty>
      <Quantity>0.70</Quantity>
      <UnitMeasure>ליטר</UnitMeasure>
      <BisWeighted>0</BisWeighted>
      <QtyInPackage>1</QtyInPackage>
      <ItemPrice>109.90</ItemPrice>
      <UnitOfMeasurePrice>156.57</UnitOfMeasurePrice>
      <AllowDiscount>1</AllowDiscount>
      <itemStatus>1</itemStatus>
      <LastUpdateDate />
      <LastUpdateTime />
    </Product>
    <Product>
      <PriceUpdateDate>2017/05/26 12:32</PriceUpdateDate>
      <ItemCode>4603928000976</ItemCode>
      <ItemType>1</ItemType>
      <ItemName>וודקה בלוגה 700מ"ל</ItemName>
      <ManufactureName>טמפו משקאות בעמ</ManufactureName>
      <ManufactureCountry />
      <ManufactureItemDescription />
      <UnitQty>י"ח</UnitQty>
      <Quantity>700</Quantity>
      <UnitMeasure>ל  מ"ל</UnitMeasure>
      <BisWeighted>0</BisWeighted>
      <QtyInPackage>1</QtyInPackage>
      <ItemPrice>139.90</ItemPrice>
      <UnitOfMeasurePrice>19.94</UnitOfMeasurePrice>
      <AllowDiscount>1</AllowDiscount>
      <itemStatus>1</itemStatus>
      <LastUpdateDate />
      <LastUpdateTime />
    </Product>
    <Product>
      <PriceUpdateDate>2016/05/15 11:24</PriceUpdateDate>
      <ItemCode>4607109409619</ItemCode>
      <ItemType>1</ItemType>
      <ItemName>פיניש 25 טבליות AIO</ItemName>
      <ManufactureName>רקיט בנקיזר (ניר איסט) בעמ</ManufactureName>
      <ManufactureCountry />
      <ManufactureItemDescription />
      <UnitQty>י"ח</UnitQty>
      <Quantity>25</Quantity>
      <UnitMeasure>י"ח</UnitMeasure>
      <BisWeighted>0</BisWeighted>
      <QtyInPackage>1</QtyInPackage>
      <ItemPrice>29.90</ItemPrice>
      <UnitOfMeasurePrice>1.20</UnitOfMeasurePrice>
      <AllowDiscount>1</AllowDiscount>
      <itemStatus>1</itemStatus>
      <LastUpdateDate />
      <LastUpdateTime />
    </Product>
    <Product>
      <PriceUpdateDate>2018/01/19 07:31</PriceUpdateDate>
      <ItemCode>4640018990335</ItemCode>
      <ItemType>1</ItemType>
      <ItemName>פיניש קוונטום רגיל 54 טבליות</ItemName>
      <ManufactureName>רקיט בנקיזר (ניר איסט) בעמ</ManufactureName>
      <ManufactureCountry />
      <ManufactureItemDescription />
      <UnitQty>י"ח</UnitQty>
      <Quantity>54</Quantity>
      <UnitMeasure>י"ח</UnitMeasure>
      <BisWeighted>0</BisWeighted>
      <QtyInPackage>1</QtyInPackage>
      <ItemPrice>54.90</ItemPrice>
      <UnitOfMeasurePrice>1.02</UnitOfMeasurePrice>
      <AllowDiscount>1</AllowDiscount>
      <itemStatus>1</itemStatus>
      <LastUpdateDate />
      <LastUpdateTime />
    </Product>
    <Product>
      <PriceUpdateDate>2017/12/04 07:28</PriceUpdateDate>
      <ItemCode>4750021000133</ItemCode>
      <ItemType>1</ItemType>
      <ItemName>וודקה סטולי 500מ"ל</ItemName>
      <ManufactureName>הכרם משקאות חריפים בעמ</ManufactureName>
      <ManufactureCountry />
      <ManufactureItemDescription />
      <UnitQty>י"ח</UnitQty>
      <Quantity>500</Quantity>
      <UnitMeasure>ל  מ"ל</UnitMeasure>
      <BisWeighted>0</BisWeighted>
      <QtyInPackage>1</QtyInPackage>
      <ItemPrice>51.20</ItemPrice>
      <UnitOfMeasurePrice>10.18</UnitOfMeasurePrice>
      <AllowDiscount>1</AllowDiscount>
      <itemStatus>1</itemStatus>
      <LastUpdateDate />
      <LastUpdateTime />
    </Product>
    <Product>
      <PriceUpdateDate>2019/12/31 14:35</PriceUpdateDate>
      <ItemCode>4751007730938</ItemCode>
      <ItemType>1</ItemType>
      <ItemName>שפרוטים מעושנים בשמן צמחי 240גר`</ItemName>
      <ManufactureName>דברים טובים סגל ~~~</ManufactureName>
      <ManufactureCountry />
      <ManufactureItemDescription />
      <UnitQty>י"ח</UnitQty>
      <Quantity>240</Quantity>
      <UnitMeasure>ל  גרם</UnitMeasure>
      <BisWeighted>0</BisWeighted>
      <QtyInPackage>1</QtyInPackage>
      <ItemPrice>12.90</ItemPrice>
      <UnitOfMeasurePrice>5.38</UnitOfMeasurePrice>
      <AllowDiscount>1</AllowDiscount>
      <itemStatus>1</itemStatus>
      <LastUpdateDate />
      <LastUpdateTime />
    </Product>
    <Product>
      <PriceUpdateDate>2019/12/31 14:35</PriceUpdateDate>
      <ItemCode>4791021001096</ItemCode>
      <ItemType>1</ItemType>
      <ItemName>תה שחור 100 שקיקים</ItemName>
      <ManufactureName>דברים טובים סגל ~~~</ManufactureName>
      <ManufactureCountry />
      <ManufactureItemDescription />
      <UnitQty>י"ח</UnitQty>
      <Quantity>100</Quantity>
      <UnitMeasure>ל  גרם</UnitMeasure>
      <BisWeighted>0</BisWeighted>
      <QtyInPackage>1</QtyInPackage>
      <ItemPrice>24.90</ItemPrice>
      <UnitOfMeasurePrice>24.90</UnitOfMeasurePrice>
      <AllowDiscount>1</AllowDiscount>
      <itemStatus>1</itemStatus>
      <LastUpdateDate />
      <LastUpdateTime />
    </Product>
    <Product>
      <PriceUpdateDate>2019/12/31 14:35</PriceUpdateDate>
      <ItemCode>4791021002789</ItemCode>
      <ItemType>1</ItemType>
      <ItemName>תה ירוק 100 שקיקים</ItemName>
      <ManufactureName>דברים טובים סגל ~~~</ManufactureName>
      <ManufactureCountry />
      <ManufactureItemDescription />
      <UnitQty>י"ח</UnitQty>
      <Quantity>100</Quantity>
      <UnitMeasure>ל  גרם</UnitMeasure>
      <BisWeighted>0</BisWeighted>
      <QtyInPackage>1</QtyInPackage>
      <ItemPrice>22.90</ItemPrice>
      <UnitOfMeasurePrice>22.90</UnitOfMeasurePrice>
      <AllowDiscount>1</AllowDiscount>
      <itemStatus>1</itemStatus>
      <LastUpdateDate />
      <LastUpdateTime />
    </Product>
    <Product>
      <PriceUpdateDate>2019/12/31 14:35</PriceUpdateDate>
      <ItemCode>4791021003588</ItemCode>
      <ItemType>1</ItemType>
      <ItemName>תה צהוב 1.5 גרם</ItemName>
      <ManufactureName>דברים טובים סגל ~~~</ManufactureName>
      <ManufactureCountry />
      <ManufactureItemDescription />
      <UnitQty>י"ח</UnitQty>
      <Quantity>150</Quantity>
      <UnitMeasure>ל  גרם</UnitMeasure>
      <BisWeighted>0</BisWeighted>
      <QtyInPackage>1</QtyInPackage>
      <ItemPrice>12.90</ItemPrice>
      <UnitOfMeasurePrice>8.60</UnitOfMeasurePrice>
      <AllowDiscount>1</AllowDiscount>
      <itemStatus>1</itemStatus>
      <LastUpdateDate />
      <LastUpdateTime />
    </Product>
    <Product>
      <PriceUpdateDate>2013/12/09 17:41</PriceUpdateDate>
      <ItemCode>4791021004462</ItemCode>
      <ItemType>1</ItemType>
      <ItemName>תה ירוק תפוח    2ג 25שקיות 1/6</ItemName>
      <ManufactureName>דברים טובים סגל ~~~</ManufactureName>
      <ManufactureCountry />
      <ManufactureItemDescription />
      <UnitQty>י"ח</UnitQty>
      <Quantity>25</Quantity>
      <UnitMeasure>י"ח</UnitMeasure>
      <BisWeighted>0</BisWeighted>
      <QtyInPackage>1</QtyInPackage>
      <ItemPrice>12.90</ItemPrice>
      <UnitOfMeasurePrice>0.52</UnitOfMeasurePrice>
      <AllowDiscount>1</AllowDiscount>
      <itemStatus>1</itemStatus>
      <LastUpdateDate />
      <LastUpdateTime />
    </Product>
    <Product>
      <PriceUpdateDate>2013/12/09 17:41</PriceUpdateDate>
      <ItemCode>4791021004479</ItemCode>
      <ItemType>1</ItemType>
      <ItemName>תה ירוק אפרסק    2ג 25שקיות 1/6</ItemName>
      <ManufactureName>דברים טובים סגל ~~~</ManufactureName>
      <ManufactureCountry />
      <ManufactureItemDescription />
      <UnitQty>י"ח</UnitQty>
      <Quantity>25</Quantity>
      <UnitMeasure>י"ח</UnitMeasure>
      <BisWeighted>0</BisWeighted>
      <QtyInPackage>1</QtyInPackage>
      <ItemPrice>12.90</ItemPrice>
      <UnitOfMeasurePrice>0.52</UnitOfMeasurePrice>
      <AllowDiscount>1</AllowDiscount>
      <itemStatus>1</itemStatus>
      <LastUpdateDate />
      <LastUpdateTime />
    </Product>
    <Product>
      <PriceUpdateDate>2013/12/09 17:41</PriceUpdateDate>
      <ItemCode>4791021004486</ItemCode>
      <ItemType>1</ItemType>
      <ItemName>תה ירוק לימון    2ג 25שקיות 1/6</ItemName>
      <ManufactureName>דברים טובים סגל ~~~</ManufactureName>
      <ManufactureCountry />
      <ManufactureItemDescription />
      <UnitQty>י"ח</UnitQty>
      <Quantity>25</Quantity>
      <UnitMeasure>י"ח</UnitMeasure>
      <BisWeighted>0</BisWeighted>
      <QtyInPackage>1</QtyInPackage>
      <ItemPrice>12.90</ItemPrice>
      <UnitOfMeasurePrice>0.52</UnitOfMeasurePrice>
      <AllowDiscount>1</AllowDiscount>
      <itemStatus>1</itemStatus>
      <LastUpdateDate />
      <LastUpdateTime />
    </Product>
    <Product>
      <PriceUpdateDate>2017/10/24 13:27</PriceUpdateDate>
      <ItemCode>4791021004493</ItemCode>
      <ItemType>1</ItemType>
      <ItemName>תה ירוק    25+5ש ג דובדבן</ItemName>
      <ManufactureName>דברים טובים סגל ~~~</ManufactureName>
      <ManufactureCountry />
      <ManufactureItemDescription />
      <UnitQty>י"ח</UnitQty>
      <Quantity>30</Quantity>
      <UnitMeasure>י"ח</UnitMeasure>
      <BisWeighted>0</BisWeighted>
      <QtyInPackage>1</QtyInPackage>
      <ItemPrice>12.90</ItemPrice>
      <UnitOfMeasurePrice>0.43</UnitOfMeasurePrice>
      <AllowDiscount>1</AllowDiscount>
      <itemStatus>1</itemStatus>
      <LastUpdateDate />
      <LastUpdateTime />
    </Product>
    <Product>
      <PriceUpdateDate>2013/12/09 17:41</PriceUpdateDate>
      <ItemCode>4791021004530</ItemCode>
      <ItemType>1</ItemType>
      <ItemName>תה ירוק אוכמניות  2ג 25שקיות 1/6</ItemName>
      <ManufactureName>דברים טובים סגל ~~~</ManufactureName>
      <ManufactureCountry />
      <ManufactureItemDescription />
      <UnitQty>י"ח</UnitQty>
      <Quantity>25</Quantity>
      <UnitMeasure>י"ח</UnitMeasure>
      <BisWeighted>0</BisWeighted>
      <QtyInPackage>1</QtyInPackage>
      <ItemPrice>12.90</ItemPrice>
      <UnitOfMeasurePrice>0.52</UnitOfMeasurePrice>
      <AllowDiscount>1</AllowDiscount>
      <itemStatus>1</itemStatus>
      <LastUpdateDate />
      <LastUpdateTime />
    </Product>
    <Product>
      <PriceUpdateDate>2013/12/09 17:41</PriceUpdateDate>
      <ItemCode>4791021004554</ItemCode>
      <ItemType>1</ItemType>
      <ItemName>תה ירוק מנטה   2ג 25שקיות 1/6</ItemName>
      <ManufactureName>דברים טובים סגל ~~~</ManufactureName>
      <ManufactureCountry />
      <ManufactureItemDescription />
      <UnitQty>י"ח</UnitQty>
      <Quantity>25</Quantity>
      <UnitMeasure>י"ח</UnitMeasure>
      <BisWeighted>0</BisWeighted>
      <QtyInPackage>1</QtyInPackage>
      <ItemPrice>12.90</ItemPrice>
      <UnitOfMeasurePrice>0.52</UnitOfMeasurePrice>
      <AllowDiscount>1</AllowDiscount>
      <itemStatus>1</itemStatus>
      <LastUpdateDate />
      <LastUpdateTime />
    </Product>
    <Product>
      <PriceUpdateDate>2013/12/09 17:41</PriceUpdateDate>
      <ItemCode>4791021006695</ItemCode>
      <ItemType>1</ItemType>
      <ItemName>תה ירוק יסמין 2ג 25שקיות 1/6</ItemName>
      <ManufactureName>דברים טובים סגל ~~~</ManufactureName>
      <ManufactureCountry />
      <ManufactureItemDescription />
      <UnitQty>י"ח</UnitQty>
      <Quantity>25</Quantity>
      <UnitMeasure>י"ח</UnitMeasure>
      <BisWeighted>0</BisWeighted>
      <QtyInPackage>1</QtyInPackage>
      <ItemPrice>12.90</ItemPrice>
      <UnitOfMeasurePrice>0.52</UnitOfMeasurePrice>
      <AllowDiscount>1</AllowDiscount>
      <itemStatus>1</itemStatus>
      <LastUpdateDate />
      <LastUpdateTime />
    </Product>
    <Product>
      <PriceUpdateDate>2013/12/09 17:41</PriceUpdateDate>
      <ItemCode>4791021009399</ItemCode>
      <ItemType>1</ItemType>
      <ItemName>תה ירוק    2ג 25שקיות 1/6</ItemName>
      <ManufactureName>דברים טובים סגל ~~~</ManufactureName>
      <ManufactureCountry />
      <ManufactureItemDescription />
      <UnitQty>י"ח</UnitQty>
      <Quantity>25</Quantity>
      <UnitMeasure>י"ח</UnitMeasure>
      <BisWeighted>0</BisWeighted>
      <QtyInPackage>1</QtyInPackage>
      <ItemPrice>12.90</ItemPrice>
      <UnitOfMeasurePrice>0.52</UnitOfMeasurePrice>
      <AllowDiscount>1</AllowDiscount>
      <itemStatus>1</itemStatus>
      <LastUpdateDate />
      <LastUpdateTime />
    </Product>
    <Product>
      <PriceUpdateDate>2013/12/09 17:41</PriceUpdateDate>
      <ItemCode>4791021901969</ItemCode>
      <ItemType>1</ItemType>
      <ItemName>תה ירוק    25+5ש חמוציות</ItemName>
      <ManufactureName>דברים טובים סגל ~~~</ManufactureName>
      <ManufactureCountry />
      <ManufactureItemDescription />
      <UnitQty>י"ח</UnitQty>
      <Quantity>25</Quantity>
      <UnitMeasure>י"ח</UnitMeasure>
      <BisWeighted>0</BisWeighted>
      <QtyInPackage>1</QtyInPackage>
      <ItemPrice>12.90</ItemPrice>
      <UnitOfMeasurePrice>0.52</UnitOfMeasurePrice>
      <AllowDiscount>1</AllowDiscount>
      <itemStatus>1</itemStatus>
      <LastUpdateDate />
      <LastUpdateTime />
    </Product>
    <Product>
      <PriceUpdateDate>2013/12/09 17:41</PriceUpdateDate>
      <ItemCode>4791021901983</ItemCode>
      <ItemType>1</ItemType>
      <ItemName>תה ירוק    25+5ש צאי מסלה</ItemName>
      <ManufactureName>דברים טובים סגל ~~~</ManufactureName>
      <ManufactureCountry />
      <ManufactureItemDescription />
      <UnitQty>י"ח</UnitQty>
      <Quantity>25</Quantity>
      <UnitMeasure>י"ח</UnitMeasure>
      <BisWeighted>0</BisWeighted>
      <QtyInPackage>1</QtyInPackage>
      <ItemPrice>12.90</ItemPrice>
      <UnitOfMeasurePrice>0.52</UnitOfMeasurePrice>
      <AllowDiscount>1</AllowDiscount>
      <itemStatus>1</itemStatus>
      <LastUpdateDate />
      <LastUpdateTime />
    </Product>
    <Product>
      <PriceUpdateDate>2013/12/09 17:41</PriceUpdateDate>
      <ItemCode>4791021904861</ItemCode>
      <ItemType>1</ItemType>
      <ItemName>תה ירוק    25+5ש גנגיר</ItemName>
      <ManufactureName>דברים טובים סגל ~~~</ManufactureName>
      <ManufactureCountry />
      <ManufactureItemDescription />
      <UnitQty>י"ח</UnitQty>
      <Quantity>25</Quantity>
      <UnitMeasure>י"ח</UnitMeasure>
      <BisWeighted>0</BisWeighted>
      <QtyInPackage>1</QtyInPackage>
      <ItemPrice>12.90</ItemPrice>
      <UnitOfMeasurePrice>0.52</UnitOfMeasurePrice>
      <AllowDiscount>1</AllowDiscount>
      <itemStatus>1</itemStatus>
      <LastUpdateDate />
      <LastUpdateTime />
    </Product>
    <Product>
      <PriceUpdateDate>2013/12/09 17:41</PriceUpdateDate>
      <ItemCode>4791021904878</ItemCode>
      <ItemType>1</ItemType>
      <ItemName>תה ירוק    25+5ש ג נסינג</ItemName>
      <ManufactureName>דברים טובים סגל ~~~</ManufactureName>
      <ManufactureCountry />
      <ManufactureItemDescription />
      <UnitQty>י"ח</UnitQty>
      <Quantity>25</Quantity>
      <UnitMeasure>י"ח</UnitMeasure>
      <BisWeighted>0</BisWeighted>
      <QtyInPackage>1</QtyInPackage>
      <ItemPrice>12.90</ItemPrice>
      <UnitOfMeasurePrice>0.52</UnitOfMeasurePrice>
      <AllowDiscount>1</AllowDiscount>
      <itemStatus>1</itemStatus>
      <LastUpdateDate />
      <LastUpdateTime />
    </Product>
    <Product>
      <PriceUpdateDate>2018/07/30 13:26</PriceUpdateDate>
      <ItemCode>4791021944720</ItemCode>
      <ItemType>1</ItemType>
      <ItemName>תה ארלגרי 2 גרם  100</ItemName>
      <ManufactureName>דברים טובים סגל ~~~</ManufactureName>
      <ManufactureCountry />
      <ManufactureItemDescription />
      <UnitQty>י"ח</UnitQty>
      <Quantity>200</Quantity>
      <UnitMeasure>ל  גרם</UnitMeasure>
      <BisWeighted>0</BisWeighted>
      <QtyInPackage>1</QtyInPackage>
      <ItemPrice>21.90</ItemPrice>
      <UnitOfMeasurePrice>10.95</UnitOfMeasurePrice>
      <AllowDiscount>1</AllowDiscount>
      <itemStatus>1</itemStatus>
      <LastUpdateDate />
      <LastUpdateTime />
    </Product>
    <Product>
      <PriceUpdateDate>2013/12/24 14:35</PriceUpdateDate>
      <ItemCode>4801234159856</ItemCode>
      <ItemType>1</ItemType>
      <ItemName>גלייד מיני ג ל בניחוח מרכך כביסה</ItemName>
      <ManufactureName>דנשר (1963) בעמ</ManufactureName>
      <ManufactureCountry />
      <ManufactureItemDescription />
      <UnitQty>י"ח</UnitQty>
      <Quantity>75</Quantity>
      <UnitMeasure>ל  גרם</UnitMeasure>
      <BisWeighted>0</BisWeighted>
      <QtyInPackage>1</QtyInPackage>
      <ItemPrice>9.20</ItemPrice>
      <UnitOfMeasurePrice>12.27</UnitOfMeasurePrice>
      <AllowDiscount>1</AllowDiscount>
      <itemStatus>1</itemStatus>
      <LastUpdateDate />
      <LastUpdateTime />
    </Product>
    <Product>
      <PriceUpdateDate>2013/12/24 14:35</PriceUpdateDate>
      <ItemCode>4801234159863</ItemCode>
      <ItemType>1</ItemType>
      <ItemName>גלייד מיני ג ל  בניחוח חבצלות ופרחי בר</ItemName>
      <ManufactureName>דנשר (1963) בעמ</ManufactureName>
      <ManufactureCountry />
      <ManufactureItemDescription />
      <UnitQty>י"ח</UnitQty>
      <Quantity>75</Quantity>
      <UnitMeasure>ל  גרם</UnitMeasure>
      <BisWeighted>0</BisWeighted>
      <QtyInPackage>1</QtyInPackage>
      <ItemPrice>9.20</ItemPrice>
      <UnitOfMeasurePrice>12.27</UnitOfMeasurePrice>
      <AllowDiscount>1</AllowDiscount>
      <itemStatus>1</itemStatus>
      <LastUpdateDate />
      <LastUpdateTime />
    </Product>
    <Product>
      <PriceUpdateDate>2018/05/17 08:51</PriceUpdateDate>
      <ItemCode>4820163121437</ItemCode>
      <ItemType>1</ItemType>
      <ItemName>וודקה חורטיציה פלטינום 700.</ItemName>
      <ManufactureName>א.ג.ת.ד. שיווק והפצה</ManufactureName>
      <ManufactureCountry />
      <ManufactureItemDescription />
      <UnitQty>י"ח</UnitQty>
      <Quantity>700</Quantity>
      <UnitMeasure>ל  מ"ל</UnitMeasure>
      <BisWeighted>0</BisWeighted>
      <QtyInPackage>1</QtyInPackage>
      <ItemPrice>59.90</ItemPrice>
      <UnitOfMeasurePrice>8.51</UnitOfMeasurePrice>
      <AllowDiscount>1</AllowDiscount>
      <itemStatus>1</itemStatus>
      <LastUpdateDate />
      <LastUpdateTime />
    </Product>
    <Product>
      <PriceUpdateDate>2016/09/20 14:30</PriceUpdateDate>
      <ItemCode>4820163121550</ItemCode>
      <ItemType>1</ItemType>
      <ItemName>וודקה חורטיצה סילבר.700</ItemName>
      <ManufactureName>א.ג.ת.ד. שיווק והפצה</ManufactureName>
      <ManufactureCountry />
      <ManufactureItemDescription />
      <UnitQty>י"ח</UnitQty>
      <Quantity>700</Quantity>
      <UnitMeasure>ל  מ"ל</UnitMeasure>
      <BisWeighted>0</BisWeighted>
      <QtyInPackage>1</QtyInPackage>
      <ItemPrice>64.90</ItemPrice>
      <UnitOfMeasurePrice>9.23</UnitOfMeasurePrice>
      <AllowDiscount>1</AllowDiscount>
      <itemStatus>1</itemStatus>
      <LastUpdateDate />
      <LastUpdateTime />
    </Product>
    <Product>
      <PriceUpdateDate>2019/04/16 08:37</PriceUpdateDate>
      <ItemCode>4891199178474</ItemCode>
      <ItemType>1</ItemType>
      <ItemName>סוללות סופר אלקליין (שמינייה)AA C8</ItemName>
      <ManufactureName>סמיקום לקסיס בעמ</ManufactureName>
      <ManufactureCountry />
      <ManufactureItemDescription />
      <UnitQty>י"ח</UnitQty>
      <Quantity>1</Quantity>
      <UnitMeasure />
      <BisWeighted>0</BisWeighted>
      <QtyInPackage>1</QtyInPackage>
      <ItemPrice>13.90</ItemPrice>
      <UnitOfMeasurePrice>13.90</UnitOfMeasurePrice>
      <AllowDiscount>1</AllowDiscount>
      <itemStatus>1</itemStatus>
      <LastUpdateDate />
      <LastUpdateTime />
    </Product>
    <Product>
      <PriceUpdateDate>2019/04/16 08:37</PriceUpdateDate>
      <ItemCode>4891199178504</ItemCode>
      <ItemType>1</ItemType>
      <ItemName>סוללות סופר אלקליין(שמינייה) AAA C8</ItemName>
      <ManufactureName>סמיקום לקסיס בעמ</ManufactureName>
      <ManufactureCountry />
      <ManufactureItemDescription />
      <UnitQty>י"ח</UnitQty>
      <Quantity>1</Quantity>
      <UnitMeasure />
      <BisWeighted>0</BisWeighted>
      <QtyInPackage>1</QtyInPackage>
      <ItemPrice>13.90</ItemPrice>
      <UnitOfMeasurePrice>13.90</UnitOfMeasurePrice>
      <AllowDiscount>1</AllowDiscount>
      <itemStatus>1</itemStatus>
      <LastUpdateDate />
      <LastUpdateTime />
    </Product>
    <Product>
      <PriceUpdateDate>2017/01/23 08:30</PriceUpdateDate>
      <ItemCode>4891228480110</ItemCode>
      <ItemType>1</ItemType>
      <ItemName>שיק קוואטרו רב פעמי נשים מכשיר</ItemName>
      <ManufactureName>ש.שסטוביץ בעמ</ManufactureName>
      <ManufactureCountry />
      <ManufactureItemDescription />
      <UnitQty>י"ח</UnitQty>
      <Quantity>1</Quantity>
      <UnitMeasure />
      <BisWeighted>0</BisWeighted>
      <QtyInPackage>1</QtyInPackage>
      <ItemPrice>29.90</ItemPrice>
      <UnitOfMeasurePrice>29.90</UnitOfMeasurePrice>
      <AllowDiscount>1</AllowDiscount>
      <itemStatus>1</itemStatus>
      <LastUpdateDate />
      <LastUpdateTime />
    </Product>
    <Product>
      <PriceUpdateDate>2019/02/14 08:31</PriceUpdateDate>
      <ItemCode>4895149077565</ItemCode>
      <ItemType>1</ItemType>
      <ItemName>נורת לד  60W מקבילה אור צהוב</ItemName>
      <ManufactureName>פוגיקום בעמ</ManufactureName>
      <ManufactureCountry />
      <ManufactureItemDescription />
      <UnitQty>י"ח</UnitQty>
      <Quantity>1</Quantity>
      <UnitMeasure />
      <BisWeighted>0</BisWeighted>
      <QtyInPackage>1</QtyInPackage>
      <ItemPrice>14.90</ItemPrice>
      <UnitOfMeasurePrice>14.90</UnitOfMeasurePrice>
      <AllowDiscount>1</AllowDiscount>
      <itemStatus>1</itemStatus>
      <LastUpdateDate />
      <LastUpdateTime />
    </Product>
    <Product>
      <PriceUpdateDate>2017/05/11 10:18</PriceUpdateDate>
      <ItemCode>5000146980322</ItemCode>
      <ItemType>1</ItemType>
      <ItemName>ויט רקם הסרת שיער פרחים 100מ"ל</ItemName>
      <ManufactureName>רקיט בנקיזר (ניר איסט) בעמ</ManufactureName>
      <ManufactureCountry />
      <ManufactureItemDescription />
      <UnitQty>י"ח</UnitQty>
      <Quantity>100</Quantity>
      <UnitMeasure>ל  מ"ל</UnitMeasure>
      <BisWeighted>0</BisWeighted>
      <QtyInPackage>1</QtyInPackage>
      <ItemPrice>29.90</ItemPrice>
      <UnitOfMeasurePrice>29.90</UnitOfMeasurePrice>
      <AllowDiscount>1</AllowDiscount>
      <itemStatus>1</itemStatus>
      <LastUpdateDate />
      <LastUpdateTime />
    </Product>
    <Product>
      <PriceUpdateDate>2019/04/19 08:20</PriceUpdateDate>
      <ItemCode>5000168186597</ItemCode>
      <ItemType>1</ItemType>
      <ItemName>מקוויטיס ביסקוויט שיבולת שועל מצופה 30</ItemName>
      <ManufactureName>תה ויסוצקי (ישראל)בעמ</ManufactureName>
      <ManufactureCountry />
      <ManufactureItemDescription />
      <UnitQty>י"ח</UnitQty>
      <Quantity>300</Quantity>
      <UnitMeasure>ל  גרם</UnitMeasure>
      <BisWeighted>0</BisWeighted>
      <QtyInPackage>1</QtyInPackage>
      <ItemPrice>11.90</ItemPrice>
      <UnitOfMeasurePrice>3.97</UnitOfMeasurePrice>
      <AllowDiscount>1</AllowDiscount>
      <itemStatus>1</itemStatus>
      <LastUpdateDate />
      <LastUpdateTime />
    </Product>
    <Product>
      <PriceUpdateDate>2019/06/11 08:56</PriceUpdateDate>
      <ItemCode>5000168191898</ItemCode>
      <ItemType>1</ItemType>
      <ItemName>מקוויטיס ביסקוויט מצופה שוקולד 200ג</ItemName>
      <ManufactureName>תה ויסוצקי (ישראל)בעמ</ManufactureName>
      <ManufactureCountry />
      <ManufactureItemDescription />
      <UnitQty>י"ח</UnitQty>
      <Quantity>225</Quantity>
      <UnitMeasure>ל  גרם</UnitMeasure>
      <BisWeighted>0</BisWeighted>
      <QtyInPackage>1</QtyInPackage>
      <ItemPrice>11.90</ItemPrice>
      <UnitOfMeasurePrice>5.29</UnitOfMeasurePrice>
      <AllowDiscount>1</AllowDiscount>
      <itemStatus>1</itemStatus>
      <LastUpdateDate />
      <LastUpdateTime />
    </Product>
    <Product>
      <PriceUpdateDate>2019/06/11 08:56</PriceUpdateDate>
      <ItemCode>5000168193076</ItemCode>
      <ItemType>1</ItemType>
      <ItemName>מקוויטיס ביסקוויט הובנובס שוקולד 225ג</ItemName>
      <ManufactureName>תה ויסוצקי (ישראל)בעמ</ManufactureName>
      <ManufactureCountry />
      <ManufactureItemDescription />
      <UnitQty>י"ח</UnitQty>
      <Quantity>225</Quantity>
      <UnitMeasure>ל  גרם</UnitMeasure>
      <BisWeighted>0</BisWeighted>
      <QtyInPackage>1</QtyInPackage>
      <ItemPrice>11.90</ItemPrice>
      <UnitOfMeasurePrice>5.29</UnitOfMeasurePrice>
      <AllowDiscount>1</AllowDiscount>
      <itemStatus>1</itemStatus>
      <LastUpdateDate />
      <LastUpdateTime />
    </Product>
    <Product>
      <PriceUpdateDate>2019/12/05 08:48</PriceUpdateDate>
      <ItemCode>5000204114867</ItemCode>
      <ItemType>1</ItemType>
      <ItemName>גלייד אורסול בניחוח וניל</ItemName>
      <ManufactureName>דנשר (1963) בעמ</ManufactureName>
      <ManufactureCountry />
      <ManufactureItemDescription />
      <UnitQty>י"ח</UnitQty>
      <Quantity>300</Quantity>
      <UnitMeasure>ל  מ"ל</UnitMeasure>
      <BisWeighted>0</BisWeighted>
      <QtyInPackage>1</QtyInPackage>
      <ItemPrice>9.90</ItemPrice>
      <UnitOfMeasurePrice>3.30</UnitOfMeasurePrice>
      <AllowDiscount>1</AllowDiscount>
      <itemStatus>1</itemStatus>
      <LastUpdateDate />
      <LastUpdateTime />
    </Product>
    <Product>
      <PriceUpdateDate>2019/12/05 08:48</PriceUpdateDate>
      <ItemCode>5000204114898</ItemCode>
      <ItemType>1</ItemType>
      <ItemName>גלייד אורסול בניחוח מרכך כביסה.</ItemName>
      <ManufactureName>דנשר (1963) בעמ</ManufactureName>
      <ManufactureCountry />
      <ManufactureItemDescription />
      <UnitQty>י"ח</UnitQty>
      <Quantity>300</Quantity>
      <UnitMeasure>ל  מ"ל</UnitMeasure>
      <BisWeighted>0</BisWeighted>
      <QtyInPackage>1</QtyInPackage>
      <ItemPrice>9.90</ItemPrice>
      <UnitOfMeasurePrice>3.30</UnitOfMeasurePrice>
      <AllowDiscount>1</AllowDiscount>
      <itemStatus>1</itemStatus>
      <LastUpdateDate />
      <LastUpdateTime />
    </Product>
    <Product>
      <PriceUpdateDate>2019/12/05 08:48</PriceUpdateDate>
      <ItemCode>5000204114928</ItemCode>
      <ItemType>1</ItemType>
      <ItemName>גלייד אורסול בניחוח דובדבן</ItemName>
      <ManufactureName>דנשר (1963) בעמ</ManufactureName>
      <ManufactureCountry />
      <ManufactureItemDescription />
      <UnitQty>י"ח</UnitQty>
      <Quantity>300</Quantity>
      <UnitMeasure>ל  מ"ל</UnitMeasure>
      <BisWeighted>0</BisWeighted>
      <QtyInPackage>1</QtyInPackage>
      <ItemPrice>9.90</ItemPrice>
      <UnitOfMeasurePrice>3.30</UnitOfMeasurePrice>
      <AllowDiscount>1</AllowDiscount>
      <itemStatus>1</itemStatus>
      <LastUpdateDate />
      <LastUpdateTime />
    </Product>
    <Product>
      <PriceUpdateDate>2019/12/05 08:48</PriceUpdateDate>
      <ItemCode>5000204114959</ItemCode>
      <ItemType>1</ItemType>
      <ItemName>גלייד אורסול בניחוח ספא</ItemName>
      <ManufactureName>דנשר (1963) בעמ</ManufactureName>
      <ManufactureCountry />
      <ManufactureItemDescription />
      <UnitQty>י"ח</UnitQty>
      <Quantity>300</Quantity>
      <UnitMeasure>ל  מ"ל</UnitMeasure>
      <BisWeighted>0</BisWeighted>
      <QtyInPackage>1</QtyInPackage>
      <ItemPrice>9.90</ItemPrice>
      <UnitOfMeasurePrice>3.30</UnitOfMeasurePrice>
      <AllowDiscount>1</AllowDiscount>
      <itemStatus>1</itemStatus>
      <LastUpdateDate />
      <LastUpdateTime />
    </Product>
    <Product>
      <PriceUpdateDate>2019/12/05 08:48</PriceUpdateDate>
      <ItemCode>5000204114980</ItemCode>
      <ItemType>1</ItemType>
      <ItemName>גלייד אורסול בניחוח אודיסאה הכחולה</ItemName>
      <ManufactureName>דנשר (1963) בעמ</ManufactureName>
      <ManufactureCountry />
      <ManufactureItemDescription />
      <UnitQty>י"ח</UnitQty>
      <Quantity>300</Quantity>
      <UnitMeasure>ל  מ"ל</UnitMeasure>
      <BisWeighted>0</BisWeighted>
      <QtyInPackage>1</QtyInPackage>
      <ItemPrice>9.90</ItemPrice>
      <UnitOfMeasurePrice>3.30</UnitOfMeasurePrice>
      <AllowDiscount>1</AllowDiscount>
      <itemStatus>1</itemStatus>
      <LastUpdateDate />
      <LastUpdateTime />
    </Product>
    <Product>
      <PriceUpdateDate>2019/12/05 08:48</PriceUpdateDate>
      <ItemCode>5000204115048</ItemCode>
      <ItemType>1</ItemType>
      <ItemName>גלייד אורסול בניחוח לבנדר</ItemName>
      <ManufactureName>דנשר (1963) בעמ</ManufactureName>
      <ManufactureCountry />
      <ManufactureItemDescription />
      <UnitQty>י"ח</UnitQty>
      <Quantity>300</Quantity>
      <UnitMeasure>ל  מ"ל</UnitMeasure>
      <BisWeighted>0</BisWeighted>
      <QtyInPackage>1</QtyInPackage>
      <ItemPrice>9.90</ItemPrice>
      <UnitOfMeasurePrice>3.30</UnitOfMeasurePrice>
      <AllowDiscount>1</AllowDiscount>
      <itemStatus>1</itemStatus>
      <LastUpdateDate />
      <LastUpdateTime />
    </Product>
    <Product>
      <PriceUpdateDate>2019/12/04 07:48</PriceUpdateDate>
      <ItemCode>5000204120745</ItemCode>
      <ItemType>1</ItemType>
      <ItemName>גלייד מוצק בניחוח לבנדר</ItemName>
      <ManufactureName>דנשר (1963) בעמ</ManufactureName>
      <ManufactureCountry />
      <ManufactureItemDescription />
      <UnitQty>י"ח</UnitQty>
      <Quantity>1</Quantity>
      <UnitMeasure />
      <BisWeighted>0</BisWeighted>
      <QtyInPackage>1</QtyInPackage>
      <ItemPrice>9.90</ItemPrice>
      <UnitOfMeasurePrice>9.90</UnitOfMeasurePrice>
      <AllowDiscount>1</AllowDiscount>
      <itemStatus>1</itemStatus>
      <LastUpdateDate />
      <LastUpdateTime />
    </Product>
    <Product>
      <PriceUpdateDate>2019/12/04 07:48</PriceUpdateDate>
      <ItemCode>5000204120776</ItemCode>
      <ItemType>1</ItemType>
      <ItemName>גלייד מוצק בניחוח מרכך כביסה</ItemName>
      <ManufactureName>דנשר (1963) בעמ</ManufactureName>
      <ManufactureCountry />
      <ManufactureItemDescription />
      <UnitQty>י"ח</UnitQty>
      <Quantity>1</Quantity>
      <UnitMeasure />
      <BisWeighted>0</BisWeighted>
      <QtyInPackage>1</QtyInPackage>
      <ItemPrice>9.90</ItemPrice>
      <UnitOfMeasurePrice>9.90</UnitOfMeasurePrice>
      <AllowDiscount>1</AllowDiscount>
      <itemStatus>1</itemStatus>
      <LastUpdateDate />
      <LastUpdateTime />
    </Product>
    <Product>
      <PriceUpdateDate>2019/12/05 08:48</PriceUpdateDate>
      <ItemCode>5000204138122</ItemCode>
      <ItemType>1</ItemType>
      <ItemName>גלייד אורסול בניחוח ספא</ItemName>
      <ManufactureName>דנשר (1963) בעמ</ManufactureName>
      <ManufactureCountry />
      <ManufactureItemDescription />
      <UnitQty>י"ח</UnitQty>
      <Quantity>300</Quantity>
      <UnitMeasure>ל  מ"ל</UnitMeasure>
      <BisWeighted>0</BisWeighted>
      <QtyInPackage>1</QtyInPackage>
      <ItemPrice>9.90</ItemPrice>
      <UnitOfMeasurePrice>3.30</UnitOfMeasurePrice>
      <AllowDiscount>1</AllowDiscount>
      <itemStatus>1</itemStatus>
      <LastUpdateDate />
      <LastUpdateTime />
    </Product>
    <Product>
      <PriceUpdateDate>2019/12/05 08:48</PriceUpdateDate>
      <ItemCode>5000204139525</ItemCode>
      <ItemType>1</ItemType>
      <ItemName>דאק סבון ניקוי לאסלה בניחוח פנטזיה</ItemName>
      <ManufactureName>דנשר (1963) בעמ</ManufactureName>
      <ManufactureCountry />
      <ManufactureItemDescription />
      <UnitQty>י"ח</UnitQty>
      <Quantity>30</Quantity>
      <UnitMeasure>ל  מ"ל</UnitMeasure>
      <BisWeighted>0</BisWeighted>
      <QtyInPackage>1</QtyInPackage>
      <ItemPrice>9.90</ItemPrice>
      <UnitOfMeasurePrice>33</UnitOfMeasurePrice>
      <AllowDiscount>1</AllowDiscount>
      <itemStatus>1</itemStatus>
      <LastUpdateDate />
      <LastUpdateTime />
    </Product>
    <Product>
      <PriceUpdateDate>2019/12/04 07:48</PriceUpdateDate>
      <ItemCode>5000204139556</ItemCode>
      <ItemType>1</ItemType>
      <ItemName>דאק ג`ל נוזל לניקוי בניחוח פירות</ItemName>
      <ManufactureName>דנשר (1963) בעמ</ManufactureName>
      <ManufactureCountry />
      <ManufactureItemDescription />
      <UnitQty>י"ח</UnitQty>
      <Quantity>750</Quantity>
      <UnitMeasure>ל  מ"ל</UnitMeasure>
      <BisWeighted>0</BisWeighted>
      <QtyInPackage>1</QtyInPackage>
      <ItemPrice>11.90</ItemPrice>
      <UnitOfMeasurePrice>1.59</UnitOfMeasurePrice>
      <AllowDiscount>1</AllowDiscount>
      <itemStatus>1</itemStatus>
      <LastUpdateDate />
      <LastUpdateTime />
    </Product>
    <Product>
      <PriceUpdateDate>2019/12/05 08:48</PriceUpdateDate>
      <ItemCode>5000204139587</ItemCode>
      <ItemType>1</ItemType>
      <ItemName>דאק סבון ניקוי לאסלה בפנטזיה פרחונית</ItemName>
      <ManufactureName>דנשר (1963) בעמ</ManufactureName>
      <ManufactureCountry />
      <ManufactureItemDescription />
      <UnitQty>י"ח</UnitQty>
      <Quantity>30</Quantity>
      <UnitMeasure>ל  מ"ל</UnitMeasure>
      <BisWeighted>0</BisWeighted>
      <QtyInPackage>1</QtyInPackage>
      <ItemPrice>11.90</ItemPrice>
      <UnitOfMeasurePrice>39.67</UnitOfMeasurePrice>
      <AllowDiscount>1</AllowDiscount>
      <itemStatus>1</itemStatus>
      <LastUpdateDate />
      <LastUpdateTime />
    </Product>
    <Product>
      <PriceUpdateDate>2019/12/04 07:48</PriceUpdateDate>
      <ItemCode>5000204139617</ItemCode>
      <ItemType>1</ItemType>
      <ItemName>דאק סבון ניקוי לאסלה בניחוח פירות ים</ItemName>
      <ManufactureName>דנשר (1963) בעמ</ManufactureName>
      <ManufactureCountry />
      <ManufactureItemDescription />
      <UnitQty>י"ח</UnitQty>
      <Quantity>30</Quantity>
      <UnitMeasure>ל  מ"ל</UnitMeasure>
      <BisWeighted>0</BisWeighted>
      <QtyInPackage>1</QtyInPackage>
      <ItemPrice>9.90</ItemPrice>
      <UnitOfMeasurePrice>33</UnitOfMeasurePrice>
      <AllowDiscount>1</AllowDiscount>
      <itemStatus>1</itemStatus>
      <LastUpdateDate />
      <LastUpdateTime />
    </Product>
    <Product>
      <PriceUpdateDate>2018/10/07 13:25</PriceUpdateDate>
      <ItemCode>5000299609347</ItemCode>
      <ItemType>1</ItemType>
      <ItemName>וויסקי גלנליווט פאונדרס ריזרב 700מ"ל</ItemName>
      <ManufactureName>טמפו משקאות בעמ</ManufactureName>
      <ManufactureCountry />
      <ManufactureItemDescription />
      <UnitQty>י"ח</UnitQty>
      <Quantity>700</Quantity>
      <UnitMeasure>ל  מ"ל</UnitMeasure>
      <BisWeighted>0</BisWeighted>
      <QtyInPackage>1</QtyInPackage>
      <ItemPrice>169.90</ItemPrice>
      <UnitOfMeasurePrice>24.23</UnitOfMeasurePrice>
      <AllowDiscount>1</AllowDiscount>
      <itemStatus>1</itemStatus>
      <LastUpdateDate />
      <LastUpdateTime />
    </Product>
    <Product>
      <PriceUpdateDate>2020/04/21 10:23</PriceUpdateDate>
      <ItemCode>5000329002193</ItemCode>
      <ItemType>1</ItemType>
      <ItemName>ג`ין ביפאיטר  700מ"ל</ItemName>
      <ManufactureName>טמפו משקאות בעמ</ManufactureName>
      <ManufactureCountry />
      <ManufactureItemDescription />
      <UnitQty>י"ח</UnitQty>
      <Quantity>700</Quantity>
      <UnitMeasure>ל  מ"ל</UnitMeasure>
      <BisWeighted>0</BisWeighted>
      <QtyInPackage>1</QtyInPackage>
      <ItemPrice>100.20</ItemPrice>
      <UnitOfMeasurePrice>14.27</UnitOfMeasurePrice>
      <AllowDiscount>1</AllowDiscount>
      <itemStatus>1</itemStatus>
      <LastUpdateDate />
      <LastUpdateTime />
    </Product>
    <Product>
      <PriceUpdateDate>2014/01/19 10:40</PriceUpdateDate>
      <ItemCode>5000347073540</ItemCode>
      <ItemType>1</ItemType>
      <ItemName>מברשת שיניים</ItemName>
      <ManufactureName>גורי ע.ע.ע. בעמ</ManufactureName>
      <ManufactureCountry />
      <ManufactureItemDescription />
      <UnitQty>י"ח</UnitQty>
      <Quantity>1</Quantity>
      <UnitMeasure />
      <BisWeighted>0</BisWeighted>
      <QtyInPackage>1</QtyInPackage>
      <ItemPrice>15</ItemPrice>
      <UnitOfMeasurePrice>15</UnitOfMeasurePrice>
      <AllowDiscount>1</AllowDiscount>
      <itemStatus>1</itemStatus>
      <LastUpdateDate />
      <LastUpdateTime />
    </Product>
    <Product>
      <PriceUpdateDate>2019/04/19 08:20</PriceUpdateDate>
      <ItemCode>5000396037531</ItemCode>
      <ItemType>1</ItemType>
      <ItemName>מקוויטיס ביסקוויט מצופה שוקולד חלב 200</ItemName>
      <ManufactureName>תה ויסוצקי (ישראל)בעמ</ManufactureName>
      <ManufactureCountry />
      <ManufactureItemDescription />
      <UnitQty>י"ח</UnitQty>
      <Quantity>200</Quantity>
      <UnitMeasure>ל  גרם</UnitMeasure>
      <BisWeighted>0</BisWeighted>
      <QtyInPackage>1</QtyInPackage>
      <ItemPrice>11.90</ItemPrice>
      <UnitOfMeasurePrice>5.95</UnitOfMeasurePrice>
      <AllowDiscount>1</AllowDiscount>
      <itemStatus>1</itemStatus>
      <LastUpdateDate />
      <LastUpdateTime />
    </Product>
    <Product>
      <PriceUpdateDate>2019/04/19 08:20</PriceUpdateDate>
      <ItemCode>5000396037548</ItemCode>
      <ItemType>1</ItemType>
      <ItemName>מקוויטיס ביסקוויט קלאסי 250גר</ItemName>
      <ManufactureName>תה ויסוצקי (ישראל)בעמ</ManufactureName>
      <ManufactureCountry />
      <ManufactureItemDescription />
      <UnitQty>י"ח</UnitQty>
      <Quantity>250</Quantity>
      <UnitMeasure>ל  גרם</UnitMeasure>
      <BisWeighted>0</BisWeighted>
      <QtyInPackage>1</QtyInPackage>
      <ItemPrice>11.90</ItemPrice>
      <UnitOfMeasurePrice>4.76</UnitOfMeasurePrice>
      <AllowDiscount>1</AllowDiscount>
      <itemStatus>1</itemStatus>
      <LastUpdateDate />
      <LastUpdateTime />
    </Product>
    <Product>
      <PriceUpdateDate>2019/04/19 08:20</PriceUpdateDate>
      <ItemCode>5000396037944</ItemCode>
      <ItemType>1</ItemType>
      <ItemName>מקוויטיס ביסקוויט קלאסי 250גר</ItemName>
      <ManufactureName>תה ויסוצקי (ישראל)בעמ</ManufactureName>
      <ManufactureCountry />
      <ManufactureItemDescription />
      <UnitQty>י"ח</UnitQty>
      <Quantity>250</Quantity>
      <UnitMeasure>ל  גרם</UnitMeasure>
      <BisWeighted>0</BisWeighted>
      <QtyInPackage>1</QtyInPackage>
      <ItemPrice>9.90</ItemPrice>
      <UnitOfMeasurePrice>3.96</UnitOfMeasurePrice>
      <AllowDiscount>1</AllowDiscount>
      <itemStatus>1</itemStatus>
      <LastUpdateDate />
      <LastUpdateTime />
    </Product>
    <Product>
      <PriceUpdateDate>2019/02/18 09:18</PriceUpdateDate>
      <ItemCode>5000396044100</ItemCode>
      <ItemType>1</ItemType>
      <ItemName>ניבלס חלב  80ג</ItemName>
      <ManufactureName>תה ויסוצקי (ישראל)בעמ</ManufactureName>
      <ManufactureCountry />
      <ManufactureItemDescription />
      <UnitQty>י"ח</UnitQty>
      <Quantity>80</Quantity>
      <UnitMeasure>ל  גרם</UnitMeasure>
      <BisWeighted>0</BisWeighted>
      <QtyInPackage>1</QtyInPackage>
      <ItemPrice>5.90</ItemPrice>
      <UnitOfMeasurePrice>7.38</UnitOfMeasurePrice>
      <AllowDiscount>1</AllowDiscount>
      <itemStatus>1</itemStatus>
      <LastUpdateDate />
      <LastUpdateTime />
    </Product>
    <Product>
      <PriceUpdateDate>2019/06/28 08:40</PriceUpdateDate>
      <ItemCode>5000396044140</ItemCode>
      <ItemType>1</ItemType>
      <ItemName>ניבלס חלב 80ג</ItemName>
      <ManufactureName>תה ויסוצקי (ישראל)בעמ</ManufactureName>
      <ManufactureCountry />
      <ManufactureItemDescription />
      <UnitQty>י"ח</UnitQty>
      <Quantity>80</Quantity>
      <UnitMeasure>ל  גרם</UnitMeasure>
      <BisWeighted>0</BisWeighted>
      <QtyInPackage>1</QtyInPackage>
      <ItemPrice>5.90</ItemPrice>
      <UnitOfMeasurePrice>7.38</UnitOfMeasurePrice>
      <AllowDiscount>1</AllowDiscount>
      <itemStatus>1</itemStatus>
      <LastUpdateDate />
      <LastUpdateTime />
    </Product>
    <Product>
      <PriceUpdateDate>2019/02/18 09:18</PriceUpdateDate>
      <ItemCode>5000396044164</ItemCode>
      <ItemType>1</ItemType>
      <ItemName>ניבלס מריר 80ג</ItemName>
      <ManufactureName>תה ויסוצקי (ישראל)בעמ</ManufactureName>
      <ManufactureCountry />
      <ManufactureItemDescription />
      <UnitQty>י"ח</UnitQty>
      <Quantity>80</Quantity>
      <UnitMeasure>ל  גרם</UnitMeasure>
      <BisWeighted>0</BisWeighted>
      <QtyInPackage>1</QtyInPackage>
      <ItemPrice>5.90</ItemPrice>
      <UnitOfMeasurePrice>7.38</UnitOfMeasurePrice>
      <AllowDiscount>1</AllowDiscount>
      <itemStatus>1</itemStatus>
      <LastUpdateDate />
      <LastUpdateTime />
    </Product>
    <Product>
      <PriceUpdateDate>2019/02/18 09:18</PriceUpdateDate>
      <ItemCode>5000396044188</ItemCode>
      <ItemType>1</ItemType>
      <ItemName>ניבלס דאבל 80ג</ItemName>
      <ManufactureName>תה ויסוצקי (ישראל)בעמ</ManufactureName>
      <ManufactureCountry />
      <ManufactureItemDescription />
      <UnitQty>י"ח</UnitQty>
      <Quantity>80</Quantity>
      <UnitMeasure>ל  גרם</UnitMeasure>
      <BisWeighted>0</BisWeighted>
      <QtyInPackage>1</QtyInPackage>
      <ItemPrice>5.90</ItemPrice>
      <UnitOfMeasurePrice>7.38</UnitOfMeasurePrice>
      <AllowDiscount>1</AllowDiscount>
      <itemStatus>1</itemStatus>
      <LastUpdateDate />
      <LastUpdateTime />
    </Product>
    <Product>
      <PriceUpdateDate>2018/05/15 09:17</PriceUpdateDate>
      <ItemCode>5010029000016</ItemCode>
      <ItemType>1</ItemType>
      <ItemName>דגנ בוקר וויטביקס מקורי 430ג</ItemName>
      <ManufactureName>ר.ב. מוצרי דגנים בעמ</ManufactureName>
      <ManufactureCountry />
      <ManufactureItemDescription />
      <UnitQty>י"ח</UnitQty>
      <Quantity>430</Quantity>
      <UnitMeasure>ל  גרם</UnitMeasure>
      <BisWeighted>0</BisWeighted>
      <QtyInPackage>1</QtyInPackage>
      <ItemPrice>23.90</ItemPrice>
      <UnitOfMeasurePrice>5.56</UnitOfMeasurePrice>
      <AllowDiscount>1</AllowDiscount>
      <itemStatus>1</itemStatus>
      <LastUpdateDate />
      <LastUpdateTime />
    </Product>
    <Product>
      <PriceUpdateDate>2018/05/15 09:17</PriceUpdateDate>
      <ItemCode>5010029221084</ItemCode>
      <ItemType>1</ItemType>
      <ItemName>דגנ בוקר וויטביקס פרוטאין קראנץ 450ג</ItemName>
      <ManufactureName>ר.ב. מוצרי דגנים בעמ</ManufactureName>
      <ManufactureCountry />
      <ManufactureItemDescription />
      <UnitQty>י"ח</UnitQty>
      <Quantity>450</Quantity>
      <UnitMeasure>ל  גרם</UnitMeasure>
      <BisWeighted>0</BisWeighted>
      <QtyInPackage>1</QtyInPackage>
      <ItemPrice>28.90</ItemPrice>
      <UnitOfMeasurePrice>6.42</UnitOfMeasurePrice>
      <AllowDiscount>1</AllowDiscount>
      <itemStatus>1</itemStatus>
      <LastUpdateDate />
      <LastUpdateTime />
    </Product>
    <Product>
      <PriceUpdateDate>2018/05/15 09:17</PriceUpdateDate>
      <ItemCode>5010029221091</ItemCode>
      <ItemType>1</ItemType>
      <ItemName>וויטביקס פרוטאין קראנץ עם שוקולד 450ג</ItemName>
      <ManufactureName>ר.ב. מוצרי דגנים בעמ</ManufactureName>
      <ManufactureCountry />
      <ManufactureItemDescription />
      <UnitQty>י"ח</UnitQty>
      <Quantity>450</Quantity>
      <UnitMeasure>ל  גרם</UnitMeasure>
      <BisWeighted>0</BisWeighted>
      <QtyInPackage>1</QtyInPackage>
      <ItemPrice>28.90</ItemPrice>
      <UnitOfMeasurePrice>6.42</UnitOfMeasurePrice>
      <AllowDiscount>1</AllowDiscount>
      <itemStatus>1</itemStatus>
      <LastUpdateDate />
      <LastUpdateTime />
    </Product>
    <Product>
      <PriceUpdateDate>2018/12/18 08:15</PriceUpdateDate>
      <ItemCode>5010182996799</ItemCode>
      <ItemType>1</ItemType>
      <ItemName>ג ל אסלה דאק</ItemName>
      <ManufactureName>דנשר (1963) בעמ</ManufactureName>
      <ManufactureCountry />
      <ManufactureItemDescription />
      <UnitQty>י"ח</UnitQty>
      <Quantity>1</Quantity>
      <UnitMeasure />
      <BisWeighted>0</BisWeighted>
      <QtyInPackage>1</QtyInPackage>
      <ItemPrice>11.90</ItemPrice>
      <UnitOfMeasurePrice>11.90</UnitOfMeasurePrice>
      <AllowDiscount>1</AllowDiscount>
      <itemStatus>1</itemStatus>
      <LastUpdateDate />
      <LastUpdateTime />
    </Product>
    <Product>
      <PriceUpdateDate>2013/12/24 14:35</PriceUpdateDate>
      <ItemCode>5010182997253</ItemCode>
      <ItemType>1</ItemType>
      <ItemName>RAID ארוסול מקס</ItemName>
      <ManufactureName>דנשר (1963) בעמ</ManufactureName>
      <ManufactureCountry />
      <ManufactureItemDescription />
      <UnitQty>י"ח</UnitQty>
      <Quantity>400</Quantity>
      <UnitMeasure>ל  מ"ל</UnitMeasure>
      <BisWeighted>0</BisWeighted>
      <QtyInPackage>1</QtyInPackage>
      <ItemPrice>20.40</ItemPrice>
      <UnitOfMeasurePrice>5.10</UnitOfMeasurePrice>
      <AllowDiscount>1</AllowDiscount>
      <itemStatus>1</itemStatus>
      <LastUpdateDate />
      <LastUpdateTime />
    </Product>
    <Product>
      <PriceUpdateDate>2018/12/18 08:15</PriceUpdateDate>
      <ItemCode>5010182997338</ItemCode>
      <ItemType>1</ItemType>
      <ItemName>ג ל דאק</ItemName>
      <ManufactureName>דנשר (1963) בעמ</ManufactureName>
      <ManufactureCountry />
      <ManufactureItemDescription />
      <UnitQty>י"ח</UnitQty>
      <Quantity>55</Quantity>
      <UnitMeasure>ל  גרם</UnitMeasure>
      <BisWeighted>0</BisWeighted>
      <QtyInPackage>1</QtyInPackage>
      <ItemPrice>11.90</ItemPrice>
      <UnitOfMeasurePrice>21.64</UnitOfMeasurePrice>
      <AllowDiscount>1</AllowDiscount>
      <itemStatus>1</itemStatus>
      <LastUpdateDate />
      <LastUpdateTime />
    </Product>
    <Product>
      <PriceUpdateDate>2018/12/18 08:15</PriceUpdateDate>
      <ItemCode>5010182997574</ItemCode>
      <ItemType>1</ItemType>
      <ItemName>טואלט דאק נוזל כתום 750מ"ל</ItemName>
      <ManufactureName>דנשר (1963) בעמ</ManufactureName>
      <ManufactureCountry />
      <ManufactureItemDescription />
      <UnitQty>י"ח</UnitQty>
      <Quantity>750</Quantity>
      <UnitMeasure>ל  מ"ל</UnitMeasure>
      <BisWeighted>0</BisWeighted>
      <QtyInPackage>1</QtyInPackage>
      <ItemPrice>11.90</ItemPrice>
      <UnitOfMeasurePrice>1.59</UnitOfMeasurePrice>
      <AllowDiscount>1</AllowDiscount>
      <itemStatus>1</itemStatus>
      <LastUpdateDate />
      <LastUpdateTime />
    </Product>
    <Product>
      <PriceUpdateDate>2018/12/18 08:15</PriceUpdateDate>
      <ItemCode>5010182997918</ItemCode>
      <ItemType>1</ItemType>
      <ItemName>טואלט דק ג ל אסלה</ItemName>
      <ManufactureName>דנשר (1963) בעמ</ManufactureName>
      <ManufactureCountry />
      <ManufactureItemDescription />
      <UnitQty>י"ח</UnitQty>
      <Quantity>55</Quantity>
      <UnitMeasure>ל  גרם</UnitMeasure>
      <BisWeighted>0</BisWeighted>
      <QtyInPackage>1</QtyInPackage>
      <ItemPrice>11.90</ItemPrice>
      <UnitOfMeasurePrice>21.64</UnitOfMeasurePrice>
      <AllowDiscount>1</AllowDiscount>
      <itemStatus>1</itemStatus>
      <LastUpdateDate />
      <LastUpdateTime />
    </Product>
    <Product>
      <PriceUpdateDate>2018/12/18 08:15</PriceUpdateDate>
      <ItemCode>5010182998847</ItemCode>
      <ItemType>1</ItemType>
      <ItemName>טואלט דאק נוזל כחול 750מ"ל</ItemName>
      <ManufactureName>דנשר (1963) בעמ</ManufactureName>
      <ManufactureCountry />
      <ManufactureItemDescription />
      <UnitQty>י"ח</UnitQty>
      <Quantity>750</Quantity>
      <UnitMeasure>ל  מ"ל</UnitMeasure>
      <BisWeighted>0</BisWeighted>
      <QtyInPackage>1</QtyInPackage>
      <ItemPrice>11.90</ItemPrice>
      <UnitOfMeasurePrice>1.59</UnitOfMeasurePrice>
      <AllowDiscount>1</AllowDiscount>
      <itemStatus>1</itemStatus>
      <LastUpdateDate />
      <LastUpdateTime />
    </Product>
    <Product>
      <PriceUpdateDate>2018/12/18 08:15</PriceUpdateDate>
      <ItemCode>5010182998861</ItemCode>
      <ItemType>1</ItemType>
      <ItemName>טואלט דאק נוזל ירוק 750מ"ל</ItemName>
      <ManufactureName>דנשר (1963) בעמ</ManufactureName>
      <ManufactureCountry />
      <ManufactureItemDescription />
      <UnitQty>י"ח</UnitQty>
      <Quantity>750</Quantity>
      <UnitMeasure>ל  מ"ל</UnitMeasure>
      <BisWeighted>0</BisWeighted>
      <QtyInPackage>1</QtyInPackage>
      <ItemPrice>11.90</ItemPrice>
      <UnitOfMeasurePrice>1.59</UnitOfMeasurePrice>
      <AllowDiscount>1</AllowDiscount>
      <itemStatus>1</itemStatus>
      <LastUpdateDate />
      <LastUpdateTime />
    </Product>
    <Product>
      <PriceUpdateDate>2016/05/02 17:51</PriceUpdateDate>
      <ItemCode>5011007003005</ItemCode>
      <ItemType>1</ItemType>
      <ItemName>גיימסון 700 מ"ל</ItemName>
      <ManufactureName>טמפו משקאות בעמ</ManufactureName>
      <ManufactureCountry />
      <ManufactureItemDescription />
      <UnitQty>י"ח</UnitQty>
      <Quantity>700</Quantity>
      <UnitMeasure>ל  מ"ל</UnitMeasure>
      <BisWeighted>0</BisWeighted>
      <QtyInPackage>1</QtyInPackage>
      <ItemPrice>99.90</ItemPrice>
      <UnitOfMeasurePrice>14.23</UnitOfMeasurePrice>
      <AllowDiscount>1</AllowDiscount>
      <itemStatus>1</itemStatus>
      <LastUpdateDate />
      <LastUpdateTime />
    </Product>
    <Product>
      <PriceUpdateDate>2016/06/16 13:43</PriceUpdateDate>
      <ItemCode>5011408053234</ItemCode>
      <ItemType>1</ItemType>
      <ItemName>לוריאל טריפל קרם לחות אינט רגיל 50מ"ל</ItemName>
      <ManufactureName>לוריאל ישראל קוסמטיקס בעמ</ManufactureName>
      <ManufactureCountry />
      <ManufactureItemDescription />
      <UnitQty>י"ח</UnitQty>
      <Quantity>15</Quantity>
      <UnitMeasure>ל  מ"ל</UnitMeasure>
      <BisWeighted>0</BisWeighted>
      <QtyInPackage>1</QtyInPackage>
      <ItemPrice>50</ItemPrice>
      <UnitOfMeasurePrice>333.33</UnitOfMeasurePrice>
      <AllowDiscount>1</AllowDiscount>
      <itemStatus>1</itemStatus>
      <LastUpdateDate />
      <LastUpdateTime />
    </Product>
    <Product>
      <PriceUpdateDate>2016/06/16 07:56</PriceUpdateDate>
      <ItemCode>5011408063684</ItemCode>
      <ItemType>1</ItemType>
      <ItemName>סובלים סופט חלב פנים</ItemName>
      <ManufactureName>לוריאל ישראל קוסמטיקס בעמ</ManufactureName>
      <ManufactureCountry />
      <ManufactureItemDescription />
      <UnitQty>י"ח</UnitQty>
      <Quantity>1</Quantity>
      <UnitMeasure>י"ח</UnitMeasure>
      <BisWeighted>0</BisWeighted>
      <QtyInPackage>1</QtyInPackage>
      <ItemPrice>30</ItemPrice>
      <UnitOfMeasurePrice>30</UnitOfMeasurePrice>
      <AllowDiscount>1</AllowDiscount>
      <itemStatus>1</itemStatus>
      <LastUpdateDate />
      <LastUpdateTime />
    </Product>
    <Product>
      <PriceUpdateDate>2016/06/16 07:56</PriceUpdateDate>
      <ItemCode>5011408063691</ItemCode>
      <ItemType>1</ItemType>
      <ItemName>סובלים סופט מי פנים</ItemName>
      <ManufactureName>לוריאל ישראל קוסמטיקס בעמ</ManufactureName>
      <ManufactureCountry />
      <ManufactureItemDescription />
      <UnitQty>י"ח</UnitQty>
      <Quantity>1</Quantity>
      <UnitMeasure>י"ח</UnitMeasure>
      <BisWeighted>0</BisWeighted>
      <QtyInPackage>1</QtyInPackage>
      <ItemPrice>30</ItemPrice>
      <UnitOfMeasurePrice>30</UnitOfMeasurePrice>
      <AllowDiscount>1</AllowDiscount>
      <itemStatus>1</itemStatus>
      <LastUpdateDate />
      <LastUpdateTime />
    </Product>
    <Product>
      <PriceUpdateDate>2018/12/10 12:34</PriceUpdateDate>
      <ItemCode>5011417549193</ItemCode>
      <ItemType>1</ItemType>
      <ItemName>פיניש קוואנטו 20 טבליות</ItemName>
      <ManufactureName>רקיט בנקיזר (ניר איסט) בעמ</ManufactureName>
      <ManufactureCountry />
      <ManufactureItemDescription />
      <UnitQty>י"ח</UnitQty>
      <Quantity>432</Quantity>
      <UnitMeasure>ל  גרם</UnitMeasure>
      <BisWeighted>0</BisWeighted>
      <QtyInPackage>1</QtyInPackage>
      <ItemPrice>29.90</ItemPrice>
      <UnitOfMeasurePrice>6.92</UnitOfMeasurePrice>
      <AllowDiscount>1</AllowDiscount>
      <itemStatus>1</itemStatus>
      <LastUpdateDate />
      <LastUpdateTime />
    </Product>
    <Product>
      <PriceUpdateDate>2013/11/28 13:30</PriceUpdateDate>
      <ItemCode>5011417552247</ItemCode>
      <ItemType>1</ItemType>
      <ItemName>איירוויק נטול גז לילך</ItemName>
      <ManufactureName>רקיט בנקיזר (ניר איסט) בעמ</ManufactureName>
      <ManufactureCountry />
      <ManufactureItemDescription />
      <UnitQty>י"ח</UnitQty>
      <Quantity>345</Quantity>
      <UnitMeasure>ל  מ"ל</UnitMeasure>
      <BisWeighted>0</BisWeighted>
      <QtyInPackage>1</QtyInPackage>
      <ItemPrice>19.90</ItemPrice>
      <UnitOfMeasurePrice>5.77</UnitOfMeasurePrice>
      <AllowDiscount>1</AllowDiscount>
      <itemStatus>1</itemStatus>
      <LastUpdateDate />
      <LastUpdateTime />
    </Product>
    <Product>
      <PriceUpdateDate>2013/11/28 13:30</PriceUpdateDate>
      <ItemCode>5011417554760</ItemCode>
      <ItemType>1</ItemType>
      <ItemName>אירוויק נטול גז ורדים ואורכידאה</ItemName>
      <ManufactureName>רקיט בנקיזר (ניר איסט) בעמ</ManufactureName>
      <ManufactureCountry />
      <ManufactureItemDescription />
      <UnitQty>י"ח</UnitQty>
      <Quantity>345</Quantity>
      <UnitMeasure>ל  מ"ל</UnitMeasure>
      <BisWeighted>0</BisWeighted>
      <QtyInPackage>1</QtyInPackage>
      <ItemPrice>19.90</ItemPrice>
      <UnitOfMeasurePrice>5.77</UnitOfMeasurePrice>
      <AllowDiscount>1</AllowDiscount>
      <itemStatus>1</itemStatus>
      <LastUpdateDate />
      <LastUpdateTime />
    </Product>
    <Product>
      <PriceUpdateDate>2019/09/17 08:23</PriceUpdateDate>
      <ItemCode>5011417556658</ItemCode>
      <ItemType>1</ItemType>
      <ItemName>אירוויק ספריי בריזת ים</ItemName>
      <ManufactureName>רקיט בנקיזר (ניר איסט) בעמ</ManufactureName>
      <ManufactureCountry />
      <ManufactureItemDescription />
      <UnitQty>י"ח</UnitQty>
      <Quantity>300</Quantity>
      <UnitMeasure>ל  מ"ל</UnitMeasure>
      <BisWeighted>0</BisWeighted>
      <QtyInPackage>1</QtyInPackage>
      <ItemPrice>10.90</ItemPrice>
      <UnitOfMeasurePrice>3.63</UnitOfMeasurePrice>
      <AllowDiscount>1</AllowDiscount>
      <itemStatus>1</itemStatus>
      <LastUpdateDate />
      <LastUpdateTime />
    </Product>
    <Product>
      <PriceUpdateDate>2019/09/17 08:23</PriceUpdateDate>
      <ItemCode>5011417556665</ItemCode>
      <ItemType>1</ItemType>
      <ItemName>אירוויק ספריי אפונה רחנית</ItemName>
      <ManufactureName>רקיט בנקיזר (ניר איסט) בעמ</ManufactureName>
      <ManufactureCountry />
      <ManufactureItemDescription />
      <UnitQty>י"ח</UnitQty>
      <Quantity>300</Quantity>
      <UnitMeasure>ל  מ"ל</UnitMeasure>
      <BisWeighted>0</BisWeighted>
      <QtyInPackage>1</QtyInPackage>
      <ItemPrice>10.90</ItemPrice>
      <UnitOfMeasurePrice>3.63</UnitOfMeasurePrice>
      <AllowDiscount>1</AllowDiscount>
      <itemStatus>1</itemStatus>
      <LastUpdateDate />
      <LastUpdateTime />
    </Product>
    <Product>
      <PriceUpdateDate>2019/09/17 08:23</PriceUpdateDate>
      <ItemCode>5011417556849</ItemCode>
      <ItemType>1</ItemType>
      <ItemName>מבשם אויר ובדים בניחוח כביסה ריחנית</ItemName>
      <ManufactureName>רקיט בנקיזר (ניר איסט) בעמ</ManufactureName>
      <ManufactureCountry />
      <ManufactureItemDescription />
      <UnitQty>י"ח</UnitQty>
      <Quantity>1</Quantity>
      <UnitMeasure />
      <BisWeighted>0</BisWeighted>
      <QtyInPackage>1</QtyInPackage>
      <ItemPrice>16.90</ItemPrice>
      <UnitOfMeasurePrice>16.90</UnitOfMeasurePrice>
      <AllowDiscount>1</AllowDiscount>
      <itemStatus>1</itemStatus>
      <LastUpdateDate />
      <LastUpdateTime />
    </Product>
    <Product>
      <PriceUpdateDate>2019/09/17 08:23</PriceUpdateDate>
      <ItemCode>5011417565056</ItemCode>
      <ItemType>1</ItemType>
      <ItemName>פרשמטיק רפיל ניחוח כביסה באויר</ItemName>
      <ManufactureName>רקיט בנקיזר (ניר איסט) בעמ</ManufactureName>
      <ManufactureCountry />
      <ManufactureItemDescription />
      <UnitQty>י"ח</UnitQty>
      <Quantity>1</Quantity>
      <UnitMeasure>י"ח</UnitMeasure>
      <BisWeighted>0</BisWeighted>
      <QtyInPackage>1</QtyInPackage>
      <ItemPrice>19.90</ItemPrice>
      <UnitOfMeasurePrice>19.90</UnitOfMeasurePrice>
      <AllowDiscount>1</AllowDiscount>
      <itemStatus>1</itemStatus>
      <LastUpdateDate />
      <LastUpdateTime />
    </Product>
    <Product>
      <PriceUpdateDate>2019/01/22 11:17</PriceUpdateDate>
      <ItemCode>5013965747656</ItemCode>
      <ItemType>1</ItemType>
      <ItemName>הד שולדרס מרכך 400מ"ל</ItemName>
      <ManufactureName>דיפלומט מפיצים 1968 בעמ</ManufactureName>
      <ManufactureCountry />
      <ManufactureItemDescription />
      <UnitQty>י"ח</UnitQty>
      <Quantity>400</Quantity>
      <UnitMeasure>ל  מ"ל</UnitMeasure>
      <BisWeighted>0</BisWeighted>
      <QtyInPackage>1</QtyInPackage>
      <ItemPrice>19.20</ItemPrice>
      <UnitOfMeasurePrice>4.80</UnitOfMeasurePrice>
      <AllowDiscount>1</AllowDiscount>
      <itemStatus>1</itemStatus>
      <LastUpdateDate />
      <LastUpdateTime />
    </Product>
    <Product>
      <PriceUpdateDate>2019/01/22 11:17</PriceUpdateDate>
      <ItemCode>5013965747687</ItemCode>
      <ItemType>1</ItemType>
      <ItemName>הד שולדרס מרכך מגע משי קטיפתי 400</ItemName>
      <ManufactureName>דיפלומט מפיצים 1968 בעמ</ManufactureName>
      <ManufactureCountry />
      <ManufactureItemDescription />
      <UnitQty>י"ח</UnitQty>
      <Quantity>400</Quantity>
      <UnitMeasure>ל  מ"ל</UnitMeasure>
      <BisWeighted>0</BisWeighted>
      <QtyInPackage>1</QtyInPackage>
      <ItemPrice>19.20</ItemPrice>
      <UnitOfMeasurePrice>4.80</UnitOfMeasurePrice>
      <AllowDiscount>1</AllowDiscount>
      <itemStatus>1</itemStatus>
      <LastUpdateDate />
      <LastUpdateTime />
    </Product>
    <Product>
      <PriceUpdateDate>2018/06/06 13:53</PriceUpdateDate>
      <ItemCode>5013965754999</ItemCode>
      <ItemType>1</ItemType>
      <ItemName>אורל בי מי פה פרו אקספרט 250מ"ל</ItemName>
      <ManufactureName>דיפלומט מפיצים 1968 בעמ</ManufactureName>
      <ManufactureCountry />
      <ManufactureItemDescription />
      <UnitQty>י"ח</UnitQty>
      <Quantity>1</Quantity>
      <UnitMeasure />
      <BisWeighted>0</BisWeighted>
      <QtyInPackage>1</QtyInPackage>
      <ItemPrice>11.90</ItemPrice>
      <UnitOfMeasurePrice>11.90</UnitOfMeasurePrice>
      <AllowDiscount>1</AllowDiscount>
      <itemStatus>1</itemStatus>
      <LastUpdateDate />
      <LastUpdateTime />
    </Product>
    <Product>
      <PriceUpdateDate>2015/11/08 11:31</PriceUpdateDate>
      <ItemCode>5024546356600</ItemCode>
      <ItemType>1</ItemType>
      <ItemName>וויסקי גראן מקניש סקוטש 700מ"ל</ItemName>
      <ManufactureName>א.ג.ת.ד. שיווק והפצה</ManufactureName>
      <ManufactureCountry />
      <ManufactureItemDescription />
      <UnitQty>י"ח</UnitQty>
      <Quantity>1</Quantity>
      <UnitMeasure />
      <BisWeighted>0</BisWeighted>
      <QtyInPackage>1</QtyInPackage>
      <ItemPrice>99.60</ItemPrice>
      <UnitOfMeasurePrice>99.60</UnitOfMeasurePrice>
      <AllowDiscount>1</AllowDiscount>
      <itemStatus>1</itemStatus>
      <LastUpdateDate />
      <LastUpdateTime />
    </Product>
    <Product>
      <PriceUpdateDate>2014/04/08 17:53</PriceUpdateDate>
      <ItemCode>5029053510811</ItemCode>
      <ItemType>1</ItemType>
      <ItemName>קוטקס נורמל 28 יחידות</ItemName>
      <ManufactureName>קימברלי קלארק ישראל שיווק בעמ</ManufactureName>
      <ManufactureCountry />
      <ManufactureItemDescription />
      <UnitQty>י"ח</UnitQty>
      <Quantity>28</Quantity>
      <UnitMeasure>י"ח</UnitMeasure>
      <BisWeighted>0</BisWeighted>
      <QtyInPackage>1</QtyInPackage>
      <ItemPrice>22.90</ItemPrice>
      <UnitOfMeasurePrice>0.82</UnitOfMeasurePrice>
      <AllowDiscount>1</AllowDiscount>
      <itemStatus>1</itemStatus>
      <LastUpdateDate />
      <LastUpdateTime />
    </Product>
    <Product>
      <PriceUpdateDate>2014/04/08 17:53</PriceUpdateDate>
      <ItemCode>5029053510828</ItemCode>
      <ItemType>1</ItemType>
      <ItemName>קוטקס סופר 24 יחידות</ItemName>
      <ManufactureName>קימברלי קלארק ישראל שיווק בעמ</ManufactureName>
      <ManufactureCountry />
      <ManufactureItemDescription />
      <UnitQty>י"ח</UnitQty>
      <Quantity>24</Quantity>
      <UnitMeasure>י"ח</UnitMeasure>
      <BisWeighted>0</BisWeighted>
      <QtyInPackage>1</QtyInPackage>
      <ItemPrice>22.90</ItemPrice>
      <UnitOfMeasurePrice>0.95</UnitOfMeasurePrice>
      <AllowDiscount>1</AllowDiscount>
      <itemStatus>1</itemStatus>
      <LastUpdateDate />
      <LastUpdateTime />
    </Product>
    <Product>
      <PriceUpdateDate>2014/04/08 17:53</PriceUpdateDate>
      <ItemCode>5029053523446</ItemCode>
      <ItemType>1</ItemType>
      <ItemName>קוטקס לילה 20 יחידות</ItemName>
      <ManufactureName>קימברלי קלארק ישראל שיווק בעמ</ManufactureName>
      <ManufactureCountry />
      <ManufactureItemDescription />
      <UnitQty>י"ח</UnitQty>
      <Quantity>20</Quantity>
      <UnitMeasure>י"ח</UnitMeasure>
      <BisWeighted>0</BisWeighted>
      <QtyInPackage>1</QtyInPackage>
      <ItemPrice>22.90</ItemPrice>
      <UnitOfMeasurePrice>1.15</UnitOfMeasurePrice>
      <AllowDiscount>1</AllowDiscount>
      <itemStatus>1</itemStatus>
      <LastUpdateDate />
      <LastUpdateTime />
    </Product>
    <Product>
      <PriceUpdateDate>2019/07/17 08:12</PriceUpdateDate>
      <ItemCode>5029053532745</ItemCode>
      <ItemType>1</ItemType>
      <ItemName>האגיס פרידום דריי שלב6</ItemName>
      <ManufactureName>קימברלי קלארק ישראל שיווק בעמ</ManufactureName>
      <ManufactureCountry />
      <ManufactureItemDescription />
      <UnitQty>י"ח</UnitQty>
      <Quantity>34</Quantity>
      <UnitMeasure>י"ח</UnitMeasure>
      <BisWeighted>0</BisWeighted>
      <QtyInPackage>1</QtyInPackage>
      <ItemPrice>39.90</ItemPrice>
      <UnitOfMeasurePrice>1.17</UnitOfMeasurePrice>
      <AllowDiscount>1</AllowDiscount>
      <itemStatus>1</itemStatus>
      <LastUpdateDate />
      <LastUpdateTime />
    </Product>
    <Product>
      <PriceUpdateDate>2020/04/06 08:06</PriceUpdateDate>
      <ItemCode>5029053538426</ItemCode>
      <ItemType>1</ItemType>
      <ItemName>האגיס ליטל L</ItemName>
      <ManufactureName>קימברלי קלארק ישראל שיווק בעמ</ManufactureName>
      <ManufactureCountry />
      <ManufactureItemDescription />
      <UnitQty>י"ח</UnitQty>
      <Quantity>1</Quantity>
      <UnitMeasure />
      <BisWeighted>0</BisWeighted>
      <QtyInPackage>1</QtyInPackage>
      <ItemPrice>29.90</ItemPrice>
      <UnitOfMeasurePrice>29.90</UnitOfMeasurePrice>
      <AllowDiscount>1</AllowDiscount>
      <itemStatus>1</itemStatus>
      <LastUpdateDate />
      <LastUpdateTime />
    </Product>
    <Product>
      <PriceUpdateDate>2017/08/29 09:16</PriceUpdateDate>
      <ItemCode>5060191900515</ItemCode>
      <ItemType>1</ItemType>
      <ItemName>סיידר טיסטלי קרוס מיושן בחביות ויסקי 330</ItemName>
      <ManufactureName>אגודת הכורמים -כרמל מזרחי</ManufactureName>
      <ManufactureCountry />
      <ManufactureItemDescription />
      <UnitQty>י"ח</UnitQty>
      <Quantity>330</Quantity>
      <UnitMeasure>ל  מ"ל</UnitMeasure>
      <BisWeighted>0</BisWeighted>
      <QtyInPackage>1</QtyInPackage>
      <ItemPrice>9.90</ItemPrice>
      <UnitOfMeasurePrice>2.91</UnitOfMeasurePrice>
      <AllowDiscount>1</AllowDiscount>
      <itemStatus>1</itemStatus>
      <LastUpdateDate />
      <LastUpdateTime />
    </Product>
    <Product>
      <PriceUpdateDate>2017/08/29 09:16</PriceUpdateDate>
      <ItemCode>5060191900744</ItemCode>
      <ItemType>1</ItemType>
      <ItemName>סיידר טיסטלי קרוס בנגיעת ג`ינג`ר 330מ"ל</ItemName>
      <ManufactureName>אגודת הכורמים -כרמל מזרחי</ManufactureName>
      <ManufactureCountry />
      <ManufactureItemDescription />
      <UnitQty>י"ח</UnitQty>
      <Quantity>330</Quantity>
      <UnitMeasure>ל  מ"ל</UnitMeasure>
      <BisWeighted>0</BisWeighted>
      <QtyInPackage>1</QtyInPackage>
      <ItemPrice>9.90</ItemPrice>
      <UnitOfMeasurePrice>2.91</UnitOfMeasurePrice>
      <AllowDiscount>1</AllowDiscount>
      <itemStatus>1</itemStatus>
      <LastUpdateDate />
      <LastUpdateTime />
    </Product>
    <Product>
      <PriceUpdateDate>2017/08/29 09:16</PriceUpdateDate>
      <ItemCode>5060191900768</ItemCode>
      <ItemType>1</ItemType>
      <ItemName>סיידר טיסטלי קרוס 330מ"ל</ItemName>
      <ManufactureName>אגודת הכורמים -כרמל מזרחי</ManufactureName>
      <ManufactureCountry />
      <ManufactureItemDescription />
      <UnitQty>י"ח</UnitQty>
      <Quantity>330</Quantity>
      <UnitMeasure>ל  מ"ל</UnitMeasure>
      <BisWeighted>0</BisWeighted>
      <QtyInPackage>1</QtyInPackage>
      <ItemPrice>9.90</ItemPrice>
      <UnitOfMeasurePrice>2.91</UnitOfMeasurePrice>
      <AllowDiscount>1</AllowDiscount>
      <itemStatus>1</itemStatus>
      <LastUpdateDate />
      <LastUpdateTime />
    </Product>
    <Product>
      <PriceUpdateDate>2020/01/13 13:09</PriceUpdateDate>
      <ItemCode>5060517886486</ItemCode>
      <ItemType>1</ItemType>
      <ItemName>משקה אנרגיה מונסטר פח 500מ"ל</ItemName>
      <ManufactureName>חברה המרכזית להפצת משקאות בעמ</ManufactureName>
      <ManufactureCountry />
      <ManufactureItemDescription />
      <UnitQty>י"ח</UnitQty>
      <Quantity>500</Quantity>
      <UnitMeasure>ל  מ"ל</UnitMeasure>
      <BisWeighted>0</BisWeighted>
      <QtyInPackage>1</QtyInPackage>
      <ItemPrice>6.90</ItemPrice>
      <UnitOfMeasurePrice>1.32</UnitOfMeasurePrice>
      <AllowDiscount>1</AllowDiscount>
      <itemStatus>1</itemStatus>
      <LastUpdateDate />
      <LastUpdateTime />
    </Product>
    <Product>
      <PriceUpdateDate>2020/01/13 13:09</PriceUpdateDate>
      <ItemCode>5060517886516</ItemCode>
      <ItemType>1</ItemType>
      <ItemName>משקה אנרגיה מונסטר זירו פח 500מ"ל</ItemName>
      <ManufactureName>חברה המרכזית להפצת משקאות בעמ</ManufactureName>
      <ManufactureCountry />
      <ManufactureItemDescription />
      <UnitQty>י"ח</UnitQty>
      <Quantity>500</Quantity>
      <UnitMeasure>ל  מ"ל</UnitMeasure>
      <BisWeighted>0</BisWeighted>
      <QtyInPackage>1</QtyInPackage>
      <ItemPrice>6.90</ItemPrice>
      <UnitOfMeasurePrice>1.32</UnitOfMeasurePrice>
      <AllowDiscount>1</AllowDiscount>
      <itemStatus>1</itemStatus>
      <LastUpdateDate />
      <LastUpdateTime />
    </Product>
    <Product>
      <PriceUpdateDate>2020/01/13 13:09</PriceUpdateDate>
      <ItemCode>5060517886547</ItemCode>
      <ItemType>1</ItemType>
      <ItemName>משקה אנרגיה מונסטר רוזי פח 500מ"ל</ItemName>
      <ManufactureName>חברה המרכזית להפצת משקאות בעמ</ManufactureName>
      <ManufactureCountry />
      <ManufactureItemDescription />
      <UnitQty>י"ח</UnitQty>
      <Quantity>500</Quantity>
      <UnitMeasure>ל  מ"ל</UnitMeasure>
      <BisWeighted>0</BisWeighted>
      <QtyInPackage>1</QtyInPackage>
      <ItemPrice>6.90</ItemPrice>
      <UnitOfMeasurePrice>1.32</UnitOfMeasurePrice>
      <AllowDiscount>1</AllowDiscount>
      <itemStatus>1</itemStatus>
      <LastUpdateDate />
      <LastUpdateTime />
    </Product>
    <Product>
      <PriceUpdateDate>2016/06/20 11:19</PriceUpdateDate>
      <ItemCode>5200100872459</ItemCode>
      <ItemType>1</ItemType>
      <ItemName>צבעי אקסלנס בצבעים</ItemName>
      <ManufactureName>לוריאל ישראל קוסמטיקס בעמ</ManufactureName>
      <ManufactureCountry />
      <ManufactureItemDescription />
      <UnitQty>י"ח</UnitQty>
      <Quantity>1</Quantity>
      <UnitMeasure />
      <BisWeighted>0</BisWeighted>
      <QtyInPackage>1</QtyInPackage>
      <ItemPrice>39.90</ItemPrice>
      <UnitOfMeasurePrice>39.90</UnitOfMeasurePrice>
      <AllowDiscount>1</AllowDiscount>
      <itemStatus>1</itemStatus>
      <LastUpdateDate />
      <LastUpdateTime />
    </Product>
    <Product>
      <PriceUpdateDate>2019/10/23 13:23</PriceUpdateDate>
      <ItemCode>5201004020338</ItemCode>
      <ItemType>1</ItemType>
      <ItemName>קפריס רולס קלאסיק 400 גרם</ItemName>
      <ManufactureName>מ.סידס ובנו בעמ</ManufactureName>
      <ManufactureCountry />
      <ManufactureItemDescription />
      <UnitQty>י"ח</UnitQty>
      <Quantity>400</Quantity>
      <UnitMeasure>ל  גרם</UnitMeasure>
      <BisWeighted>0</BisWeighted>
      <QtyInPackage>1</QtyInPackage>
      <ItemPrice>20.90</ItemPrice>
      <UnitOfMeasurePrice>5.23</UnitOfMeasurePrice>
      <AllowDiscount>1</AllowDiscount>
      <itemStatus>1</itemStatus>
      <LastUpdateDate />
      <LastUpdateTime />
    </Product>
    <Product>
      <PriceUpdateDate>2018/09/17 11:10</PriceUpdateDate>
      <ItemCode>5201004021328</ItemCode>
      <ItemType>1</ItemType>
      <ItemName>קפריס רולס קלאסיק 115 גרם</ItemName>
      <ManufactureName>מ.סידס ובנו בעמ</ManufactureName>
      <ManufactureCountry />
      <ManufactureItemDescription />
      <UnitQty>י"ח</UnitQty>
      <Quantity>115</Quantity>
      <UnitMeasure>ל  גרם</UnitMeasure>
      <BisWeighted>0</BisWeighted>
      <QtyInPackage>1</QtyInPackage>
      <ItemPrice>8.90</ItemPrice>
      <UnitOfMeasurePrice>7.74</UnitOfMeasurePrice>
      <AllowDiscount>1</AllowDiscount>
      <itemStatus>1</itemStatus>
      <LastUpdateDate />
      <LastUpdateTime />
    </Product>
    <Product>
      <PriceUpdateDate>2016/05/11 11:18</PriceUpdateDate>
      <ItemCode>5201100872480</ItemCode>
      <ItemType>1</ItemType>
      <ItemName>אקסלנס קרם אדום</ItemName>
      <ManufactureName>לוריאל ישראל קוסמטיקס בעמ</ManufactureName>
      <ManufactureCountry />
      <ManufactureItemDescription />
      <UnitQty>י"ח</UnitQty>
      <Quantity>1</Quantity>
      <UnitMeasure />
      <BisWeighted>0</BisWeighted>
      <QtyInPackage>1</QtyInPackage>
      <ItemPrice>39.90</ItemPrice>
      <UnitOfMeasurePrice>39.90</UnitOfMeasurePrice>
      <AllowDiscount>1</AllowDiscount>
      <itemStatus>1</itemStatus>
      <LastUpdateDate />
      <LastUpdateTime />
    </Product>
    <Product>
      <PriceUpdateDate>2016/06/20 11:19</PriceUpdateDate>
      <ItemCode>5201100872596</ItemCode>
      <ItemType>1</ItemType>
      <ItemName>אקסלנס אולטרה קקרם בלונד בהיר מאוד</ItemName>
      <ManufactureName>לוריאל ישראל קוסמטיקס בעמ</ManufactureName>
      <ManufactureCountry />
      <ManufactureItemDescription />
      <UnitQty>י"ח</UnitQty>
      <Quantity>1</Quantity>
      <UnitMeasure />
      <BisWeighted>0</BisWeighted>
      <QtyInPackage>1</QtyInPackage>
      <ItemPrice>39.90</ItemPrice>
      <UnitOfMeasurePrice>39.90</UnitOfMeasurePrice>
      <AllowDiscount>1</AllowDiscount>
      <itemStatus>1</itemStatus>
      <LastUpdateDate />
      <LastUpdateTime />
    </Product>
    <Product>
      <PriceUpdateDate>2016/06/20 11:19</PriceUpdateDate>
      <ItemCode>5201100872640</ItemCode>
      <ItemType>1</ItemType>
      <ItemName>אקסלנס קרם בלונד אולטרה אפור</ItemName>
      <ManufactureName>לוריאל ישראל קוסמטיקס בעמ</ManufactureName>
      <ManufactureCountry />
      <ManufactureItemDescription />
      <UnitQty>י"ח</UnitQty>
      <Quantity>1</Quantity>
      <UnitMeasure />
      <BisWeighted>0</BisWeighted>
      <QtyInPackage>1</QtyInPackage>
      <ItemPrice>39.90</ItemPrice>
      <UnitOfMeasurePrice>39.90</UnitOfMeasurePrice>
      <AllowDiscount>1</AllowDiscount>
      <itemStatus>1</itemStatus>
      <LastUpdateDate />
      <LastUpdateTime />
    </Product>
    <Product>
      <PriceUpdateDate>2018/11/20 07:48</PriceUpdateDate>
      <ItemCode>5201178801054</ItemCode>
      <ItemType>1</ItemType>
      <ItemName>ניוואה קרם 250</ItemName>
      <ManufactureName>אלפא ב.ד.ף בעמ</ManufactureName>
      <ManufactureCountry />
      <ManufactureItemDescription />
      <UnitQty>י"ח</UnitQty>
      <Quantity>250</Quantity>
      <UnitMeasure>ל  גרם</UnitMeasure>
      <BisWeighted>0</BisWeighted>
      <QtyInPackage>1</QtyInPackage>
      <ItemPrice>34.90</ItemPrice>
      <UnitOfMeasurePrice>13.96</UnitOfMeasurePrice>
      <AllowDiscount>1</AllowDiscount>
      <itemStatus>1</itemStatus>
      <LastUpdateDate />
      <LastUpdateTime />
    </Product>
    <Product>
      <PriceUpdateDate>2016/11/22 14:10</PriceUpdateDate>
      <ItemCode>5201347400545</ItemCode>
      <ItemType>1</ItemType>
      <ItemName>ויט ארומטיק רצועות שעווה לפנים</ItemName>
      <ManufactureName>רקיט בנקיזר (ניר איסט) בעמ</ManufactureName>
      <ManufactureCountry />
      <ManufactureItemDescription />
      <UnitQty>י"ח</UnitQty>
      <Quantity>1</Quantity>
      <UnitMeasure>י"ח</UnitMeasure>
      <BisWeighted>0</BisWeighted>
      <QtyInPackage>1</QtyInPackage>
      <ItemPrice>29.90</ItemPrice>
      <UnitOfMeasurePrice>29.90</UnitOfMeasurePrice>
      <AllowDiscount>1</AllowDiscount>
      <itemStatus>1</itemStatus>
      <LastUpdateDate />
      <LastUpdateTime />
    </Product>
    <Product>
      <PriceUpdateDate>2014/03/17 13:41</PriceUpdateDate>
      <ItemCode>5201360582280</ItemCode>
      <ItemType>1</ItemType>
      <ItemName>מארז קרואסון שישייה *40ג קקאו</ItemName>
      <ManufactureName>אבאל יזמות בעמ</ManufactureName>
      <ManufactureCountry />
      <ManufactureItemDescription />
      <UnitQty>י"ח</UnitQty>
      <Quantity>240</Quantity>
      <UnitMeasure>ל  גרם</UnitMeasure>
      <BisWeighted>0</BisWeighted>
      <QtyInPackage>1</QtyInPackage>
      <ItemPrice>12.90</ItemPrice>
      <UnitOfMeasurePrice>5.38</UnitOfMeasurePrice>
      <AllowDiscount>1</AllowDiscount>
      <itemStatus>1</itemStatus>
      <LastUpdateDate />
      <LastUpdateTime />
    </Product>
    <Product>
      <PriceUpdateDate>2014/03/17 13:41</PriceUpdateDate>
      <ItemCode>5201360582785</ItemCode>
      <ItemType>1</ItemType>
      <ItemName>מארז קרואסון שישייה *40ג וניל</ItemName>
      <ManufactureName>אבאל יזמות בעמ</ManufactureName>
      <ManufactureCountry />
      <ManufactureItemDescription />
      <UnitQty>י"ח</UnitQty>
      <Quantity>240</Quantity>
      <UnitMeasure>ל  גרם</UnitMeasure>
      <BisWeighted>0</BisWeighted>
      <QtyInPackage>1</QtyInPackage>
      <ItemPrice>12.90</ItemPrice>
      <UnitOfMeasurePrice>5.38</UnitOfMeasurePrice>
      <AllowDiscount>1</AllowDiscount>
      <itemStatus>1</itemStatus>
      <LastUpdateDate />
      <LastUpdateTime />
    </Product>
    <Product>
      <PriceUpdateDate>2018/09/17 11:10</PriceUpdateDate>
      <ItemCode>5201360724147</ItemCode>
      <ItemType>1</ItemType>
      <ItemName>מארז רולדות אישיות קקאו שמינייה</ItemName>
      <ManufactureName>ר.ב. מוצרי דגנים בעמ</ManufactureName>
      <ManufactureCountry />
      <ManufactureItemDescription />
      <UnitQty>י"ח</UnitQty>
      <Quantity>200</Quantity>
      <UnitMeasure>ל  גרם</UnitMeasure>
      <BisWeighted>0</BisWeighted>
      <QtyInPackage>1</QtyInPackage>
      <ItemPrice>11.90</ItemPrice>
      <UnitOfMeasurePrice>5.95</UnitOfMeasurePrice>
      <AllowDiscount>1</AllowDiscount>
      <itemStatus>1</itemStatus>
      <LastUpdateDate />
      <LastUpdateTime />
    </Product>
    <Product>
      <PriceUpdateDate>2018/09/17 11:10</PriceUpdateDate>
      <ItemCode>5201360724741</ItemCode>
      <ItemType>1</ItemType>
      <ItemName>מארז רולדות אישיות וניל שמינייה</ItemName>
      <ManufactureName>ר.ב. מוצרי דגנים בעמ</ManufactureName>
      <ManufactureCountry />
      <ManufactureItemDescription />
      <UnitQty>י"ח</UnitQty>
      <Quantity>200</Quantity>
      <UnitMeasure>ל  גרם</UnitMeasure>
      <BisWeighted>0</BisWeighted>
      <QtyInPackage>1</QtyInPackage>
      <ItemPrice>11.90</ItemPrice>
      <UnitOfMeasurePrice>5.95</UnitOfMeasurePrice>
      <AllowDiscount>1</AllowDiscount>
      <itemStatus>1</itemStatus>
      <LastUpdateDate />
      <LastUpdateTime />
    </Product>
    <Product>
      <PriceUpdateDate>2014/01/03 13:33</PriceUpdateDate>
      <ItemCode>5201360784011</ItemCode>
      <ItemType>1</ItemType>
      <ItemName>מארז עוגת ספוג עשיריה</ItemName>
      <ManufactureName>אבאל יזמות בעמ</ManufactureName>
      <ManufactureCountry />
      <ManufactureItemDescription />
      <UnitQty>י"ח</UnitQty>
      <Quantity>8</Quantity>
      <UnitMeasure>י"ח</UnitMeasure>
      <BisWeighted>0</BisWeighted>
      <QtyInPackage>1</QtyInPackage>
      <ItemPrice>17.90</ItemPrice>
      <UnitOfMeasurePrice>2.24</UnitOfMeasurePrice>
      <AllowDiscount>1</AllowDiscount>
      <itemStatus>1</itemStatus>
      <LastUpdateDate />
      <LastUpdateTime />
    </Product>
    <Product>
      <PriceUpdateDate>2018/09/17 11:10</PriceUpdateDate>
      <ItemCode>5201360797097</ItemCode>
      <ItemType>1</ItemType>
      <ItemName>מארז עוגת ספוג מצופה קקאו במילוי וניל</ItemName>
      <ManufactureName>אבאל יזמות בעמ</ManufactureName>
      <ManufactureCountry />
      <ManufactureItemDescription />
      <UnitQty>י"ח</UnitQty>
      <Quantity>8</Quantity>
      <UnitMeasure>י"ח</UnitMeasure>
      <BisWeighted>0</BisWeighted>
      <QtyInPackage>1</QtyInPackage>
      <ItemPrice>11.90</ItemPrice>
      <UnitOfMeasurePrice>1.49</UnitOfMeasurePrice>
      <AllowDiscount>1</AllowDiscount>
      <itemStatus>1</itemStatus>
      <LastUpdateDate />
      <LastUpdateTime />
    </Product>
    <Product>
      <PriceUpdateDate>2018/09/17 11:10</PriceUpdateDate>
      <ItemCode>5201360797196</ItemCode>
      <ItemType>1</ItemType>
      <ItemName>מארז עוגת ספוג מצופה קקאו במילוי קקאו</ItemName>
      <ManufactureName>אבאל יזמות בעמ</ManufactureName>
      <ManufactureCountry />
      <ManufactureItemDescription />
      <UnitQty>י"ח</UnitQty>
      <Quantity>8</Quantity>
      <UnitMeasure>י"ח</UnitMeasure>
      <BisWeighted>0</BisWeighted>
      <QtyInPackage>1</QtyInPackage>
      <ItemPrice>11.90</ItemPrice>
      <UnitOfMeasurePrice>1.49</UnitOfMeasurePrice>
      <AllowDiscount>1</AllowDiscount>
      <itemStatus>1</itemStatus>
      <LastUpdateDate />
      <LastUpdateTime />
    </Product>
    <Product>
      <PriceUpdateDate>2015/02/02 11:46</PriceUpdateDate>
      <ItemCode>5201940010110</ItemCode>
      <ItemType>1</ItemType>
      <ItemName>זיתים שחורים 454 גרם</ItemName>
      <ManufactureName>ג.וילי פוד אינטרנשיונל בעמ</ManufactureName>
      <ManufactureCountry />
      <ManufactureItemDescription />
      <UnitQty>י"ח</UnitQty>
      <Quantity>454</Quantity>
      <UnitMeasure>ל  גרם</UnitMeasure>
      <BisWeighted>0</BisWeighted>
      <QtyInPackage>1</QtyInPackage>
      <ItemPrice>16.50</ItemPrice>
      <UnitOfMeasurePrice>3.63</UnitOfMeasurePrice>
      <AllowDiscount>1</AllowDiscount>
      <itemStatus>1</itemStatus>
      <LastUpdateDate />
      <LastUpdateTime />
    </Product>
    <Product>
      <PriceUpdateDate>2019/03/25 10:10</PriceUpdateDate>
      <ItemCode>5202175001515</ItemCode>
      <ItemType>1</ItemType>
      <ItemName>חטיף נאצוס בטעם טבעי 225גרם</ItemName>
      <ManufactureName>מזרח ומערב יבוא ושיווק</ManufactureName>
      <ManufactureCountry />
      <ManufactureItemDescription />
      <UnitQty>י"ח</UnitQty>
      <Quantity>225</Quantity>
      <UnitMeasure>ל  גרם</UnitMeasure>
      <BisWeighted>0</BisWeighted>
      <QtyInPackage>1</QtyInPackage>
      <ItemPrice>7.90</ItemPrice>
      <UnitOfMeasurePrice>3.51</UnitOfMeasurePrice>
      <AllowDiscount>1</AllowDiscount>
      <itemStatus>1</itemStatus>
      <LastUpdateDate />
      <LastUpdateTime />
    </Product>
    <Product>
      <PriceUpdateDate>2019/03/25 10:10</PriceUpdateDate>
      <ItemCode>5202175001546</ItemCode>
      <ItemType>1</ItemType>
      <ItemName>חטיף נאצוס בטעם ברביקיו 225גרם</ItemName>
      <ManufactureName>מזרח ומערב יבוא ושיווק</ManufactureName>
      <ManufactureCountry />
      <ManufactureItemDescription />
      <UnitQty>י"ח</UnitQty>
      <Quantity>225</Quantity>
      <UnitMeasure>ל  גרם</UnitMeasure>
      <BisWeighted>0</BisWeighted>
      <QtyInPackage>1</QtyInPackage>
      <ItemPrice>7.90</ItemPrice>
      <UnitOfMeasurePrice>3.51</UnitOfMeasurePrice>
      <AllowDiscount>1</AllowDiscount>
      <itemStatus>1</itemStatus>
      <LastUpdateDate />
      <LastUpdateTime />
    </Product>
    <Product>
      <PriceUpdateDate>2019/03/25 10:10</PriceUpdateDate>
      <ItemCode>5202175002451</ItemCode>
      <ItemType>1</ItemType>
      <ItemName>עלי טורוילס 250ג רביעייה</ItemName>
      <ManufactureName>מזרח ומערב יבוא ושיווק</ManufactureName>
      <ManufactureCountry />
      <ManufactureItemDescription />
      <UnitQty>י"ח</UnitQty>
      <Quantity>250</Quantity>
      <UnitMeasure>ל  גרם</UnitMeasure>
      <BisWeighted>0</BisWeighted>
      <QtyInPackage>1</QtyInPackage>
      <ItemPrice>9.90</ItemPrice>
      <UnitOfMeasurePrice>3.96</UnitOfMeasurePrice>
      <AllowDiscount>1</AllowDiscount>
      <itemStatus>1</itemStatus>
      <LastUpdateDate />
      <LastUpdateTime />
    </Product>
    <Product>
      <PriceUpdateDate>2019/03/25 10:10</PriceUpdateDate>
      <ItemCode>5202175002581</ItemCode>
      <ItemType>1</ItemType>
      <ItemName>טורטיה 200ג חמישייה</ItemName>
      <ManufactureName>מזרח ומערב יבוא ושיווק</ManufactureName>
      <ManufactureCountry />
      <ManufactureItemDescription />
      <UnitQty>י"ח</UnitQty>
      <Quantity>200</Quantity>
      <UnitMeasure>ל  גרם</UnitMeasure>
      <BisWeighted>0</BisWeighted>
      <QtyInPackage>1</QtyInPackage>
      <ItemPrice>7.90</ItemPrice>
      <UnitOfMeasurePrice>3.95</UnitOfMeasurePrice>
      <AllowDiscount>1</AllowDiscount>
      <itemStatus>1</itemStatus>
      <LastUpdateDate />
      <LastUpdateTime />
    </Product>
    <Product>
      <PriceUpdateDate>2013/12/09 19:30</PriceUpdateDate>
      <ItemCode>5202300014472</ItemCode>
      <ItemType>1</ItemType>
      <ItemName>ולפלקס ספרי חזק מאד</ItemName>
      <ManufactureName>דיפלומט מפיצים 1968 בעמ</ManufactureName>
      <ManufactureCountry />
      <ManufactureItemDescription />
      <UnitQty>י"ח</UnitQty>
      <Quantity>250</Quantity>
      <UnitMeasure>ל  מ"ל</UnitMeasure>
      <BisWeighted>0</BisWeighted>
      <QtyInPackage>1</QtyInPackage>
      <ItemPrice>34.70</ItemPrice>
      <UnitOfMeasurePrice>13.88</UnitOfMeasurePrice>
      <AllowDiscount>1</AllowDiscount>
      <itemStatus>1</itemStatus>
      <LastUpdateDate />
      <LastUpdateTime />
    </Product>
    <Product>
      <PriceUpdateDate>2013/12/09 19:30</PriceUpdateDate>
      <ItemCode>5202300014496</ItemCode>
      <ItemType>1</ItemType>
      <ItemName>ולפלקס ספרי חזק מאד</ItemName>
      <ManufactureName>דיפלומט מפיצים 1968 בעמ</ManufactureName>
      <ManufactureCountry />
      <ManufactureItemDescription />
      <UnitQty>י"ח</UnitQty>
      <Quantity>250</Quantity>
      <UnitMeasure>ל  מ"ל</UnitMeasure>
      <BisWeighted>0</BisWeighted>
      <QtyInPackage>1</QtyInPackage>
      <ItemPrice>34.70</ItemPrice>
      <UnitOfMeasurePrice>13.88</UnitOfMeasurePrice>
      <AllowDiscount>1</AllowDiscount>
      <itemStatus>1</itemStatus>
      <LastUpdateDate />
      <LastUpdateTime />
    </Product>
    <Product>
      <PriceUpdateDate>2013/12/09 19:30</PriceUpdateDate>
      <ItemCode>5202300014557</ItemCode>
      <ItemType>1</ItemType>
      <ItemName>וולפלקס מוס  אולטרא סטרונג</ItemName>
      <ManufactureName>דיפלומט מפיצים 1968 בעמ</ManufactureName>
      <ManufactureCountry />
      <ManufactureItemDescription />
      <UnitQty>י"ח</UnitQty>
      <Quantity>200</Quantity>
      <UnitMeasure>ל  מ"ל</UnitMeasure>
      <BisWeighted>0</BisWeighted>
      <QtyInPackage>1</QtyInPackage>
      <ItemPrice>29.60</ItemPrice>
      <UnitOfMeasurePrice>14.80</UnitOfMeasurePrice>
      <AllowDiscount>1</AllowDiscount>
      <itemStatus>1</itemStatus>
      <LastUpdateDate />
      <LastUpdateTime />
    </Product>
    <Product>
      <PriceUpdateDate>2013/12/09 19:30</PriceUpdateDate>
      <ItemCode>5202300014595</ItemCode>
      <ItemType>1</ItemType>
      <ItemName>וולפלקס מוס  אקסטרה סטרונג</ItemName>
      <ManufactureName>דיפלומט מפיצים 1968 בעמ</ManufactureName>
      <ManufactureCountry />
      <ManufactureItemDescription />
      <UnitQty>י"ח</UnitQty>
      <Quantity>200</Quantity>
      <UnitMeasure>ל  מ"ל</UnitMeasure>
      <BisWeighted>0</BisWeighted>
      <QtyInPackage>1</QtyInPackage>
      <ItemPrice>29.60</ItemPrice>
      <UnitOfMeasurePrice>14.80</UnitOfMeasurePrice>
      <AllowDiscount>1</AllowDiscount>
      <itemStatus>1</itemStatus>
      <LastUpdateDate />
      <LastUpdateTime />
    </Product>
    <Product>
      <PriceUpdateDate>2013/06/23 11:18</PriceUpdateDate>
      <ItemCode>5202300042963</ItemCode>
      <ItemType>1</ItemType>
      <ItemName>קולסטון 2000 4/5 אדום בורדו</ItemName>
      <ManufactureName>דיפלומט מפיצים 1968 בעמ</ManufactureName>
      <ManufactureCountry />
      <ManufactureItemDescription />
      <UnitQty>י"ח</UnitQty>
      <Quantity>1</Quantity>
      <UnitMeasure />
      <BisWeighted>0</BisWeighted>
      <QtyInPackage>1</QtyInPackage>
      <ItemPrice>26.50</ItemPrice>
      <UnitOfMeasurePrice>26.50</UnitOfMeasurePrice>
      <AllowDiscount>1</AllowDiscount>
      <itemStatus>1</itemStatus>
      <LastUpdateDate />
      <LastUpdateTime />
    </Product>
    <Product>
      <PriceUpdateDate>2013/06/23 11:18</PriceUpdateDate>
      <ItemCode>5202300042987</ItemCode>
      <ItemType>1</ItemType>
      <ItemName>קולסטון 2000  5/66 חציל</ItemName>
      <ManufactureName>דיפלומט מפיצים 1968 בעמ</ManufactureName>
      <ManufactureCountry />
      <ManufactureItemDescription />
      <UnitQty>י"ח</UnitQty>
      <Quantity>1</Quantity>
      <UnitMeasure />
      <BisWeighted>0</BisWeighted>
      <QtyInPackage>1</QtyInPackage>
      <ItemPrice>26.50</ItemPrice>
      <UnitOfMeasurePrice>26.50</UnitOfMeasurePrice>
      <AllowDiscount>1</AllowDiscount>
      <itemStatus>1</itemStatus>
      <LastUpdateDate />
      <LastUpdateTime />
    </Product>
    <Product>
      <PriceUpdateDate>2013/12/12 13:31</PriceUpdateDate>
      <ItemCode>5202300043151</ItemCode>
      <ItemType>1</ItemType>
      <ItemName>צבע לשיער קולסטון</ItemName>
      <ManufactureName>דיפלומט מפיצים 1968 בעמ</ManufactureName>
      <ManufactureCountry />
      <ManufactureItemDescription />
      <UnitQty>י"ח</UnitQty>
      <Quantity>1</Quantity>
      <UnitMeasure />
      <BisWeighted>0</BisWeighted>
      <QtyInPackage>1</QtyInPackage>
      <ItemPrice>26.90</ItemPrice>
      <UnitOfMeasurePrice>26.90</UnitOfMeasurePrice>
      <AllowDiscount>1</AllowDiscount>
      <itemStatus>1</itemStatus>
      <LastUpdateDate />
      <LastUpdateTime />
    </Product>
    <Product>
      <PriceUpdateDate>2016/10/13 13:41</PriceUpdateDate>
      <ItemCode>5202300043168</ItemCode>
      <ItemType>1</ItemType>
      <ItemName>קולסטון 2000  7/0 בלונד-מדיום</ItemName>
      <ManufactureName>דיפלומט מפיצים 1968 בעמ</ManufactureName>
      <ManufactureCountry />
      <ManufactureItemDescription />
      <UnitQty>י"ח</UnitQty>
      <Quantity>1</Quantity>
      <UnitMeasure />
      <BisWeighted>0</BisWeighted>
      <QtyInPackage>1</QtyInPackage>
      <ItemPrice>26.50</ItemPrice>
      <UnitOfMeasurePrice>26.50</UnitOfMeasurePrice>
      <AllowDiscount>1</AllowDiscount>
      <itemStatus>1</itemStatus>
      <LastUpdateDate />
      <LastUpdateTime />
    </Product>
    <Product>
      <PriceUpdateDate>2018/11/20 07:48</PriceUpdateDate>
      <ItemCode>5202300043199</ItemCode>
      <ItemType>1</ItemType>
      <ItemName>צבע לשיער קולסטון 2000  4/0 חום מדיום</ItemName>
      <ManufactureName>דיפלומט מפיצים 1968 בעמ</ManufactureName>
      <ManufactureCountry />
      <ManufactureItemDescription />
      <UnitQty>י"ח</UnitQty>
      <Quantity>1</Quantity>
      <UnitMeasure />
      <BisWeighted>0</BisWeighted>
      <QtyInPackage>1</QtyInPackage>
      <ItemPrice>19.90</ItemPrice>
      <UnitOfMeasurePrice>19.90</UnitOfMeasurePrice>
      <AllowDiscount>1</AllowDiscount>
      <itemStatus>1</itemStatus>
      <LastUpdateDate />
      <LastUpdateTime />
    </Product>
    <Product>
      <PriceUpdateDate>2018/11/20 07:48</PriceUpdateDate>
      <ItemCode>5202300043212</ItemCode>
      <ItemType>1</ItemType>
      <ItemName>קולסטון 2000  2/0 שחור קטיפה</ItemName>
      <ManufactureName>דיפלומט מפיצים 1968 בעמ</ManufactureName>
      <ManufactureCountry />
      <ManufactureItemDescription />
      <UnitQty>י"ח</UnitQty>
      <Quantity>1</Quantity>
      <UnitMeasure />
      <BisWeighted>0</BisWeighted>
      <QtyInPackage>1</QtyInPackage>
      <ItemPrice>19.90</ItemPrice>
      <UnitOfMeasurePrice>19.90</UnitOfMeasurePrice>
      <AllowDiscount>1</AllowDiscount>
      <itemStatus>1</itemStatus>
      <LastUpdateDate />
      <LastUpdateTime />
    </Product>
    <Product>
      <PriceUpdateDate>2013/06/23 11:18</PriceUpdateDate>
      <ItemCode>5202300043694</ItemCode>
      <ItemType>1</ItemType>
      <ItemName>קולסטון 2000 4/77 חום</ItemName>
      <ManufactureName>דיפלומט מפיצים 1968 בעמ</ManufactureName>
      <ManufactureCountry />
      <ManufactureItemDescription />
      <UnitQty>י"ח</UnitQty>
      <Quantity>1</Quantity>
      <UnitMeasure />
      <BisWeighted>0</BisWeighted>
      <QtyInPackage>1</QtyInPackage>
      <ItemPrice>26.50</ItemPrice>
      <UnitOfMeasurePrice>26.50</UnitOfMeasurePrice>
      <AllowDiscount>1</AllowDiscount>
      <itemStatus>1</itemStatus>
      <LastUpdateDate />
      <LastUpdateTime />
    </Product>
    <Product>
      <PriceUpdateDate>2013/06/23 11:18</PriceUpdateDate>
      <ItemCode>5202300043700</ItemCode>
      <ItemType>1</ItemType>
      <ItemName>קולסטון   2000 7/74 אדום אירי</ItemName>
      <ManufactureName>דיפלומט מפיצים 1968 בעמ</ManufactureName>
      <ManufactureCountry />
      <ManufactureItemDescription />
      <UnitQty>י"ח</UnitQty>
      <Quantity>1</Quantity>
      <UnitMeasure />
      <BisWeighted>0</BisWeighted>
      <QtyInPackage>1</QtyInPackage>
      <ItemPrice>26.40</ItemPrice>
      <UnitOfMeasurePrice>26.40</UnitOfMeasurePrice>
      <AllowDiscount>1</AllowDiscount>
      <itemStatus>1</itemStatus>
      <LastUpdateDate />
      <LastUpdateTime />
    </Product>
    <Product>
      <PriceUpdateDate>2015/01/11 11:05</PriceUpdateDate>
      <ItemCode>5206759020701</ItemCode>
      <ItemType>1</ItemType>
      <ItemName>סוכריות גלי אקזוטי 700ג</ItemName>
      <ManufactureName>יעד ממתקים בעמ</ManufactureName>
      <ManufactureCountry />
      <ManufactureItemDescription />
      <UnitQty>י"ח</UnitQty>
      <Quantity>700</Quantity>
      <UnitMeasure>ל  גרם</UnitMeasure>
      <BisWeighted>0</BisWeighted>
      <QtyInPackage>1</QtyInPackage>
      <ItemPrice>17.90</ItemPrice>
      <UnitOfMeasurePrice>2.56</UnitOfMeasurePrice>
      <AllowDiscount>1</AllowDiscount>
      <itemStatus>1</itemStatus>
      <LastUpdateDate />
      <LastUpdateTime />
    </Product>
    <Product>
      <PriceUpdateDate>2015/01/11 11:05</PriceUpdateDate>
      <ItemCode>5206759020794</ItemCode>
      <ItemType>1</ItemType>
      <ItemName>סוכריות גלי ליקוריץ 700ג</ItemName>
      <ManufactureName>יעד ממתקים בעמ</ManufactureName>
      <ManufactureCountry />
      <ManufactureItemDescription />
      <UnitQty>י"ח</UnitQty>
      <Quantity>700</Quantity>
      <UnitMeasure>ל  גרם</UnitMeasure>
      <BisWeighted>0</BisWeighted>
      <QtyInPackage>1</QtyInPackage>
      <ItemPrice>17.90</ItemPrice>
      <UnitOfMeasurePrice>2.56</UnitOfMeasurePrice>
      <AllowDiscount>1</AllowDiscount>
      <itemStatus>1</itemStatus>
      <LastUpdateDate />
      <LastUpdateTime />
    </Product>
    <Product>
      <PriceUpdateDate>2016/12/20 09:56</PriceUpdateDate>
      <ItemCode>5310099005462</ItemCode>
      <ItemType>1</ItemType>
      <ItemName>מיזלי 1ק"ג קראנצ שוקולד</ItemName>
      <ManufactureName>מ.סידס ובנו בעמ</ManufactureName>
      <ManufactureCountry />
      <ManufactureItemDescription />
      <UnitQty>י"ח</UnitQty>
      <Quantity>1</Quantity>
      <UnitMeasure>ק"ג</UnitMeasure>
      <BisWeighted>0</BisWeighted>
      <QtyInPackage>1</QtyInPackage>
      <ItemPrice>27.90</ItemPrice>
      <UnitOfMeasurePrice>27.90</UnitOfMeasurePrice>
      <AllowDiscount>1</AllowDiscount>
      <itemStatus>1</itemStatus>
      <LastUpdateDate />
      <LastUpdateTime />
    </Product>
    <Product>
      <PriceUpdateDate>2019/01/22 11:17</PriceUpdateDate>
      <ItemCode>5410076246076</ItemCode>
      <ItemType>1</ItemType>
      <ItemName>ה  ש מרכך מרכך בניחוח הדרים 400מ"ל</ItemName>
      <ManufactureName>דיפלומט מפיצים 1968 בעמ</ManufactureName>
      <ManufactureCountry />
      <ManufactureItemDescription />
      <UnitQty>י"ח</UnitQty>
      <Quantity>400</Quantity>
      <UnitMeasure>ל  מ"ל</UnitMeasure>
      <BisWeighted>0</BisWeighted>
      <QtyInPackage>1</QtyInPackage>
      <ItemPrice>19.20</ItemPrice>
      <UnitOfMeasurePrice>4.80</UnitOfMeasurePrice>
      <AllowDiscount>1</AllowDiscount>
      <itemStatus>1</itemStatus>
      <LastUpdateDate />
      <LastUpdateTime />
    </Product>
    <Product>
      <PriceUpdateDate>2016/03/06 10:23</PriceUpdateDate>
      <ItemCode>5410076379378</ItemCode>
      <ItemType>1</ItemType>
      <ItemName>טייד קולור 5ק"ג</ItemName>
      <ManufactureName>דיפלומט מפיצים 1968 בעמ</ManufactureName>
      <ManufactureCountry />
      <ManufactureItemDescription />
      <UnitQty>י"ח</UnitQty>
      <Quantity>5</Quantity>
      <UnitMeasure>ק"ג</UnitMeasure>
      <BisWeighted>0</BisWeighted>
      <QtyInPackage>1</QtyInPackage>
      <ItemPrice>39.90</ItemPrice>
      <UnitOfMeasurePrice>7.98</UnitOfMeasurePrice>
      <AllowDiscount>1</AllowDiscount>
      <itemStatus>1</itemStatus>
      <LastUpdateDate />
      <LastUpdateTime />
    </Product>
    <Product>
      <PriceUpdateDate>2019/01/22 11:17</PriceUpdateDate>
      <ItemCode>5410076659708</ItemCode>
      <ItemType>1</ItemType>
      <ItemName>הד שולדרס מרכך  תפוח 400</ItemName>
      <ManufactureName>דיפלומט מפיצים 1968 בעמ</ManufactureName>
      <ManufactureCountry />
      <ManufactureItemDescription />
      <UnitQty>י"ח</UnitQty>
      <Quantity>400</Quantity>
      <UnitMeasure>ל  מ"ל</UnitMeasure>
      <BisWeighted>0</BisWeighted>
      <QtyInPackage>1</QtyInPackage>
      <ItemPrice>19.20</ItemPrice>
      <UnitOfMeasurePrice>4.80</UnitOfMeasurePrice>
      <AllowDiscount>1</AllowDiscount>
      <itemStatus>1</itemStatus>
      <LastUpdateDate />
      <LastUpdateTime />
    </Product>
    <Product>
      <PriceUpdateDate>2018/06/18 13:53</PriceUpdateDate>
      <ItemCode>5410076904266</ItemCode>
      <ItemType>1</ItemType>
      <ItemName>לנור כדוריות הריח רענן 275ג</ItemName>
      <ManufactureName>דיפלומט מפיצים 1968 בעמ</ManufactureName>
      <ManufactureCountry />
      <ManufactureItemDescription />
      <UnitQty>י"ח</UnitQty>
      <Quantity>275</Quantity>
      <UnitMeasure>ל  מ"ל</UnitMeasure>
      <BisWeighted>0</BisWeighted>
      <QtyInPackage>1</QtyInPackage>
      <ItemPrice>34.90</ItemPrice>
      <UnitOfMeasurePrice>12.69</UnitOfMeasurePrice>
      <AllowDiscount>1</AllowDiscount>
      <itemStatus>1</itemStatus>
      <LastUpdateDate />
      <LastUpdateTime />
    </Product>
    <Product>
      <PriceUpdateDate>2018/12/20 13:33</PriceUpdateDate>
      <ItemCode>5410076933129</ItemCode>
      <ItemType>1</ItemType>
      <ItemName>אריאל שושן צחור 3ק"ג</ItemName>
      <ManufactureName>דיפלומט מפיצים 1968 בעמ</ManufactureName>
      <ManufactureCountry />
      <ManufactureItemDescription />
      <UnitQty>י"ח</UnitQty>
      <Quantity>3</Quantity>
      <UnitMeasure>ק"ג</UnitMeasure>
      <BisWeighted>0</BisWeighted>
      <QtyInPackage>1</QtyInPackage>
      <ItemPrice>34.90</ItemPrice>
      <UnitOfMeasurePrice>11.63</UnitOfMeasurePrice>
      <AllowDiscount>1</AllowDiscount>
      <itemStatus>1</itemStatus>
      <LastUpdateDate />
      <LastUpdateTime />
    </Product>
    <Product>
      <PriceUpdateDate>2017/11/09 09:34</PriceUpdateDate>
      <ItemCode>5410091648176</ItemCode>
      <ItemType>1</ItemType>
      <ItemName>דאודורנט רול און FA</ItemName>
      <ManufactureName>הנקל סוד בעמ</ManufactureName>
      <ManufactureCountry />
      <ManufactureItemDescription />
      <UnitQty>י"ח</UnitQty>
      <Quantity>50</Quantity>
      <UnitMeasure>ל  מ"ל</UnitMeasure>
      <BisWeighted>0</BisWeighted>
      <QtyInPackage>1</QtyInPackage>
      <ItemPrice>10.90</ItemPrice>
      <UnitOfMeasurePrice>21.80</UnitOfMeasurePrice>
      <AllowDiscount>1</AllowDiscount>
      <itemStatus>1</itemStatus>
      <LastUpdateDate />
      <LastUpdateTime />
    </Product>
    <Product>
      <PriceUpdateDate>2017/11/10 08:42</PriceUpdateDate>
      <ItemCode>5410091650322</ItemCode>
      <ItemType>1</ItemType>
      <ItemName>דאודורנט רול און FA</ItemName>
      <ManufactureName>הנקל סוד בעמ</ManufactureName>
      <ManufactureCountry />
      <ManufactureItemDescription />
      <UnitQty>י"ח</UnitQty>
      <Quantity>200</Quantity>
      <UnitMeasure>ל  מ"ל</UnitMeasure>
      <BisWeighted>0</BisWeighted>
      <QtyInPackage>1</QtyInPackage>
      <ItemPrice>10.90</ItemPrice>
      <UnitOfMeasurePrice>5.45</UnitOfMeasurePrice>
      <AllowDiscount>1</AllowDiscount>
      <itemStatus>1</itemStatus>
      <LastUpdateDate />
      <LastUpdateTime />
    </Product>
    <Product>
      <PriceUpdateDate>2016/06/16 07:56</PriceUpdateDate>
      <ItemCode>5410103161518</ItemCode>
      <ItemType>1</ItemType>
      <ItemName>לוריאל טריפל קרם לחות יום ורגיל 50מ"ל</ItemName>
      <ManufactureName>לוריאל ישראל קוסמטיקס בעמ</ManufactureName>
      <ManufactureCountry />
      <ManufactureItemDescription />
      <UnitQty>י"ח</UnitQty>
      <Quantity>15</Quantity>
      <UnitMeasure>ל  מ"ל</UnitMeasure>
      <BisWeighted>0</BisWeighted>
      <QtyInPackage>1</QtyInPackage>
      <ItemPrice>50</ItemPrice>
      <UnitOfMeasurePrice>333.33</UnitOfMeasurePrice>
      <AllowDiscount>1</AllowDiscount>
      <itemStatus>1</itemStatus>
      <LastUpdateDate />
      <LastUpdateTime />
    </Product>
    <Product>
      <PriceUpdateDate>2016/06/16 07:56</PriceUpdateDate>
      <ItemCode>5410103161617</ItemCode>
      <ItemType>1</ItemType>
      <ItemName>לוריאל טריפל קרם לחות יום יבש ורגי 50מ</ItemName>
      <ManufactureName>לוריאל ישראל קוסמטיקס בעמ</ManufactureName>
      <ManufactureCountry />
      <ManufactureItemDescription />
      <UnitQty>י"ח</UnitQty>
      <Quantity>15</Quantity>
      <UnitMeasure>ל  מ"ל</UnitMeasure>
      <BisWeighted>0</BisWeighted>
      <QtyInPackage>1</QtyInPackage>
      <ItemPrice>50</ItemPrice>
      <UnitOfMeasurePrice>333.33</UnitOfMeasurePrice>
      <AllowDiscount>1</AllowDiscount>
      <itemStatus>1</itemStatus>
      <LastUpdateDate />
      <LastUpdateTime />
    </Product>
    <Product>
      <PriceUpdateDate>2018/08/14 10:35</PriceUpdateDate>
      <ItemCode>5410126666038</ItemCode>
      <ItemType>1</ItemType>
      <ItemName>עוגיות לוטוס 279ג</ItemName>
      <ManufactureName>דיפלומט בעמ</ManufactureName>
      <ManufactureCountry />
      <ManufactureItemDescription />
      <UnitQty>י"ח</UnitQty>
      <Quantity>279</Quantity>
      <UnitMeasure>ל  גרם</UnitMeasure>
      <BisWeighted>0</BisWeighted>
      <QtyInPackage>1</QtyInPackage>
      <ItemPrice>14.90</ItemPrice>
      <UnitOfMeasurePrice>5.34</UnitOfMeasurePrice>
      <AllowDiscount>1</AllowDiscount>
      <itemStatus>1</itemStatus>
      <LastUpdateDate />
      <LastUpdateTime />
    </Product>
    <Product>
      <PriceUpdateDate>2018/12/31 14:23</PriceUpdateDate>
      <ItemCode>5410228144755</ItemCode>
      <ItemType>1</ItemType>
      <ItemName>סטלה סטלה שישיה 330 מ"ל</ItemName>
      <ManufactureName>חברה המרכזית להפצת משקאות בעמ</ManufactureName>
      <ManufactureCountry />
      <ManufactureItemDescription />
      <UnitQty>י"ח</UnitQty>
      <Quantity>1.98</Quantity>
      <UnitMeasure>ליטר</UnitMeasure>
      <BisWeighted>0</BisWeighted>
      <QtyInPackage>1</QtyInPackage>
      <ItemPrice>44.90</ItemPrice>
      <UnitOfMeasurePrice>21.77</UnitOfMeasurePrice>
      <AllowDiscount>1</AllowDiscount>
      <itemStatus>1</itemStatus>
      <LastUpdateDate />
      <LastUpdateTime />
    </Product>
    <Product>
      <PriceUpdateDate>2019/03/29 09:05</PriceUpdateDate>
      <ItemCode>5410316983693</ItemCode>
      <ItemType>1</ItemType>
      <ItemName>וודקה סמירנוף אייס בודד 275 מ``ל.</ItemName>
      <ManufactureName>חברה המרכזית להפצת משקאות בעמ</ManufactureName>
      <ManufactureCountry />
      <ManufactureItemDescription />
      <UnitQty>י"ח</UnitQty>
      <Quantity>275</Quantity>
      <UnitMeasure>ל  מ"ל</UnitMeasure>
      <BisWeighted>0</BisWeighted>
      <QtyInPackage>1</QtyInPackage>
      <ItemPrice>12.80</ItemPrice>
      <UnitOfMeasurePrice>4.55</UnitOfMeasurePrice>
      <AllowDiscount>1</AllowDiscount>
      <itemStatus>1</itemStatus>
      <LastUpdateDate />
      <LastUpdateTime />
    </Product>
    <Product>
      <PriceUpdateDate>2018/10/10 08:28</PriceUpdateDate>
      <ItemCode>5410658902413</ItemCode>
      <ItemType>1</ItemType>
      <ItemName>קפסולות קפה דרגת חוזק 08 Fortisimo</ItemName>
      <ManufactureName>אבאל יזמות בעמ</ManufactureName>
      <ManufactureCountry />
      <ManufactureItemDescription />
      <UnitQty>י"ח</UnitQty>
      <Quantity>10</Quantity>
      <UnitMeasure>י"ח</UnitMeasure>
      <BisWeighted>0</BisWeighted>
      <QtyInPackage>1</QtyInPackage>
      <ItemPrice>12.90</ItemPrice>
      <UnitOfMeasurePrice>1.29</UnitOfMeasurePrice>
      <AllowDiscount>1</AllowDiscount>
      <itemStatus>1</itemStatus>
      <LastUpdateDate />
      <LastUpdateTime />
    </Product>
    <Product>
      <PriceUpdateDate>2018/10/10 08:28</PriceUpdateDate>
      <ItemCode>5410658902420</ItemCode>
      <ItemType>1</ItemType>
      <ItemName>קפסולות קפה דרגת חוזק 10 Fortisimo Ris</ItemName>
      <ManufactureName>אבאל יזמות בעמ</ManufactureName>
      <ManufactureCountry />
      <ManufactureItemDescription />
      <UnitQty>י"ח</UnitQty>
      <Quantity>10</Quantity>
      <UnitMeasure>י"ח</UnitMeasure>
      <BisWeighted>0</BisWeighted>
      <QtyInPackage>1</QtyInPackage>
      <ItemPrice>12.90</ItemPrice>
      <UnitOfMeasurePrice>1.29</UnitOfMeasurePrice>
      <AllowDiscount>1</AllowDiscount>
      <itemStatus>1</itemStatus>
      <LastUpdateDate />
      <LastUpdateTime />
    </Product>
    <Product>
      <PriceUpdateDate>2018/10/10 08:28</PriceUpdateDate>
      <ItemCode>5410658902437</ItemCode>
      <ItemType>1</ItemType>
      <ItemName>קפסולות קפה דרגת חוזק 07 Fortisimo</ItemName>
      <ManufactureName>אבאל יזמות בעמ</ManufactureName>
      <ManufactureCountry />
      <ManufactureItemDescription />
      <UnitQty>י"ח</UnitQty>
      <Quantity>10</Quantity>
      <UnitMeasure>י"ח</UnitMeasure>
      <BisWeighted>0</BisWeighted>
      <QtyInPackage>1</QtyInPackage>
      <ItemPrice>12.90</ItemPrice>
      <UnitOfMeasurePrice>1.29</UnitOfMeasurePrice>
      <AllowDiscount>1</AllowDiscount>
      <itemStatus>1</itemStatus>
      <LastUpdateDate />
      <LastUpdateTime />
    </Product>
    <Product>
      <PriceUpdateDate>2018/10/10 08:28</PriceUpdateDate>
      <ItemCode>5410658902444</ItemCode>
      <ItemType>1</ItemType>
      <ItemName>קפסולות קפה דרגת חוזק 04 Fortisimo</ItemName>
      <ManufactureName>אבאל יזמות בעמ</ManufactureName>
      <ManufactureCountry />
      <ManufactureItemDescription />
      <UnitQty>י"ח</UnitQty>
      <Quantity>10</Quantity>
      <UnitMeasure>י"ח</UnitMeasure>
      <BisWeighted>0</BisWeighted>
      <QtyInPackage>1</QtyInPackage>
      <ItemPrice>12.90</ItemPrice>
      <UnitOfMeasurePrice>1.29</UnitOfMeasurePrice>
      <AllowDiscount>1</AllowDiscount>
      <itemStatus>1</itemStatus>
      <LastUpdateDate />
      <LastUpdateTime />
    </Product>
    <Product>
      <PriceUpdateDate>2018/11/18 09:19</PriceUpdateDate>
      <ItemCode>5410658902819</ItemCode>
      <ItemType>1</ItemType>
      <ItemName>קפסולות קפה דרגת חוזק 12</ItemName>
      <ManufactureName>אבאל יזמות בעמ</ManufactureName>
      <ManufactureCountry />
      <ManufactureItemDescription />
      <UnitQty>י"ח</UnitQty>
      <Quantity>10</Quantity>
      <UnitMeasure>י"ח</UnitMeasure>
      <BisWeighted>0</BisWeighted>
      <QtyInPackage>1</QtyInPackage>
      <ItemPrice>12.90</ItemPrice>
      <UnitOfMeasurePrice>1.29</UnitOfMeasurePrice>
      <AllowDiscount>1</AllowDiscount>
      <itemStatus>1</itemStatus>
      <LastUpdateDate />
      <LastUpdateTime />
    </Product>
    <Product>
      <PriceUpdateDate>2019/11/20 13:31</PriceUpdateDate>
      <ItemCode>5411098731113</ItemCode>
      <ItemType>1</ItemType>
      <ItemName>בירה אפליכם 300מ"ל בלונד  בודד</ItemName>
      <ManufactureName>טמפו משקאות בעמ</ManufactureName>
      <ManufactureCountry />
      <ManufactureItemDescription />
      <UnitQty>י"ח</UnitQty>
      <Quantity>300</Quantity>
      <UnitMeasure>ל  מ"ל</UnitMeasure>
      <BisWeighted>0</BisWeighted>
      <QtyInPackage>1</QtyInPackage>
      <ItemPrice>9.90</ItemPrice>
      <UnitOfMeasurePrice>3.20</UnitOfMeasurePrice>
      <AllowDiscount>1</AllowDiscount>
      <itemStatus>1</itemStatus>
      <LastUpdateDate />
      <LastUpdateTime />
    </Product>
    <Product>
      <PriceUpdateDate>2019/12/22 13:17</PriceUpdateDate>
      <ItemCode>5411188110842</ItemCode>
      <ItemType>1</ItemType>
      <ItemName>אלפרו חלב אגוזים  1ל</ItemName>
      <ManufactureName>ש.שסטוביץ בעמ</ManufactureName>
      <ManufactureCountry />
      <ManufactureItemDescription />
      <UnitQty>י"ח</UnitQty>
      <Quantity>1</Quantity>
      <UnitMeasure>ליטר</UnitMeasure>
      <BisWeighted>0</BisWeighted>
      <QtyInPackage>1</QtyInPackage>
      <ItemPrice>15.90</ItemPrice>
      <UnitOfMeasurePrice>15.90</UnitOfMeasurePrice>
      <AllowDiscount>1</AllowDiscount>
      <itemStatus>1</itemStatus>
      <LastUpdateDate />
      <LastUpdateTime />
    </Product>
    <Product>
      <PriceUpdateDate>2019/12/22 13:17</PriceUpdateDate>
      <ItemCode>5411188111375</ItemCode>
      <ItemType>1</ItemType>
      <ItemName>משקה אורז אלפרו</ItemName>
      <ManufactureName>ש.שסטוביץ בעמ</ManufactureName>
      <ManufactureCountry />
      <ManufactureItemDescription />
      <UnitQty>י"ח</UnitQty>
      <Quantity>1</Quantity>
      <UnitMeasure>ליטר</UnitMeasure>
      <BisWeighted>0</BisWeighted>
      <QtyInPackage>1</QtyInPackage>
      <ItemPrice>15.90</ItemPrice>
      <UnitOfMeasurePrice>15.90</UnitOfMeasurePrice>
      <AllowDiscount>1</AllowDiscount>
      <itemStatus>1</itemStatus>
      <LastUpdateDate />
      <LastUpdateTime />
    </Product>
    <Product>
      <PriceUpdateDate>2019/12/22 13:17</PriceUpdateDate>
      <ItemCode>5411188112549</ItemCode>
      <ItemType>1</ItemType>
      <ItemName>אלפרו משקה אורז 1ל</ItemName>
      <ManufactureName>ש.שסטוביץ בעמ</ManufactureName>
      <ManufactureCountry />
      <ManufactureItemDescription />
      <UnitQty>י"ח</UnitQty>
      <Quantity>1</Quantity>
      <UnitMeasure>ליטר</UnitMeasure>
      <BisWeighted>0</BisWeighted>
      <QtyInPackage>1</QtyInPackage>
      <ItemPrice>15.90</ItemPrice>
      <UnitOfMeasurePrice>15.90</UnitOfMeasurePrice>
      <AllowDiscount>1</AllowDiscount>
      <itemStatus>1</itemStatus>
      <LastUpdateDate />
      <LastUpdateTime />
    </Product>
    <Product>
      <PriceUpdateDate>2017/12/20 08:52</PriceUpdateDate>
      <ItemCode>5411188112709</ItemCode>
      <ItemType>1</ItemType>
      <ItemName>אלפרו שקדים ללא סוכר 1ל</ItemName>
      <ManufactureName>ש.שסטוביץ בעמ</ManufactureName>
      <ManufactureCountry />
      <ManufactureItemDescription />
      <UnitQty>י"ח</UnitQty>
      <Quantity>1</Quantity>
      <UnitMeasure>ליטר</UnitMeasure>
      <BisWeighted>0</BisWeighted>
      <QtyInPackage>1</QtyInPackage>
      <ItemPrice>15.90</ItemPrice>
      <UnitOfMeasurePrice>15.90</UnitOfMeasurePrice>
      <AllowDiscount>1</AllowDiscount>
      <itemStatus>1</itemStatus>
      <LastUpdateDate />
      <LastUpdateTime />
    </Product>
    <Product>
      <PriceUpdateDate>2019/12/22 13:17</PriceUpdateDate>
      <ItemCode>5411188114666</ItemCode>
      <ItemType>1</ItemType>
      <ItemName>אלפרו משקה קוקוס טעם שוקולד מריר  1ל</ItemName>
      <ManufactureName>ש.שסטוביץ בעמ</ManufactureName>
      <ManufactureCountry />
      <ManufactureItemDescription />
      <UnitQty>י"ח</UnitQty>
      <Quantity>1</Quantity>
      <UnitMeasure>ליטר</UnitMeasure>
      <BisWeighted>0</BisWeighted>
      <QtyInPackage>1</QtyInPackage>
      <ItemPrice>15.90</ItemPrice>
      <UnitOfMeasurePrice>15.90</UnitOfMeasurePrice>
      <AllowDiscount>1</AllowDiscount>
      <itemStatus>1</itemStatus>
      <LastUpdateDate />
      <LastUpdateTime />
    </Product>
    <Product>
      <PriceUpdateDate>2019/12/22 13:17</PriceUpdateDate>
      <ItemCode>5411188115366</ItemCode>
      <ItemType>1</ItemType>
      <ItemName>אלפרו משקה שיבולת שועל 1ל</ItemName>
      <ManufactureName>ש.שסטוביץ בעמ</ManufactureName>
      <ManufactureCountry />
      <ManufactureItemDescription />
      <UnitQty>י"ח</UnitQty>
      <Quantity>1</Quantity>
      <UnitMeasure>ליטר</UnitMeasure>
      <BisWeighted>0</BisWeighted>
      <QtyInPackage>1</QtyInPackage>
      <ItemPrice>15.90</ItemPrice>
      <UnitOfMeasurePrice>15.90</UnitOfMeasurePrice>
      <AllowDiscount>1</AllowDiscount>
      <itemStatus>1</itemStatus>
      <LastUpdateDate />
      <LastUpdateTime />
    </Product>
    <Product>
      <PriceUpdateDate>2019/12/22 13:17</PriceUpdateDate>
      <ItemCode>5411188116592</ItemCode>
      <ItemType>1</ItemType>
      <ItemName>אלפרו משקה קוקוס 1ל</ItemName>
      <ManufactureName>ש.שסטוביץ בעמ</ManufactureName>
      <ManufactureCountry />
      <ManufactureItemDescription />
      <UnitQty>י"ח</UnitQty>
      <Quantity>1</Quantity>
      <UnitMeasure>ליטר</UnitMeasure>
      <BisWeighted>0</BisWeighted>
      <QtyInPackage>1</QtyInPackage>
      <ItemPrice>15.90</ItemPrice>
      <UnitOfMeasurePrice>15.90</UnitOfMeasurePrice>
      <AllowDiscount>1</AllowDiscount>
      <itemStatus>1</itemStatus>
      <LastUpdateDate />
      <LastUpdateTime />
    </Product>
    <Product>
      <PriceUpdateDate>2019/12/22 13:17</PriceUpdateDate>
      <ItemCode>5411188118732</ItemCode>
      <ItemType>1</ItemType>
      <ItemName>אלפרו משקה קוקס שקדים  1ל</ItemName>
      <ManufactureName>ש.שסטוביץ בעמ</ManufactureName>
      <ManufactureCountry />
      <ManufactureItemDescription />
      <UnitQty>י"ח</UnitQty>
      <Quantity>1</Quantity>
      <UnitMeasure>ליטר</UnitMeasure>
      <BisWeighted>0</BisWeighted>
      <QtyInPackage>1</QtyInPackage>
      <ItemPrice>15.90</ItemPrice>
      <UnitOfMeasurePrice>15.90</UnitOfMeasurePrice>
      <AllowDiscount>1</AllowDiscount>
      <itemStatus>1</itemStatus>
      <LastUpdateDate />
      <LastUpdateTime />
    </Product>
    <Product>
      <PriceUpdateDate>2019/12/22 13:17</PriceUpdateDate>
      <ItemCode>5411188119074</ItemCode>
      <ItemType>1</ItemType>
      <ItemName>אלפרו משקה קוקוס טעם שוקולד  1ל</ItemName>
      <ManufactureName>ש.שסטוביץ בעמ</ManufactureName>
      <ManufactureCountry />
      <ManufactureItemDescription />
      <UnitQty>י"ח</UnitQty>
      <Quantity>1</Quantity>
      <UnitMeasure>ליטר</UnitMeasure>
      <BisWeighted>0</BisWeighted>
      <QtyInPackage>1</QtyInPackage>
      <ItemPrice>15.90</ItemPrice>
      <UnitOfMeasurePrice>15.90</UnitOfMeasurePrice>
      <AllowDiscount>1</AllowDiscount>
      <itemStatus>1</itemStatus>
      <LastUpdateDate />
      <LastUpdateTime />
    </Product>
    <Product>
      <PriceUpdateDate>2019/12/22 13:17</PriceUpdateDate>
      <ItemCode>5411188120742</ItemCode>
      <ItemType>1</ItemType>
      <ItemName>אלפרו משקה שקדים טעם וניל  1ל</ItemName>
      <ManufactureName>ש.שסטוביץ בעמ</ManufactureName>
      <ManufactureCountry />
      <ManufactureItemDescription />
      <UnitQty>י"ח</UnitQty>
      <Quantity>1</Quantity>
      <UnitMeasure>ליטר</UnitMeasure>
      <BisWeighted>0</BisWeighted>
      <QtyInPackage>1</QtyInPackage>
      <ItemPrice>15.90</ItemPrice>
      <UnitOfMeasurePrice>15.90</UnitOfMeasurePrice>
      <AllowDiscount>1</AllowDiscount>
      <itemStatus>1</itemStatus>
      <LastUpdateDate />
      <LastUpdateTime />
    </Product>
    <Product>
      <PriceUpdateDate>2019/12/22 13:17</PriceUpdateDate>
      <ItemCode>5411188122661</ItemCode>
      <ItemType>1</ItemType>
      <ItemName>אלפרו משקה שקדים ללא סוכר 1ל</ItemName>
      <ManufactureName>ש.שסטוביץ בעמ</ManufactureName>
      <ManufactureCountry />
      <ManufactureItemDescription />
      <UnitQty>י"ח</UnitQty>
      <Quantity>1</Quantity>
      <UnitMeasure>ליטר</UnitMeasure>
      <BisWeighted>0</BisWeighted>
      <QtyInPackage>1</QtyInPackage>
      <ItemPrice>15.90</ItemPrice>
      <UnitOfMeasurePrice>15.90</UnitOfMeasurePrice>
      <AllowDiscount>1</AllowDiscount>
      <itemStatus>1</itemStatus>
      <LastUpdateDate />
      <LastUpdateTime />
    </Product>
    <Product>
      <PriceUpdateDate>2019/12/22 13:17</PriceUpdateDate>
      <ItemCode>5411188122890</ItemCode>
      <ItemType>1</ItemType>
      <ItemName>אלפרו משקה קשיו 1ל</ItemName>
      <ManufactureName>ש.שסטוביץ בעמ</ManufactureName>
      <ManufactureCountry />
      <ManufactureItemDescription />
      <UnitQty>י"ח</UnitQty>
      <Quantity>1</Quantity>
      <UnitMeasure>ליטר</UnitMeasure>
      <BisWeighted>0</BisWeighted>
      <QtyInPackage>1</QtyInPackage>
      <ItemPrice>15.90</ItemPrice>
      <UnitOfMeasurePrice>15.90</UnitOfMeasurePrice>
      <AllowDiscount>1</AllowDiscount>
      <itemStatus>1</itemStatus>
      <LastUpdateDate />
      <LastUpdateTime />
    </Product>
    <Product>
      <PriceUpdateDate>2019/12/22 13:17</PriceUpdateDate>
      <ItemCode>5411188124726</ItemCode>
      <ItemType>1</ItemType>
      <ItemName>אלפרו משקה שיבולת שועל שקדים 1ל</ItemName>
      <ManufactureName>ש.שסטוביץ בעמ</ManufactureName>
      <ManufactureCountry />
      <ManufactureItemDescription />
      <UnitQty>י"ח</UnitQty>
      <Quantity>1</Quantity>
      <UnitMeasure>ליטר</UnitMeasure>
      <BisWeighted>0</BisWeighted>
      <QtyInPackage>1</QtyInPackage>
      <ItemPrice>15.90</ItemPrice>
      <UnitOfMeasurePrice>15.90</UnitOfMeasurePrice>
      <AllowDiscount>1</AllowDiscount>
      <itemStatus>1</itemStatus>
      <LastUpdateDate />
      <LastUpdateTime />
    </Product>
    <Product>
      <PriceUpdateDate>2019/12/22 13:17</PriceUpdateDate>
      <ItemCode>5411188126195</ItemCode>
      <ItemType>1</ItemType>
      <ItemName>אלפרו משקה שקדים אורגנו   1ל</ItemName>
      <ManufactureName>ש.שסטוביץ בעמ</ManufactureName>
      <ManufactureCountry />
      <ManufactureItemDescription />
      <UnitQty>י"ח</UnitQty>
      <Quantity>1</Quantity>
      <UnitMeasure>ליטר</UnitMeasure>
      <BisWeighted>0</BisWeighted>
      <QtyInPackage>1</QtyInPackage>
      <ItemPrice>15.90</ItemPrice>
      <UnitOfMeasurePrice>15.90</UnitOfMeasurePrice>
      <AllowDiscount>1</AllowDiscount>
      <itemStatus>1</itemStatus>
      <LastUpdateDate />
      <LastUpdateTime />
    </Product>
    <Product>
      <PriceUpdateDate>2016/03/06 10:23</PriceUpdateDate>
      <ItemCode>5413149541825</ItemCode>
      <ItemType>1</ItemType>
      <ItemName>טייד 5 ק"ג</ItemName>
      <ManufactureName>דיפלומט מפיצים 1968 בעמ</ManufactureName>
      <ManufactureCountry />
      <ManufactureItemDescription />
      <UnitQty>י"ח</UnitQty>
      <Quantity>5</Quantity>
      <UnitMeasure>ק"ג</UnitMeasure>
      <BisWeighted>0</BisWeighted>
      <QtyInPackage>1</QtyInPackage>
      <ItemPrice>39.90</ItemPrice>
      <UnitOfMeasurePrice>7.98</UnitOfMeasurePrice>
      <AllowDiscount>1</AllowDiscount>
      <itemStatus>1</itemStatus>
      <LastUpdateDate />
      <LastUpdateTime />
    </Product>
    <Product>
      <PriceUpdateDate>2016/03/06 10:23</PriceUpdateDate>
      <ItemCode>5413149930025</ItemCode>
      <ItemType>1</ItemType>
      <ItemName>טייד 5ק"ג רגיל</ItemName>
      <ManufactureName>דיפלומט מפיצים 1968 בעמ</ManufactureName>
      <ManufactureCountry />
      <ManufactureItemDescription />
      <UnitQty>י"ח</UnitQty>
      <Quantity>5</Quantity>
      <UnitMeasure>ק"ג</UnitMeasure>
      <BisWeighted>0</BisWeighted>
      <QtyInPackage>1</QtyInPackage>
      <ItemPrice>39.90</ItemPrice>
      <UnitOfMeasurePrice>7.98</UnitOfMeasurePrice>
      <AllowDiscount>1</AllowDiscount>
      <itemStatus>1</itemStatus>
      <LastUpdateDate />
      <LastUpdateTime />
    </Product>
    <Product>
      <PriceUpdateDate>2017/06/12 09:12</PriceUpdateDate>
      <ItemCode>5601008200444</ItemCode>
      <ItemType>1</ItemType>
      <ItemName>גודיס עוגיות מצופות שוק.חלב</ItemName>
      <ManufactureName>ש.שסטוביץ בעמ</ManufactureName>
      <ManufactureCountry />
      <ManufactureItemDescription />
      <UnitQty>י"ח</UnitQty>
      <Quantity>150</Quantity>
      <UnitMeasure>ל  גרם</UnitMeasure>
      <BisWeighted>0</BisWeighted>
      <QtyInPackage>1</QtyInPackage>
      <ItemPrice>5.90</ItemPrice>
      <UnitOfMeasurePrice>3.93</UnitOfMeasurePrice>
      <AllowDiscount>1</AllowDiscount>
      <itemStatus>1</itemStatus>
      <LastUpdateDate />
      <LastUpdateTime />
    </Product>
    <Product>
      <PriceUpdateDate>2017/06/12 09:12</PriceUpdateDate>
      <ItemCode>5601008200451</ItemCode>
      <ItemType>1</ItemType>
      <ItemName>גודיס עוגיות מצופות שוק.מריר</ItemName>
      <ManufactureName>ש.שסטוביץ בעמ</ManufactureName>
      <ManufactureCountry />
      <ManufactureItemDescription />
      <UnitQty>י"ח</UnitQty>
      <Quantity>150</Quantity>
      <UnitMeasure>ל  גרם</UnitMeasure>
      <BisWeighted>0</BisWeighted>
      <QtyInPackage>1</QtyInPackage>
      <ItemPrice>5.90</ItemPrice>
      <UnitOfMeasurePrice>3.93</UnitOfMeasurePrice>
      <AllowDiscount>1</AllowDiscount>
      <itemStatus>1</itemStatus>
      <LastUpdateDate />
      <LastUpdateTime />
    </Product>
    <Product>
      <PriceUpdateDate>2017/06/12 09:12</PriceUpdateDate>
      <ItemCode>5601008200468</ItemCode>
      <ItemType>1</ItemType>
      <ItemName>גודיס עוגיות מצופות שוק.לבן</ItemName>
      <ManufactureName>ש.שסטוביץ בעמ</ManufactureName>
      <ManufactureCountry />
      <ManufactureItemDescription />
      <UnitQty>י"ח</UnitQty>
      <Quantity>150</Quantity>
      <UnitMeasure>ל  גרם</UnitMeasure>
      <BisWeighted>0</BisWeighted>
      <QtyInPackage>1</QtyInPackage>
      <ItemPrice>5.90</ItemPrice>
      <UnitOfMeasurePrice>3.93</UnitOfMeasurePrice>
      <AllowDiscount>1</AllowDiscount>
      <itemStatus>1</itemStatus>
      <LastUpdateDate />
      <LastUpdateTime />
    </Product>
    <Product>
      <PriceUpdateDate>2016/04/11 14:47</PriceUpdateDate>
      <ItemCode>5601036205534</ItemCode>
      <ItemType>1</ItemType>
      <ItemName>צבע לשיער  לוריאל</ItemName>
      <ManufactureName>לוריאל ישראל קוסמטיקס בעמ</ManufactureName>
      <ManufactureCountry />
      <ManufactureItemDescription />
      <UnitQty>י"ח</UnitQty>
      <Quantity>1</Quantity>
      <UnitMeasure />
      <BisWeighted>0</BisWeighted>
      <QtyInPackage>1</QtyInPackage>
      <ItemPrice>39.90</ItemPrice>
      <UnitOfMeasurePrice>39.90</UnitOfMeasurePrice>
      <AllowDiscount>1</AllowDiscount>
      <itemStatus>1</itemStatus>
      <LastUpdateDate />
      <LastUpdateTime />
    </Product>
    <Product>
      <PriceUpdateDate>2016/06/20 11:19</PriceUpdateDate>
      <ItemCode>5601036205541</ItemCode>
      <ItemType>1</ItemType>
      <ItemName>צבעי אקסלנס בצבעים</ItemName>
      <ManufactureName>לוריאל ישראל קוסמטיקס בעמ</ManufactureName>
      <ManufactureCountry />
      <ManufactureItemDescription />
      <UnitQty>י"ח</UnitQty>
      <Quantity>1</Quantity>
      <UnitMeasure />
      <BisWeighted>0</BisWeighted>
      <QtyInPackage>1</QtyInPackage>
      <ItemPrice>39.90</ItemPrice>
      <UnitOfMeasurePrice>39.90</UnitOfMeasurePrice>
      <AllowDiscount>1</AllowDiscount>
      <itemStatus>1</itemStatus>
      <LastUpdateDate />
      <LastUpdateTime />
    </Product>
    <Product>
      <PriceUpdateDate>2016/04/11 14:47</PriceUpdateDate>
      <ItemCode>5601036205558</ItemCode>
      <ItemType>1</ItemType>
      <ItemName>צבעי אקסלנס בצבעים</ItemName>
      <ManufactureName>לוריאל ישראל קוסמטיקס בעמ</ManufactureName>
      <ManufactureCountry />
      <ManufactureItemDescription />
      <UnitQty>י"ח</UnitQty>
      <Quantity>1</Quantity>
      <UnitMeasure />
      <BisWeighted>0</BisWeighted>
      <QtyInPackage>1</QtyInPackage>
      <ItemPrice>39.90</ItemPrice>
      <UnitOfMeasurePrice>39.90</UnitOfMeasurePrice>
      <AllowDiscount>1</AllowDiscount>
      <itemStatus>1</itemStatus>
      <LastUpdateDate />
      <LastUpdateTime />
    </Product>
    <Product>
      <PriceUpdateDate>2016/06/20 11:19</PriceUpdateDate>
      <ItemCode>5601036205572</ItemCode>
      <ItemType>1</ItemType>
      <ItemName>צבעי אקסלנס בצבעים</ItemName>
      <ManufactureName>לוריאל ישראל קוסמטיקס בעמ</ManufactureName>
      <ManufactureCountry />
      <ManufactureItemDescription />
      <UnitQty>י"ח</UnitQty>
      <Quantity>1</Quantity>
      <UnitMeasure />
      <BisWeighted>0</BisWeighted>
      <QtyInPackage>1</QtyInPackage>
      <ItemPrice>39.90</ItemPrice>
      <UnitOfMeasurePrice>39.90</UnitOfMeasurePrice>
      <AllowDiscount>1</AllowDiscount>
      <itemStatus>1</itemStatus>
      <LastUpdateDate />
      <LastUpdateTime />
    </Product>
    <Product>
      <PriceUpdateDate>2016/04/11 14:47</PriceUpdateDate>
      <ItemCode>5601036205619</ItemCode>
      <ItemType>1</ItemType>
      <ItemName>צבעי אקסלנס בצבעים</ItemName>
      <ManufactureName>לוריאל ישראל קוסמטיקס בעמ</ManufactureName>
      <ManufactureCountry />
      <ManufactureItemDescription />
      <UnitQty>י"ח</UnitQty>
      <Quantity>1</Quantity>
      <UnitMeasure />
      <BisWeighted>0</BisWeighted>
      <QtyInPackage>1</QtyInPackage>
      <ItemPrice>39.90</ItemPrice>
      <UnitOfMeasurePrice>39.90</UnitOfMeasurePrice>
      <AllowDiscount>1</AllowDiscount>
      <itemStatus>1</itemStatus>
      <LastUpdateDate />
      <LastUpdateTime />
    </Product>
    <Product>
      <PriceUpdateDate>2016/06/20 11:19</PriceUpdateDate>
      <ItemCode>5601036205626</ItemCode>
      <ItemType>1</ItemType>
      <ItemName>צבעי אקסלנס בצבעים</ItemName>
      <ManufactureName>לוריאל ישראל קוסמטיקס בעמ</ManufactureName>
      <ManufactureCountry />
      <ManufactureItemDescription />
      <UnitQty>י"ח</UnitQty>
      <Quantity>1</Quantity>
      <UnitMeasure />
      <BisWeighted>0</BisWeighted>
      <QtyInPackage>1</QtyInPackage>
      <ItemPrice>39.90</ItemPrice>
      <UnitOfMeasurePrice>39.90</UnitOfMeasurePrice>
      <AllowDiscount>1</AllowDiscount>
      <itemStatus>1</itemStatus>
      <LastUpdateDate />
      <LastUpdateTime />
    </Product>
    <Product>
      <PriceUpdateDate>2016/06/20 11:19</PriceUpdateDate>
      <ItemCode>5601036205657</ItemCode>
      <ItemType>1</ItemType>
      <ItemName>צבעי אקסלנס בצבעים</ItemName>
      <ManufactureName>לוריאל ישראל קוסמטיקס בעמ</ManufactureName>
      <ManufactureCountry />
      <ManufactureItemDescription />
      <UnitQty>י"ח</UnitQty>
      <Quantity>1</Quantity>
      <UnitMeasure />
      <BisWeighted>0</BisWeighted>
      <QtyInPackage>1</QtyInPackage>
      <ItemPrice>39.90</ItemPrice>
      <UnitOfMeasurePrice>39.90</UnitOfMeasurePrice>
      <AllowDiscount>1</AllowDiscount>
      <itemStatus>1</itemStatus>
      <LastUpdateDate />
      <LastUpdateTime />
    </Product>
    <Product>
      <PriceUpdateDate>2016/05/11 11:18</PriceUpdateDate>
      <ItemCode>5601036205664</ItemCode>
      <ItemType>1</ItemType>
      <ItemName>אקסלנס קרם בלונד בהיר</ItemName>
      <ManufactureName>לוריאל ישראל קוסמטיקס בעמ</ManufactureName>
      <ManufactureCountry />
      <ManufactureItemDescription />
      <UnitQty>י"ח</UnitQty>
      <Quantity>1</Quantity>
      <UnitMeasure />
      <BisWeighted>0</BisWeighted>
      <QtyInPackage>1</QtyInPackage>
      <ItemPrice>39.90</ItemPrice>
      <UnitOfMeasurePrice>39.90</UnitOfMeasurePrice>
      <AllowDiscount>1</AllowDiscount>
      <itemStatus>1</itemStatus>
      <LastUpdateDate />
      <LastUpdateTime />
    </Product>
    <Product>
      <PriceUpdateDate>2016/05/11 11:18</PriceUpdateDate>
      <ItemCode>5601036205671</ItemCode>
      <ItemType>1</ItemType>
      <ItemName>אקסלנס אולטרה קרם בלונד זהוב</ItemName>
      <ManufactureName>לוריאל ישראל קוסמטיקס בעמ</ManufactureName>
      <ManufactureCountry />
      <ManufactureItemDescription />
      <UnitQty>י"ח</UnitQty>
      <Quantity>1</Quantity>
      <UnitMeasure />
      <BisWeighted>0</BisWeighted>
      <QtyInPackage>1</QtyInPackage>
      <ItemPrice>39.90</ItemPrice>
      <UnitOfMeasurePrice>39.90</UnitOfMeasurePrice>
      <AllowDiscount>1</AllowDiscount>
      <itemStatus>1</itemStatus>
      <LastUpdateDate />
      <LastUpdateTime />
    </Product>
    <Product>
      <PriceUpdateDate>2016/04/11 14:47</PriceUpdateDate>
      <ItemCode>5601036205688</ItemCode>
      <ItemType>1</ItemType>
      <ItemName>צבעי אקסלנס בצבעים</ItemName>
      <ManufactureName>לוריאל ישראל קוסמטיקס בעמ</ManufactureName>
      <ManufactureCountry />
      <ManufactureItemDescription />
      <UnitQty>י"ח</UnitQty>
      <Quantity>1</Quantity>
      <UnitMeasure />
      <BisWeighted>0</BisWeighted>
      <QtyInPackage>1</QtyInPackage>
      <ItemPrice>39.90</ItemPrice>
      <UnitOfMeasurePrice>39.90</UnitOfMeasurePrice>
      <AllowDiscount>1</AllowDiscount>
      <itemStatus>1</itemStatus>
      <LastUpdateDate />
      <LastUpdateTime />
    </Product>
    <Product>
      <PriceUpdateDate>2016/05/11 11:18</PriceUpdateDate>
      <ItemCode>5601036205695</ItemCode>
      <ItemType>1</ItemType>
      <ItemName>אקסלנס קרם בלונד בהיר</ItemName>
      <ManufactureName>לוריאל ישראל קוסמטיקס בעמ</ManufactureName>
      <ManufactureCountry />
      <ManufactureItemDescription />
      <UnitQty>י"ח</UnitQty>
      <Quantity>1</Quantity>
      <UnitMeasure />
      <BisWeighted>0</BisWeighted>
      <QtyInPackage>1</QtyInPackage>
      <ItemPrice>39.90</ItemPrice>
      <UnitOfMeasurePrice>39.90</UnitOfMeasurePrice>
      <AllowDiscount>1</AllowDiscount>
      <itemStatus>1</itemStatus>
      <LastUpdateDate />
      <LastUpdateTime />
    </Product>
    <Product>
      <PriceUpdateDate>2016/05/11 11:18</PriceUpdateDate>
      <ItemCode>5601036205725</ItemCode>
      <ItemType>1</ItemType>
      <ItemName>אקסלנס אולטרה קרם בלונד מאוד מאוד בהיר</ItemName>
      <ManufactureName>לוריאל ישראל קוסמטיקס בעמ</ManufactureName>
      <ManufactureCountry />
      <ManufactureItemDescription />
      <UnitQty>י"ח</UnitQty>
      <Quantity>1</Quantity>
      <UnitMeasure />
      <BisWeighted>0</BisWeighted>
      <QtyInPackage>1</QtyInPackage>
      <ItemPrice>39.90</ItemPrice>
      <UnitOfMeasurePrice>39.90</UnitOfMeasurePrice>
      <AllowDiscount>1</AllowDiscount>
      <itemStatus>1</itemStatus>
      <LastUpdateDate />
      <LastUpdateTime />
    </Product>
    <Product>
      <PriceUpdateDate>2016/04/11 14:47</PriceUpdateDate>
      <ItemCode>5601036206418</ItemCode>
      <ItemType>1</ItemType>
      <ItemName>צבעי אקסלנס בצבעים</ItemName>
      <ManufactureName>לוריאל ישראל קוסמטיקס בעמ</ManufactureName>
      <ManufactureCountry />
      <ManufactureItemDescription />
      <UnitQty>י"ח</UnitQty>
      <Quantity>1</Quantity>
      <UnitMeasure />
      <BisWeighted>0</BisWeighted>
      <QtyInPackage>1</QtyInPackage>
      <ItemPrice>39.90</ItemPrice>
      <UnitOfMeasurePrice>39.90</UnitOfMeasurePrice>
      <AllowDiscount>1</AllowDiscount>
      <itemStatus>1</itemStatus>
      <LastUpdateDate />
      <LastUpdateTime />
    </Product>
    <Product>
      <PriceUpdateDate>2016/06/20 11:19</PriceUpdateDate>
      <ItemCode>5601036213577</ItemCode>
      <ItemType>1</ItemType>
      <ItemName>אקסלנס אולטרה קרם מהגוני נחושתי</ItemName>
      <ManufactureName>לוריאל ישראל קוסמטיקס בעמ</ManufactureName>
      <ManufactureCountry />
      <ManufactureItemDescription />
      <UnitQty>י"ח</UnitQty>
      <Quantity>1</Quantity>
      <UnitMeasure />
      <BisWeighted>0</BisWeighted>
      <QtyInPackage>1</QtyInPackage>
      <ItemPrice>39.90</ItemPrice>
      <UnitOfMeasurePrice>39.90</UnitOfMeasurePrice>
      <AllowDiscount>1</AllowDiscount>
      <itemStatus>1</itemStatus>
      <LastUpdateDate />
      <LastUpdateTime />
    </Product>
    <Product>
      <PriceUpdateDate>2016/04/11 14:47</PriceUpdateDate>
      <ItemCode>5601036213584</ItemCode>
      <ItemType>1</ItemType>
      <ItemName>צבעי לשיער  אקסלנס בצבעים</ItemName>
      <ManufactureName>לוריאל ישראל קוסמטיקס בעמ</ManufactureName>
      <ManufactureCountry />
      <ManufactureItemDescription />
      <UnitQty>י"ח</UnitQty>
      <Quantity>1</Quantity>
      <UnitMeasure />
      <BisWeighted>0</BisWeighted>
      <QtyInPackage>1</QtyInPackage>
      <ItemPrice>39.90</ItemPrice>
      <UnitOfMeasurePrice>39.90</UnitOfMeasurePrice>
      <AllowDiscount>1</AllowDiscount>
      <itemStatus>1</itemStatus>
      <LastUpdateDate />
      <LastUpdateTime />
    </Product>
    <Product>
      <PriceUpdateDate>2014/01/05 12:51</PriceUpdateDate>
      <ItemCode>5601045300008</ItemCode>
      <ItemType>1</ItemType>
      <ItemName>משקה גוארנה אנטרטיקה 1.5ליטר</ItemName>
      <ManufactureName>טמפו משקאות בעמ</ManufactureName>
      <ManufactureCountry />
      <ManufactureItemDescription />
      <UnitQty>י"ח</UnitQty>
      <Quantity>1.50</Quantity>
      <UnitMeasure>ליטר</UnitMeasure>
      <BisWeighted>0</BisWeighted>
      <QtyInPackage>1</QtyInPackage>
      <ItemPrice>11</ItemPrice>
      <UnitOfMeasurePrice>7.33</UnitOfMeasurePrice>
      <AllowDiscount>1</AllowDiscount>
      <itemStatus>1</itemStatus>
      <LastUpdateDate />
      <LastUpdateTime />
    </Product>
    <Product>
      <PriceUpdateDate>2018/05/21 08:02</PriceUpdateDate>
      <ItemCode>5601069105986</ItemCode>
      <ItemType>1</ItemType>
      <ItemName>עוגיות חמאה 200גר`</ItemName>
      <ManufactureName>ג.וילי פוד אינטרנשיונל בעמ</ManufactureName>
      <ManufactureCountry />
      <ManufactureItemDescription />
      <UnitQty>י"ח</UnitQty>
      <Quantity>200</Quantity>
      <UnitMeasure>ל  גרם</UnitMeasure>
      <BisWeighted>0</BisWeighted>
      <QtyInPackage>1</QtyInPackage>
      <ItemPrice>9.90</ItemPrice>
      <UnitOfMeasurePrice>4.95</UnitOfMeasurePrice>
      <AllowDiscount>1</AllowDiscount>
      <itemStatus>1</itemStatus>
      <LastUpdateDate />
      <LastUpdateTime />
    </Product>
    <Product>
      <PriceUpdateDate>2017/08/17 07:50</PriceUpdateDate>
      <ItemCode>5701092108708</ItemCode>
      <ItemType>1</ItemType>
      <ItemName>פיניש קוואנטו לימון 20 יח</ItemName>
      <ManufactureName>רקיט בנקיזר (ניר איסט) בעמ</ManufactureName>
      <ManufactureCountry />
      <ManufactureItemDescription />
      <UnitQty>י"ח</UnitQty>
      <Quantity>432</Quantity>
      <UnitMeasure>ל  גרם</UnitMeasure>
      <BisWeighted>0</BisWeighted>
      <QtyInPackage>1</QtyInPackage>
      <ItemPrice>29.90</ItemPrice>
      <UnitOfMeasurePrice>6.92</UnitOfMeasurePrice>
      <AllowDiscount>1</AllowDiscount>
      <itemStatus>1</itemStatus>
      <LastUpdateDate />
      <LastUpdateTime />
    </Product>
    <Product>
      <PriceUpdateDate>2019/11/17 07:36</PriceUpdateDate>
      <ItemCode>5701932026964</ItemCode>
      <ItemType>1</ItemType>
      <ItemName>הוטפופ מלוח 600 גרם</ItemName>
      <ManufactureName>ליימן שליסל</ManufactureName>
      <ManufactureCountry />
      <ManufactureItemDescription />
      <UnitQty>י"ח</UnitQty>
      <Quantity>600</Quantity>
      <UnitMeasure>ל  גרם</UnitMeasure>
      <BisWeighted>0</BisWeighted>
      <QtyInPackage>1</QtyInPackage>
      <ItemPrice>16.90</ItemPrice>
      <UnitOfMeasurePrice>2.82</UnitOfMeasurePrice>
      <AllowDiscount>1</AllowDiscount>
      <itemStatus>1</itemStatus>
      <LastUpdateDate />
      <LastUpdateTime />
    </Product>
    <Product>
      <PriceUpdateDate>2019/11/17 07:36</PriceUpdateDate>
      <ItemCode>5701932026971</ItemCode>
      <ItemType>1</ItemType>
      <ItemName>הוטפופ חמאה 600 גרם</ItemName>
      <ManufactureName>ליימן שליסל</ManufactureName>
      <ManufactureCountry />
      <ManufactureItemDescription />
      <UnitQty>י"ח</UnitQty>
      <Quantity>600</Quantity>
      <UnitMeasure>ל  גרם</UnitMeasure>
      <BisWeighted>0</BisWeighted>
      <QtyInPackage>1</QtyInPackage>
      <ItemPrice>16.90</ItemPrice>
      <UnitOfMeasurePrice>2.82</UnitOfMeasurePrice>
      <AllowDiscount>1</AllowDiscount>
      <itemStatus>1</itemStatus>
      <LastUpdateDate />
      <LastUpdateTime />
    </Product>
    <Product>
      <PriceUpdateDate>2016/09/04 13:17</PriceUpdateDate>
      <ItemCode>5701932026995</ItemCode>
      <ItemType>1</ItemType>
      <ItemName>הוטפופ לייט טבעי 500גר.</ItemName>
      <ManufactureName>ליימן שליסל</ManufactureName>
      <ManufactureCountry />
      <ManufactureItemDescription />
      <UnitQty>י"ח</UnitQty>
      <Quantity>510</Quantity>
      <UnitMeasure>ל  גרם</UnitMeasure>
      <BisWeighted>0</BisWeighted>
      <QtyInPackage>1</QtyInPackage>
      <ItemPrice>16.90</ItemPrice>
      <UnitOfMeasurePrice>3.31</UnitOfMeasurePrice>
      <AllowDiscount>1</AllowDiscount>
      <itemStatus>1</itemStatus>
      <LastUpdateDate />
      <LastUpdateTime />
    </Product>
    <Product>
      <PriceUpdateDate>2019/11/17 07:36</PriceUpdateDate>
      <ItemCode>5706516031358</ItemCode>
      <ItemType>1</ItemType>
      <ItemName>הוטפופ 100 קלוריות 5שק`</ItemName>
      <ManufactureName>ליימן שליסל</ManufactureName>
      <ManufactureCountry />
      <ManufactureItemDescription />
      <UnitQty>י"ח</UnitQty>
      <Quantity>1</Quantity>
      <UnitMeasure />
      <BisWeighted>0</BisWeighted>
      <QtyInPackage>1</QtyInPackage>
      <ItemPrice>16.90</ItemPrice>
      <UnitOfMeasurePrice>16.90</UnitOfMeasurePrice>
      <AllowDiscount>1</AllowDiscount>
      <itemStatus>1</itemStatus>
      <LastUpdateDate />
      <LastUpdateTime />
    </Product>
    <Product>
      <PriceUpdateDate>2020/01/14 09:59</PriceUpdateDate>
      <ItemCode>5711953105951</ItemCode>
      <ItemType>1</ItemType>
      <ItemName>קסטלו דנאבלו גבינה כחולה 100גר שטראוס</ItemName>
      <ManufactureName>שטראוס גרופ ***בעמ</ManufactureName>
      <ManufactureCountry />
      <ManufactureItemDescription />
      <UnitQty>י"ח</UnitQty>
      <Quantity>100</Quantity>
      <UnitMeasure>ל  גרם</UnitMeasure>
      <BisWeighted>0</BisWeighted>
      <QtyInPackage>1</QtyInPackage>
      <ItemPrice>21.90</ItemPrice>
      <UnitOfMeasurePrice>21.90</UnitOfMeasurePrice>
      <AllowDiscount>1</AllowDiscount>
      <itemStatus>1</itemStatus>
      <LastUpdateDate />
      <LastUpdateTime />
    </Product>
    <Product>
      <PriceUpdateDate>2019/09/18 08:39</PriceUpdateDate>
      <ItemCode>5711953106583</ItemCode>
      <ItemType>1</ItemType>
      <ItemName>גבינת שמנת 24% שומן טבעי  200גר</ItemName>
      <ManufactureName>שטראוס גרופ ***בעמ</ManufactureName>
      <ManufactureCountry />
      <ManufactureItemDescription />
      <UnitQty>י"ח</UnitQty>
      <Quantity>200</Quantity>
      <UnitMeasure>ל  גרם</UnitMeasure>
      <BisWeighted>0</BisWeighted>
      <QtyInPackage>1</QtyInPackage>
      <ItemPrice>17.90</ItemPrice>
      <UnitOfMeasurePrice>8.95</UnitOfMeasurePrice>
      <AllowDiscount>1</AllowDiscount>
      <itemStatus>1</itemStatus>
      <LastUpdateDate />
      <LastUpdateTime />
    </Product>
    <Product>
      <PriceUpdateDate>2019/09/18 08:39</PriceUpdateDate>
      <ItemCode>5711953106590</ItemCode>
      <ItemType>1</ItemType>
      <ItemName>גבינת שמנת 24% שומן עם שום  200ג.</ItemName>
      <ManufactureName>שטראוס גרופ ***בעמ</ManufactureName>
      <ManufactureCountry />
      <ManufactureItemDescription />
      <UnitQty>י"ח</UnitQty>
      <Quantity>200</Quantity>
      <UnitMeasure>ל  גרם</UnitMeasure>
      <BisWeighted>0</BisWeighted>
      <QtyInPackage>1</QtyInPackage>
      <ItemPrice>17.90</ItemPrice>
      <UnitOfMeasurePrice>8.95</UnitOfMeasurePrice>
      <AllowDiscount>1</AllowDiscount>
      <itemStatus>1</itemStatus>
      <LastUpdateDate />
      <LastUpdateTime />
    </Product>
    <Product>
      <PriceUpdateDate>2019/09/18 08:39</PriceUpdateDate>
      <ItemCode>5711953106606</ItemCode>
      <ItemType>1</ItemType>
      <ItemName>גבינת שמנת 24% שומן עם עשבי תיבול  200ג.</ItemName>
      <ManufactureName>שטראוס גרופ ***בעמ</ManufactureName>
      <ManufactureCountry />
      <ManufactureItemDescription />
      <UnitQty>י"ח</UnitQty>
      <Quantity>200</Quantity>
      <UnitMeasure>ל  גרם</UnitMeasure>
      <BisWeighted>0</BisWeighted>
      <QtyInPackage>1</QtyInPackage>
      <ItemPrice>17.90</ItemPrice>
      <UnitOfMeasurePrice>8.95</UnitOfMeasurePrice>
      <AllowDiscount>1</AllowDiscount>
      <itemStatus>1</itemStatus>
      <LastUpdateDate />
      <LastUpdateTime />
    </Product>
    <Product>
      <PriceUpdateDate>2020/01/14 09:59</PriceUpdateDate>
      <ItemCode>5711953114960</ItemCode>
      <ItemType>1</ItemType>
      <ItemName>קסטלו דנאבלו אקסטרא קרימי 100גר שטראוס</ItemName>
      <ManufactureName>שטראוס גרופ ***בעמ</ManufactureName>
      <ManufactureCountry />
      <ManufactureItemDescription />
      <UnitQty>י"ח</UnitQty>
      <Quantity>100</Quantity>
      <UnitMeasure>ל  גרם</UnitMeasure>
      <BisWeighted>0</BisWeighted>
      <QtyInPackage>1</QtyInPackage>
      <ItemPrice>21.90</ItemPrice>
      <UnitOfMeasurePrice>21.90</UnitOfMeasurePrice>
      <AllowDiscount>1</AllowDiscount>
      <itemStatus>1</itemStatus>
      <LastUpdateDate />
      <LastUpdateTime />
    </Product>
    <Product>
      <PriceUpdateDate>2018/11/13 10:20</PriceUpdateDate>
      <ItemCode>5900017062822</ItemCode>
      <ItemType>1</ItemType>
      <ItemName>ניוואה קרם לחות עדין בניחוח פירות יער</ItemName>
      <ManufactureName>אלפא ב.ד.ף בעמ</ManufactureName>
      <ManufactureCountry />
      <ManufactureItemDescription />
      <UnitQty>י"ח</UnitQty>
      <Quantity>200</Quantity>
      <UnitMeasure>ל  מ"ל</UnitMeasure>
      <BisWeighted>0</BisWeighted>
      <QtyInPackage>1</QtyInPackage>
      <ItemPrice>34.90</ItemPrice>
      <UnitOfMeasurePrice>17.45</UnitOfMeasurePrice>
      <AllowDiscount>1</AllowDiscount>
      <itemStatus>1</itemStatus>
      <LastUpdateDate />
      <LastUpdateTime />
    </Product>
    <Product>
      <PriceUpdateDate>2018/11/13 10:20</PriceUpdateDate>
      <ItemCode>5900017062884</ItemCode>
      <ItemType>1</ItemType>
      <ItemName>ניוואה קרם לחות עדין בניחוח נווה מדבר</ItemName>
      <ManufactureName>אלפא ב.ד.ף בעמ</ManufactureName>
      <ManufactureCountry />
      <ManufactureItemDescription />
      <UnitQty>י"ח</UnitQty>
      <Quantity>200</Quantity>
      <UnitMeasure>ל  מ"ל</UnitMeasure>
      <BisWeighted>0</BisWeighted>
      <QtyInPackage>1</QtyInPackage>
      <ItemPrice>34.90</ItemPrice>
      <UnitOfMeasurePrice>17.45</UnitOfMeasurePrice>
      <AllowDiscount>1</AllowDiscount>
      <itemStatus>1</itemStatus>
      <LastUpdateDate />
      <LastUpdateTime />
    </Product>
    <Product>
      <PriceUpdateDate>2018/11/13 10:20</PriceUpdateDate>
      <ItemCode>5900017063003</ItemCode>
      <ItemType>1</ItemType>
      <ItemName>ניוואה קרם לחות עדין בניחוח פירות אקזו</ItemName>
      <ManufactureName>אלפא ב.ד.ף בעמ</ManufactureName>
      <ManufactureCountry />
      <ManufactureItemDescription />
      <UnitQty>י"ח</UnitQty>
      <Quantity>200</Quantity>
      <UnitMeasure>ל  מ"ל</UnitMeasure>
      <BisWeighted>0</BisWeighted>
      <QtyInPackage>1</QtyInPackage>
      <ItemPrice>34.90</ItemPrice>
      <UnitOfMeasurePrice>17.45</UnitOfMeasurePrice>
      <AllowDiscount>1</AllowDiscount>
      <itemStatus>1</itemStatus>
      <LastUpdateDate />
      <LastUpdateTime />
    </Product>
    <Product>
      <PriceUpdateDate>2016/09/07 09:16</PriceUpdateDate>
      <ItemCode>5900020012814</ItemCode>
      <ItemType>1</ItemType>
      <ItemName>נסקוויק 500גר`</ItemName>
      <ManufactureName>קבוצת אוסם סחר-שות.מוגבלת</ManufactureName>
      <ManufactureCountry />
      <ManufactureItemDescription />
      <UnitQty>י"ח</UnitQty>
      <Quantity>500</Quantity>
      <UnitMeasure>ל  גרם</UnitMeasure>
      <BisWeighted>0</BisWeighted>
      <QtyInPackage>1</QtyInPackage>
      <ItemPrice>23.90</ItemPrice>
      <UnitOfMeasurePrice>4.78</UnitOfMeasurePrice>
      <AllowDiscount>1</AllowDiscount>
      <itemStatus>1</itemStatus>
      <LastUpdateDate />
      <LastUpdateTime />
    </Product>
    <Product>
      <PriceUpdateDate>2016/06/17 09:04</PriceUpdateDate>
      <ItemCode>5900020026552</ItemCode>
      <ItemType>1</ItemType>
      <ItemName>האני נאט צ`יריוס עידן הקרח 625גר</ItemName>
      <ManufactureName>קבוצת אוסם סחר-שות.מוגבלת</ManufactureName>
      <ManufactureCountry />
      <ManufactureItemDescription />
      <UnitQty>י"ח</UnitQty>
      <Quantity>615</Quantity>
      <UnitMeasure>ל  גרם</UnitMeasure>
      <BisWeighted>0</BisWeighted>
      <QtyInPackage>1</QtyInPackage>
      <ItemPrice>24.20</ItemPrice>
      <UnitOfMeasurePrice>3.93</UnitOfMeasurePrice>
      <AllowDiscount>1</AllowDiscount>
      <itemStatus>1</itemStatus>
      <LastUpdateDate />
      <LastUpdateTime />
    </Product>
    <Product>
      <PriceUpdateDate>2017/06/22 08:58</PriceUpdateDate>
      <ItemCode>5900020028549</ItemCode>
      <ItemType>1</ItemType>
      <ItemName>האני נאט צ`יריוס פרווה 625גר</ItemName>
      <ManufactureName>קבוצת אוסם סחר-שות.מוגבלת</ManufactureName>
      <ManufactureCountry />
      <ManufactureItemDescription />
      <UnitQty>י"ח</UnitQty>
      <Quantity>625</Quantity>
      <UnitMeasure>ל  גרם</UnitMeasure>
      <BisWeighted>0</BisWeighted>
      <QtyInPackage>1</QtyInPackage>
      <ItemPrice>22.90</ItemPrice>
      <UnitOfMeasurePrice>3.66</UnitOfMeasurePrice>
      <AllowDiscount>1</AllowDiscount>
      <itemStatus>1</itemStatus>
      <LastUpdateDate />
      <LastUpdateTime />
    </Product>
    <Product>
      <PriceUpdateDate>2020/01/08 07:33</PriceUpdateDate>
      <ItemCode>5900020034991</ItemCode>
      <ItemType>1</ItemType>
      <ItemName>דגני בוקר קראנץ צדפים טעם שוקולד 450גר</ItemName>
      <ManufactureName>קבוצת אוסם סחר-שות.מוגבלת</ManufactureName>
      <ManufactureCountry />
      <ManufactureItemDescription />
      <UnitQty>י"ח</UnitQty>
      <Quantity>450</Quantity>
      <UnitMeasure>ל  גרם</UnitMeasure>
      <BisWeighted>0</BisWeighted>
      <QtyInPackage>1</QtyInPackage>
      <ItemPrice>29.90</ItemPrice>
      <UnitOfMeasurePrice>6.64</UnitOfMeasurePrice>
      <AllowDiscount>1</AllowDiscount>
      <itemStatus>1</itemStatus>
      <LastUpdateDate />
      <LastUpdateTime />
    </Product>
    <Product>
      <PriceUpdateDate>2015/01/11 11:05</PriceUpdateDate>
      <ItemCode>5900352000770</ItemCode>
      <ItemType>1</ItemType>
      <ItemName>גלרטקה דובדבן 190</ItemName>
      <ManufactureName>יעד ממתקים בעמ</ManufactureName>
      <ManufactureCountry />
      <ManufactureItemDescription />
      <UnitQty>י"ח</UnitQty>
      <Quantity>190</Quantity>
      <UnitMeasure>ל  גרם</UnitMeasure>
      <BisWeighted>0</BisWeighted>
      <QtyInPackage>1</QtyInPackage>
      <ItemPrice>9.90</ItemPrice>
      <UnitOfMeasurePrice>5.21</UnitOfMeasurePrice>
      <AllowDiscount>1</AllowDiscount>
      <itemStatus>1</itemStatus>
      <LastUpdateDate />
      <LastUpdateTime />
    </Product>
    <Product>
      <PriceUpdateDate>2015/01/11 11:05</PriceUpdateDate>
      <ItemCode>5900352001814</ItemCode>
      <ItemType>1</ItemType>
      <ItemName>גלרטקה תפוז 190גר.</ItemName>
      <ManufactureName>יעד ממתקים בעמ</ManufactureName>
      <ManufactureCountry />
      <ManufactureItemDescription />
      <UnitQty>י"ח</UnitQty>
      <Quantity>160</Quantity>
      <UnitMeasure>ל  גרם</UnitMeasure>
      <BisWeighted>0</BisWeighted>
      <QtyInPackage>1</QtyInPackage>
      <ItemPrice>9.90</ItemPrice>
      <UnitOfMeasurePrice>6.19</UnitOfMeasurePrice>
      <AllowDiscount>1</AllowDiscount>
      <itemStatus>1</itemStatus>
      <LastUpdateDate />
      <LastUpdateTime />
    </Product>
    <Product>
      <PriceUpdateDate>2015/01/11 11:05</PriceUpdateDate>
      <ItemCode>5900352001821</ItemCode>
      <ItemType>1</ItemType>
      <ItemName>גלרטקה לימון 190 גר.</ItemName>
      <ManufactureName>יעד ממתקים בעמ</ManufactureName>
      <ManufactureCountry />
      <ManufactureItemDescription />
      <UnitQty>י"ח</UnitQty>
      <Quantity>190</Quantity>
      <UnitMeasure>ל  גרם</UnitMeasure>
      <BisWeighted>0</BisWeighted>
      <QtyInPackage>1</QtyInPackage>
      <ItemPrice>9.90</ItemPrice>
      <UnitOfMeasurePrice>5.21</UnitOfMeasurePrice>
      <AllowDiscount>1</AllowDiscount>
      <itemStatus>1</itemStatus>
      <LastUpdateDate />
      <LastUpdateTime />
    </Product>
    <Product>
      <PriceUpdateDate>2015/01/11 11:05</PriceUpdateDate>
      <ItemCode>5900352002576</ItemCode>
      <ItemType>1</ItemType>
      <ItemName>גלרטקה אוכמניות 190גר.</ItemName>
      <ManufactureName>יעד ממתקים בעמ</ManufactureName>
      <ManufactureCountry />
      <ManufactureItemDescription />
      <UnitQty>י"ח</UnitQty>
      <Quantity>190</Quantity>
      <UnitMeasure>ל  גרם</UnitMeasure>
      <BisWeighted>0</BisWeighted>
      <QtyInPackage>1</QtyInPackage>
      <ItemPrice>9.90</ItemPrice>
      <UnitOfMeasurePrice>5.21</UnitOfMeasurePrice>
      <AllowDiscount>1</AllowDiscount>
      <itemStatus>1</itemStatus>
      <LastUpdateDate />
      <LastUpdateTime />
    </Product>
    <Product>
      <PriceUpdateDate>2018/12/30 09:44</PriceUpdateDate>
      <ItemCode>5900352004914</ItemCode>
      <ItemType>1</ItemType>
      <ItemName>גלרטקה בננה 190 גר.</ItemName>
      <ManufactureName>יעד ממתקים בעמ</ManufactureName>
      <ManufactureCountry />
      <ManufactureItemDescription />
      <UnitQty>י"ח</UnitQty>
      <Quantity>190</Quantity>
      <UnitMeasure>ל  גרם</UnitMeasure>
      <BisWeighted>0</BisWeighted>
      <QtyInPackage>1</QtyInPackage>
      <ItemPrice>9.90</ItemPrice>
      <UnitOfMeasurePrice>5.21</UnitOfMeasurePrice>
      <AllowDiscount>1</AllowDiscount>
      <itemStatus>1</itemStatus>
      <LastUpdateDate />
      <LastUpdateTime />
    </Product>
    <Product>
      <PriceUpdateDate>2015/12/24 08:29</PriceUpdateDate>
      <ItemCode>5900352013275</ItemCode>
      <ItemType>1</ItemType>
      <ItemName>גלרטקה דובדבן 190</ItemName>
      <ManufactureName>יעד ממתקים בעמ</ManufactureName>
      <ManufactureCountry />
      <ManufactureItemDescription />
      <UnitQty>י"ח</UnitQty>
      <Quantity>190</Quantity>
      <UnitMeasure>ל  גרם</UnitMeasure>
      <BisWeighted>0</BisWeighted>
      <QtyInPackage>1</QtyInPackage>
      <ItemPrice>9.90</ItemPrice>
      <UnitOfMeasurePrice>5.21</UnitOfMeasurePrice>
      <AllowDiscount>1</AllowDiscount>
      <itemStatus>1</itemStatus>
      <LastUpdateDate />
      <LastUpdateTime />
    </Product>
    <Product>
      <PriceUpdateDate>2017/04/03 11:28</PriceUpdateDate>
      <ItemCode>5900452071014</ItemCode>
      <ItemType>1</ItemType>
      <ItemName>מחית שלב 2 תפוח</ItemName>
      <ManufactureName>קבוצת אוסם סחר-שות.מוגבלת</ManufactureName>
      <ManufactureCountry />
      <ManufactureItemDescription />
      <UnitQty>י"ח</UnitQty>
      <Quantity>130</Quantity>
      <UnitMeasure>ל  גרם</UnitMeasure>
      <BisWeighted>0</BisWeighted>
      <QtyInPackage>1</QtyInPackage>
      <ItemPrice>5.90</ItemPrice>
      <UnitOfMeasurePrice>4.54</UnitOfMeasurePrice>
      <AllowDiscount>1</AllowDiscount>
      <itemStatus>1</itemStatus>
      <LastUpdateDate />
      <LastUpdateTime />
    </Product>
    <Product>
      <PriceUpdateDate>2017/04/03 11:28</PriceUpdateDate>
      <ItemCode>5900452071021</ItemCode>
      <ItemType>1</ItemType>
      <ItemName>מחית שלב 2 אוכמניות</ItemName>
      <ManufactureName>קבוצת אוסם סחר-שות.מוגבלת</ManufactureName>
      <ManufactureCountry />
      <ManufactureItemDescription />
      <UnitQty>י"ח</UnitQty>
      <Quantity>130</Quantity>
      <UnitMeasure>ל  גרם</UnitMeasure>
      <BisWeighted>0</BisWeighted>
      <QtyInPackage>1</QtyInPackage>
      <ItemPrice>5.90</ItemPrice>
      <UnitOfMeasurePrice>4.54</UnitOfMeasurePrice>
      <AllowDiscount>1</AllowDiscount>
      <itemStatus>1</itemStatus>
      <LastUpdateDate />
      <LastUpdateTime />
    </Product>
    <Product>
      <PriceUpdateDate>2017/04/03 11:28</PriceUpdateDate>
      <ItemCode>5900452071052</ItemCode>
      <ItemType>1</ItemType>
      <ItemName>מחית שלב 2 אפרסק</ItemName>
      <ManufactureName>קבוצת אוסם סחר-שות.מוגבלת</ManufactureName>
      <ManufactureCountry />
      <ManufactureItemDescription />
      <UnitQty>י"ח</UnitQty>
      <Quantity>130</Quantity>
      <UnitMeasure>ל  גרם</UnitMeasure>
      <BisWeighted>0</BisWeighted>
      <QtyInPackage>1</QtyInPackage>
      <ItemPrice>5.90</ItemPrice>
      <UnitOfMeasurePrice>4.54</UnitOfMeasurePrice>
      <AllowDiscount>1</AllowDiscount>
      <itemStatus>1</itemStatus>
      <LastUpdateDate />
      <LastUpdateTime />
    </Product>
    <Product>
      <PriceUpdateDate>2017/04/03 11:28</PriceUpdateDate>
      <ItemCode>5900452072479</ItemCode>
      <ItemType>1</ItemType>
      <ItemName>סלט פירות שלב 2 130גר</ItemName>
      <ManufactureName>קבוצת אוסם סחר-שות.מוגבלת</ManufactureName>
      <ManufactureCountry />
      <ManufactureItemDescription />
      <UnitQty>י"ח</UnitQty>
      <Quantity>130</Quantity>
      <UnitMeasure>ל  גרם</UnitMeasure>
      <BisWeighted>0</BisWeighted>
      <QtyInPackage>1</QtyInPackage>
      <ItemPrice>5.90</ItemPrice>
      <UnitOfMeasurePrice>4.54</UnitOfMeasurePrice>
      <AllowDiscount>1</AllowDiscount>
      <itemStatus>1</itemStatus>
      <LastUpdateDate />
      <LastUpdateTime />
    </Product>
    <Product>
      <PriceUpdateDate>2015/08/16 12:19</PriceUpdateDate>
      <ItemCode>5900452072554</ItemCode>
      <ItemType>1</ItemType>
      <ItemName>מחית שלב 3 סלט פירות190גר</ItemName>
      <ManufactureName>קבוצת אוסם סחר-שות.מוגבלת</ManufactureName>
      <ManufactureCountry />
      <ManufactureItemDescription />
      <UnitQty>י"ח</UnitQty>
      <Quantity>190</Quantity>
      <UnitMeasure>ל  גרם</UnitMeasure>
      <BisWeighted>0</BisWeighted>
      <QtyInPackage>1</QtyInPackage>
      <ItemPrice>5.90</ItemPrice>
      <UnitOfMeasurePrice>3.11</UnitOfMeasurePrice>
      <AllowDiscount>1</AllowDiscount>
      <itemStatus>1</itemStatus>
      <LastUpdateDate />
      <LastUpdateTime />
    </Product>
    <Product>
      <PriceUpdateDate>2015/08/16 12:19</PriceUpdateDate>
      <ItemCode>5900452078792</ItemCode>
      <ItemType>1</ItemType>
      <ItemName>מחית שלב 3 תפוח</ItemName>
      <ManufactureName>קבוצת אוסם סחר-שות.מוגבלת</ManufactureName>
      <ManufactureCountry />
      <ManufactureItemDescription />
      <UnitQty>י"ח</UnitQty>
      <Quantity>190</Quantity>
      <UnitMeasure>ל  גרם</UnitMeasure>
      <BisWeighted>0</BisWeighted>
      <QtyInPackage>1</QtyInPackage>
      <ItemPrice>5.90</ItemPrice>
      <UnitOfMeasurePrice>3.11</UnitOfMeasurePrice>
      <AllowDiscount>1</AllowDiscount>
      <itemStatus>1</itemStatus>
      <LastUpdateDate />
      <LastUpdateTime />
    </Product>
    <Product>
      <PriceUpdateDate>2015/08/16 12:19</PriceUpdateDate>
      <ItemCode>5900452078853</ItemCode>
      <ItemType>1</ItemType>
      <ItemName>מחית שלב 3 תפוח אגס</ItemName>
      <ManufactureName>קבוצת אוסם סחר-שות.מוגבלת</ManufactureName>
      <ManufactureCountry />
      <ManufactureItemDescription />
      <UnitQty>י"ח</UnitQty>
      <Quantity>190</Quantity>
      <UnitMeasure>ל  גרם</UnitMeasure>
      <BisWeighted>0</BisWeighted>
      <QtyInPackage>1</QtyInPackage>
      <ItemPrice>5.90</ItemPrice>
      <UnitOfMeasurePrice>3.11</UnitOfMeasurePrice>
      <AllowDiscount>1</AllowDiscount>
      <itemStatus>1</itemStatus>
      <LastUpdateDate />
      <LastUpdateTime />
    </Product>
    <Product>
      <PriceUpdateDate>2015/08/16 12:19</PriceUpdateDate>
      <ItemCode>5900452078860</ItemCode>
      <ItemType>1</ItemType>
      <ItemName>מחית שלב 3 תפוח שזיפים</ItemName>
      <ManufactureName>קבוצת אוסם סחר-שות.מוגבלת</ManufactureName>
      <ManufactureCountry />
      <ManufactureItemDescription />
      <UnitQty>י"ח</UnitQty>
      <Quantity>190</Quantity>
      <UnitMeasure>ל  גרם</UnitMeasure>
      <BisWeighted>0</BisWeighted>
      <QtyInPackage>1</QtyInPackage>
      <ItemPrice>5.90</ItemPrice>
      <UnitOfMeasurePrice>3.11</UnitOfMeasurePrice>
      <AllowDiscount>1</AllowDiscount>
      <itemStatus>1</itemStatus>
      <LastUpdateDate />
      <LastUpdateTime />
    </Product>
    <Product>
      <PriceUpdateDate>2016/12/12 12:51</PriceUpdateDate>
      <ItemCode>5900627043082</ItemCode>
      <ItemType>1</ItemType>
      <ItemName>אירוויק קומפליט ניחוח כביסה באויר</ItemName>
      <ManufactureName>רקיט בנקיזר (ניר איסט) בעמ</ManufactureName>
      <ManufactureCountry />
      <ManufactureItemDescription />
      <UnitQty>י"ח</UnitQty>
      <Quantity>1</Quantity>
      <UnitMeasure>י"ח</UnitMeasure>
      <BisWeighted>0</BisWeighted>
      <QtyInPackage>1</QtyInPackage>
      <ItemPrice>29.90</ItemPrice>
      <UnitOfMeasurePrice>29.90</UnitOfMeasurePrice>
      <AllowDiscount>1</AllowDiscount>
      <itemStatus>1</itemStatus>
      <LastUpdateDate />
      <LastUpdateTime />
    </Product>
    <Product>
      <PriceUpdateDate>2019/02/12 09:13</PriceUpdateDate>
      <ItemCode>5900627063233</ItemCode>
      <ItemType>1</ItemType>
      <ItemName>פיניש 50 טבליות AIO  MAX</ItemName>
      <ManufactureName>רקיט בנקיזר (ניר איסט) בעמ</ManufactureName>
      <ManufactureCountry />
      <ManufactureItemDescription />
      <UnitQty>י"ח</UnitQty>
      <Quantity>50</Quantity>
      <UnitMeasure>י"ח</UnitMeasure>
      <BisWeighted>0</BisWeighted>
      <QtyInPackage>1</QtyInPackage>
      <ItemPrice>39.90</ItemPrice>
      <UnitOfMeasurePrice>0.80</UnitOfMeasurePrice>
      <AllowDiscount>1</AllowDiscount>
      <itemStatus>1</itemStatus>
      <LastUpdateDate />
      <LastUpdateTime />
    </Product>
    <Product>
      <PriceUpdateDate>2019/09/20 11:45</PriceUpdateDate>
      <ItemCode>5900627080674</ItemCode>
      <ItemType>1</ItemType>
      <ItemName>וולייט סרום מתקן בגדים</ItemName>
      <ManufactureName>רקיט בנקיזר (ניר איסט) בעמ</ManufactureName>
      <ManufactureCountry />
      <ManufactureItemDescription />
      <UnitQty>י"ח</UnitQty>
      <Quantity>1</Quantity>
      <UnitMeasure />
      <BisWeighted>0</BisWeighted>
      <QtyInPackage>1</QtyInPackage>
      <ItemPrice>16.90</ItemPrice>
      <UnitOfMeasurePrice>16.90</UnitOfMeasurePrice>
      <AllowDiscount>1</AllowDiscount>
      <itemStatus>1</itemStatus>
      <LastUpdateDate />
      <LastUpdateTime />
    </Product>
    <Product>
      <PriceUpdateDate>2013/12/17 18:36</PriceUpdateDate>
      <ItemCode>5900907000583</ItemCode>
      <ItemType>1</ItemType>
      <ItemName>מלפפון בחומץ 900 גרם</ItemName>
      <ManufactureName>דברים טובים סגל ~~~</ManufactureName>
      <ManufactureCountry />
      <ManufactureItemDescription />
      <UnitQty>י"ח</UnitQty>
      <Quantity>900</Quantity>
      <UnitMeasure>ל  גרם</UnitMeasure>
      <BisWeighted>0</BisWeighted>
      <QtyInPackage>1</QtyInPackage>
      <ItemPrice>15.20</ItemPrice>
      <UnitOfMeasurePrice>1.69</UnitOfMeasurePrice>
      <AllowDiscount>1</AllowDiscount>
      <itemStatus>1</itemStatus>
      <LastUpdateDate />
      <LastUpdateTime />
    </Product>
    <Product>
      <PriceUpdateDate>2013/12/09 17:41</PriceUpdateDate>
      <ItemCode>5900907000835</ItemCode>
      <ItemType>1</ItemType>
      <ItemName>מלפפון בחומץ 2.5 ק"ג</ItemName>
      <ManufactureName>דברים טובים סגל ~~~</ManufactureName>
      <ManufactureCountry />
      <ManufactureItemDescription />
      <UnitQty>י"ח</UnitQty>
      <Quantity>255</Quantity>
      <UnitMeasure>ל  גרם</UnitMeasure>
      <BisWeighted>0</BisWeighted>
      <QtyInPackage>1</QtyInPackage>
      <ItemPrice>33.90</ItemPrice>
      <UnitOfMeasurePrice>13.29</UnitOfMeasurePrice>
      <AllowDiscount>1</AllowDiscount>
      <itemStatus>1</itemStatus>
      <LastUpdateDate />
      <LastUpdateTime />
    </Product>
    <Product>
      <PriceUpdateDate>2018/12/12 13:31</PriceUpdateDate>
      <ItemCode>5902198160403</ItemCode>
      <ItemType>1</ItemType>
      <ItemName>משקה אנרגיה XL TEN</ItemName>
      <ManufactureName>טמפו משקאות בעמ</ManufactureName>
      <ManufactureCountry />
      <ManufactureItemDescription />
      <UnitQty>י"ח</UnitQty>
      <Quantity>250</Quantity>
      <UnitMeasure>ל  מ"ל</UnitMeasure>
      <BisWeighted>0</BisWeighted>
      <QtyInPackage>1</QtyInPackage>
      <ItemPrice>4.30</ItemPrice>
      <UnitOfMeasurePrice>1.60</UnitOfMeasurePrice>
      <AllowDiscount>1</AllowDiscount>
      <itemStatus>1</itemStatus>
      <LastUpdateDate />
      <LastUpdateTime />
    </Product>
    <Product>
      <PriceUpdateDate>2015/12/09 14:39</PriceUpdateDate>
      <ItemCode>5906485301012</ItemCode>
      <ItemType>1</ItemType>
      <ItemName>משקה אנרגיה XL</ItemName>
      <ManufactureName>טמפו משקאות בעמ</ManufactureName>
      <ManufactureCountry />
      <ManufactureItemDescription />
      <UnitQty>י"ח</UnitQty>
      <Quantity>250</Quantity>
      <UnitMeasure>ל  מ"ל</UnitMeasure>
      <BisWeighted>0</BisWeighted>
      <QtyInPackage>1</QtyInPackage>
      <ItemPrice>4.30</ItemPrice>
      <UnitOfMeasurePrice>1.60</UnitOfMeasurePrice>
      <AllowDiscount>1</AllowDiscount>
      <itemStatus>1</itemStatus>
      <LastUpdateDate />
      <LastUpdateTime />
    </Product>
    <Product>
      <PriceUpdateDate>2018/12/12 13:31</PriceUpdateDate>
      <ItemCode>5906485301258</ItemCode>
      <ItemType>1</ItemType>
      <ItemName>משקה אנרגיה XL קרמברי</ItemName>
      <ManufactureName>טמפו משקאות בעמ</ManufactureName>
      <ManufactureCountry />
      <ManufactureItemDescription />
      <UnitQty>י"ח</UnitQty>
      <Quantity>330</Quantity>
      <UnitMeasure>ל  מ"ל</UnitMeasure>
      <BisWeighted>0</BisWeighted>
      <QtyInPackage>1</QtyInPackage>
      <ItemPrice>4.30</ItemPrice>
      <UnitOfMeasurePrice>1.21</UnitOfMeasurePrice>
      <AllowDiscount>1</AllowDiscount>
      <itemStatus>1</itemStatus>
      <LastUpdateDate />
      <LastUpdateTime />
    </Product>
    <Product>
      <PriceUpdateDate>2017/11/19 08:54</PriceUpdateDate>
      <ItemCode>5997321770307</ItemCode>
      <ItemType>1</ItemType>
      <ItemName>ויט רצועות שעווה לעור רגיש</ItemName>
      <ManufactureName>רקיט בנקיזר (ניר איסט) בעמ</ManufactureName>
      <ManufactureCountry />
      <ManufactureItemDescription />
      <UnitQty>י"ח</UnitQty>
      <Quantity>1</Quantity>
      <UnitMeasure>י"ח</UnitMeasure>
      <BisWeighted>0</BisWeighted>
      <QtyInPackage>1</QtyInPackage>
      <ItemPrice>29.90</ItemPrice>
      <UnitOfMeasurePrice>29.90</UnitOfMeasurePrice>
      <AllowDiscount>1</AllowDiscount>
      <itemStatus>1</itemStatus>
      <LastUpdateDate />
      <LastUpdateTime />
    </Product>
    <Product>
      <PriceUpdateDate>2019/04/15 07:38</PriceUpdateDate>
      <ItemCode>5998623526739</ItemCode>
      <ItemType>1</ItemType>
      <ItemName>יין סי גראס גוורצטרמינר 750מ"ל</ItemName>
      <ManufactureName>מ.אקרמן בעמ</ManufactureName>
      <ManufactureCountry />
      <ManufactureItemDescription />
      <UnitQty>י"ח</UnitQty>
      <Quantity>750</Quantity>
      <UnitMeasure>ל  מ"ל</UnitMeasure>
      <BisWeighted>0</BisWeighted>
      <QtyInPackage>1</QtyInPackage>
      <ItemPrice>44.20</ItemPrice>
      <UnitOfMeasurePrice>5.85</UnitOfMeasurePrice>
      <AllowDiscount>1</AllowDiscount>
      <itemStatus>1</itemStatus>
      <LastUpdateDate />
      <LastUpdateTime />
    </Product>
    <Product>
      <PriceUpdateDate>2019/09/17 08:23</PriceUpdateDate>
      <ItemCode>6001067017523</ItemCode>
      <ItemType>1</ItemType>
      <ItemName>קולגייט סמיילס ילדים</ItemName>
      <ManufactureName>ש.שסטוביץ בעמ</ManufactureName>
      <ManufactureCountry />
      <ManufactureItemDescription />
      <UnitQty>י"ח</UnitQty>
      <Quantity>1</Quantity>
      <UnitMeasure />
      <BisWeighted>0</BisWeighted>
      <QtyInPackage>1</QtyInPackage>
      <ItemPrice>10.90</ItemPrice>
      <UnitOfMeasurePrice>10.90</UnitOfMeasurePrice>
      <AllowDiscount>1</AllowDiscount>
      <itemStatus>1</itemStatus>
      <LastUpdateDate />
      <LastUpdateTime />
    </Product>
    <Product>
      <PriceUpdateDate>2019/09/17 08:23</PriceUpdateDate>
      <ItemCode>6001067017530</ItemCode>
      <ItemType>1</ItemType>
      <ItemName>קולגייט סמיילס ג וניור</ItemName>
      <ManufactureName>ש.שסטוביץ בעמ</ManufactureName>
      <ManufactureCountry />
      <ManufactureItemDescription />
      <UnitQty>י"ח</UnitQty>
      <Quantity>1</Quantity>
      <UnitMeasure />
      <BisWeighted>0</BisWeighted>
      <QtyInPackage>1</QtyInPackage>
      <ItemPrice>10.90</ItemPrice>
      <UnitOfMeasurePrice>10.90</UnitOfMeasurePrice>
      <AllowDiscount>1</AllowDiscount>
      <itemStatus>1</itemStatus>
      <LastUpdateDate />
      <LastUpdateTime />
    </Product>
    <Product>
      <PriceUpdateDate>2018/12/18 08:15</PriceUpdateDate>
      <ItemCode>6001298987701</ItemCode>
      <ItemType>1</ItemType>
      <ItemName>גלייד ספריי אוטומטי 269מ"ל מילוי</ItemName>
      <ManufactureName>דנשר (1963) בעמ</ManufactureName>
      <ManufactureCountry />
      <ManufactureItemDescription />
      <UnitQty>י"ח</UnitQty>
      <Quantity>269</Quantity>
      <UnitMeasure>ל  מ"ל</UnitMeasure>
      <BisWeighted>0</BisWeighted>
      <QtyInPackage>1</QtyInPackage>
      <ItemPrice>16.90</ItemPrice>
      <UnitOfMeasurePrice>6.28</UnitOfMeasurePrice>
      <AllowDiscount>1</AllowDiscount>
      <itemStatus>1</itemStatus>
      <LastUpdateDate />
      <LastUpdateTime />
    </Product>
    <Product>
      <PriceUpdateDate>2020/05/03 15:08</PriceUpdateDate>
      <ItemCode>6009802538012</ItemCode>
      <ItemType>1</ItemType>
      <ItemName>ענבים לבנים מארז</ItemName>
      <ManufactureName>ביכורי הנגב מ.ד בעמ</ManufactureName>
      <ManufactureCountry />
      <ManufactureItemDescription />
      <UnitQty>ק"ג</UnitQty>
      <Quantity>1</Quantity>
      <UnitMeasure />
      <BisWeighted>1</BisWeighted>
      <QtyInPackage>1</QtyInPackage>
      <ItemPrice>39.90</ItemPrice>
      <UnitOfMeasurePrice>39.90</UnitOfMeasurePrice>
      <AllowDiscount>0</AllowDiscount>
      <itemStatus>1</itemStatus>
      <LastUpdateDate />
      <LastUpdateTime />
    </Product>
    <Product>
      <PriceUpdateDate>2018/07/15 15:22</PriceUpdateDate>
      <ItemCode>6118000061090</ItemCode>
      <ItemType>1</ItemType>
      <ItemName>סרדינים מרוקאים בשמן סויה טנגיר 125גר</ItemName>
      <ManufactureName>דין שיווק וקליהבעמ</ManufactureName>
      <ManufactureCountry />
      <ManufactureItemDescription />
      <UnitQty>י"ח</UnitQty>
      <Quantity>120</Quantity>
      <UnitMeasure>ל  גרם</UnitMeasure>
      <BisWeighted>0</BisWeighted>
      <QtyInPackage>1</QtyInPackage>
      <ItemPrice>5.90</ItemPrice>
      <UnitOfMeasurePrice>4.92</UnitOfMeasurePrice>
      <AllowDiscount>1</AllowDiscount>
      <itemStatus>1</itemStatus>
      <LastUpdateDate />
      <LastUpdateTime />
    </Product>
    <Product>
      <PriceUpdateDate>2015/02/08 09:05</PriceUpdateDate>
      <ItemCode>6118000240501</ItemCode>
      <ItemType>1</ItemType>
      <ItemName>סרדינים 125גר</ItemName>
      <ManufactureName>דין שיווק וקליהבעמ</ManufactureName>
      <ManufactureCountry />
      <ManufactureItemDescription />
      <UnitQty>י"ח</UnitQty>
      <Quantity>120</Quantity>
      <UnitMeasure>ל  גרם</UnitMeasure>
      <BisWeighted>0</BisWeighted>
      <QtyInPackage>1</QtyInPackage>
      <ItemPrice>4.30</ItemPrice>
      <UnitOfMeasurePrice>3.58</UnitOfMeasurePrice>
      <AllowDiscount>1</AllowDiscount>
      <itemStatus>1</itemStatus>
      <LastUpdateDate />
      <LastUpdateTime />
    </Product>
    <Product>
      <PriceUpdateDate>2019/09/17 08:23</PriceUpdateDate>
      <ItemCode>6281001510390</ItemCode>
      <ItemType>1</ItemType>
      <ItemName>קולגייט סמיילס</ItemName>
      <ManufactureName>ש.שסטוביץ בעמ</ManufactureName>
      <ManufactureCountry />
      <ManufactureItemDescription />
      <UnitQty>י"ח</UnitQty>
      <Quantity>1</Quantity>
      <UnitMeasure />
      <BisWeighted>0</BisWeighted>
      <QtyInPackage>1</QtyInPackage>
      <ItemPrice>10.90</ItemPrice>
      <UnitOfMeasurePrice>10.90</UnitOfMeasurePrice>
      <AllowDiscount>1</AllowDiscount>
      <itemStatus>1</itemStatus>
      <LastUpdateDate />
      <LastUpdateTime />
    </Product>
    <Product>
      <PriceUpdateDate>2017/11/09 09:34</PriceUpdateDate>
      <ItemCode>6281031254745</ItemCode>
      <ItemType>1</ItemType>
      <ItemName>פה רול און היט קונטרול 50מ"ל</ItemName>
      <ManufactureName>הנקל סוד בעמ</ManufactureName>
      <ManufactureCountry />
      <ManufactureItemDescription />
      <UnitQty>י"ח</UnitQty>
      <Quantity>50</Quantity>
      <UnitMeasure>ל  מ"ל</UnitMeasure>
      <BisWeighted>0</BisWeighted>
      <QtyInPackage>1</QtyInPackage>
      <ItemPrice>10.90</ItemPrice>
      <UnitOfMeasurePrice>21.80</UnitOfMeasurePrice>
      <AllowDiscount>1</AllowDiscount>
      <itemStatus>1</itemStatus>
      <LastUpdateDate />
      <LastUpdateTime />
    </Product>
    <Product>
      <PriceUpdateDate>2017/11/09 09:34</PriceUpdateDate>
      <ItemCode>6281031255612</ItemCode>
      <ItemType>1</ItemType>
      <ItemName>פה רול און פרש דריי 50מ"ל</ItemName>
      <ManufactureName>הנקל סוד בעמ</ManufactureName>
      <ManufactureCountry />
      <ManufactureItemDescription />
      <UnitQty>י"ח</UnitQty>
      <Quantity>50</Quantity>
      <UnitMeasure>ל  מ"ל</UnitMeasure>
      <BisWeighted>0</BisWeighted>
      <QtyInPackage>1</QtyInPackage>
      <ItemPrice>10.90</ItemPrice>
      <UnitOfMeasurePrice>21.80</UnitOfMeasurePrice>
      <AllowDiscount>1</AllowDiscount>
      <itemStatus>1</itemStatus>
      <LastUpdateDate />
      <LastUpdateTime />
    </Product>
    <Product>
      <PriceUpdateDate>2018/03/02 08:31</PriceUpdateDate>
      <ItemCode>6281031266380</ItemCode>
      <ItemType>1</ItemType>
      <ItemName>פה דאורדורנט ספריי</ItemName>
      <ManufactureName>הנקל סוד בעמ</ManufactureName>
      <ManufactureCountry />
      <ManufactureItemDescription />
      <UnitQty>י"ח</UnitQty>
      <Quantity>200</Quantity>
      <UnitMeasure>ל  מ"ל</UnitMeasure>
      <BisWeighted>0</BisWeighted>
      <QtyInPackage>1</QtyInPackage>
      <ItemPrice>10.90</ItemPrice>
      <UnitOfMeasurePrice>5.45</UnitOfMeasurePrice>
      <AllowDiscount>1</AllowDiscount>
      <itemStatus>1</itemStatus>
      <LastUpdateDate />
      <LastUpdateTime />
    </Product>
    <Product>
      <PriceUpdateDate>2018/03/02 08:31</PriceUpdateDate>
      <ItemCode>6281031266472</ItemCode>
      <ItemType>1</ItemType>
      <ItemName>פה דאורדורנט ספריי</ItemName>
      <ManufactureName>הנקל סוד בעמ</ManufactureName>
      <ManufactureCountry />
      <ManufactureItemDescription />
      <UnitQty>י"ח</UnitQty>
      <Quantity>200</Quantity>
      <UnitMeasure>ל  מ"ל</UnitMeasure>
      <BisWeighted>0</BisWeighted>
      <QtyInPackage>1</QtyInPackage>
      <ItemPrice>10.90</ItemPrice>
      <UnitOfMeasurePrice>5.45</UnitOfMeasurePrice>
      <AllowDiscount>1</AllowDiscount>
      <itemStatus>1</itemStatus>
      <LastUpdateDate />
      <LastUpdateTime />
    </Product>
    <Product>
      <PriceUpdateDate>2015/12/09 14:39</PriceUpdateDate>
      <ItemCode>6910021100075</ItemCode>
      <ItemType>1</ItemType>
      <ItemName>קולגייט מברשת 360 אינטרדנטל זוג</ItemName>
      <ManufactureName>ש.שסטוביץ בעמ</ManufactureName>
      <ManufactureCountry />
      <ManufactureItemDescription />
      <UnitQty>י"ח</UnitQty>
      <Quantity>2</Quantity>
      <UnitMeasure>י"ח</UnitMeasure>
      <BisWeighted>0</BisWeighted>
      <QtyInPackage>1</QtyInPackage>
      <ItemPrice>29.90</ItemPrice>
      <UnitOfMeasurePrice>14.95</UnitOfMeasurePrice>
      <AllowDiscount>1</AllowDiscount>
      <itemStatus>1</itemStatus>
      <LastUpdateDate />
      <LastUpdateTime />
    </Product>
    <Product>
      <PriceUpdateDate>2019/03/25 10:10</PriceUpdateDate>
      <ItemCode>6910191800287</ItemCode>
      <ItemType>1</ItemType>
      <ItemName>אצות נור בלו 10דף</ItemName>
      <ManufactureName>מזרח ומערב יבוא ושיווק</ManufactureName>
      <ManufactureCountry />
      <ManufactureItemDescription />
      <UnitQty>י"ח</UnitQty>
      <Quantity>10</Quantity>
      <UnitMeasure>י"ח</UnitMeasure>
      <BisWeighted>0</BisWeighted>
      <QtyInPackage>1</QtyInPackage>
      <ItemPrice>10.90</ItemPrice>
      <UnitOfMeasurePrice>1.09</UnitOfMeasurePrice>
      <AllowDiscount>1</AllowDiscount>
      <itemStatus>1</itemStatus>
      <LastUpdateDate />
      <LastUpdateTime />
    </Product>
    <Product>
      <PriceUpdateDate>2019/03/25 10:10</PriceUpdateDate>
      <ItemCode>6912977000140</ItemCode>
      <ItemType>1</ItemType>
      <ItemName>אטריות  שעועית 250ג</ItemName>
      <ManufactureName>מזרח ומערב יבוא ושיווק</ManufactureName>
      <ManufactureCountry />
      <ManufactureItemDescription />
      <UnitQty>י"ח</UnitQty>
      <Quantity>200</Quantity>
      <UnitMeasure>ל  גרם</UnitMeasure>
      <BisWeighted>0</BisWeighted>
      <QtyInPackage>1</QtyInPackage>
      <ItemPrice>8.90</ItemPrice>
      <UnitOfMeasurePrice>4.45</UnitOfMeasurePrice>
      <AllowDiscount>1</AllowDiscount>
      <itemStatus>1</itemStatus>
      <LastUpdateDate />
      <LastUpdateTime />
    </Product>
    <Product>
      <PriceUpdateDate>2013/12/24 14:35</PriceUpdateDate>
      <ItemCode>7038513866304</ItemCode>
      <ItemType>1</ItemType>
      <ItemName>ג ורדון מברשת שיניים</ItemName>
      <ManufactureName>דנשר (1963) בעמ</ManufactureName>
      <ManufactureCountry />
      <ManufactureItemDescription />
      <UnitQty>י"ח</UnitQty>
      <Quantity>1</Quantity>
      <UnitMeasure />
      <BisWeighted>0</BisWeighted>
      <QtyInPackage>1</QtyInPackage>
      <ItemPrice>13.50</ItemPrice>
      <UnitOfMeasurePrice>13.50</UnitOfMeasurePrice>
      <AllowDiscount>1</AllowDiscount>
      <itemStatus>1</itemStatus>
      <LastUpdateDate />
      <LastUpdateTime />
    </Product>
    <Product>
      <PriceUpdateDate>2013/12/24 14:35</PriceUpdateDate>
      <ItemCode>7038513866311</ItemCode>
      <ItemType>1</ItemType>
      <ItemName>ג ורדון מברשת לילדים</ItemName>
      <ManufactureName>דנשר (1963) בעמ</ManufactureName>
      <ManufactureCountry />
      <ManufactureItemDescription />
      <UnitQty>י"ח</UnitQty>
      <Quantity>1</Quantity>
      <UnitMeasure />
      <BisWeighted>0</BisWeighted>
      <QtyInPackage>1</QtyInPackage>
      <ItemPrice>13.50</ItemPrice>
      <UnitOfMeasurePrice>13.50</UnitOfMeasurePrice>
      <AllowDiscount>1</AllowDiscount>
      <itemStatus>1</itemStatus>
      <LastUpdateDate />
      <LastUpdateTime />
    </Product>
    <Product>
      <PriceUpdateDate>2013/12/24 14:35</PriceUpdateDate>
      <ItemCode>7038513866328</ItemCode>
      <ItemType>1</ItemType>
      <ItemName>ג ורדון מברשת לילדות</ItemName>
      <ManufactureName>דנשר (1963) בעמ</ManufactureName>
      <ManufactureCountry />
      <ManufactureItemDescription />
      <UnitQty>י"ח</UnitQty>
      <Quantity>1</Quantity>
      <UnitMeasure />
      <BisWeighted>0</BisWeighted>
      <QtyInPackage>1</QtyInPackage>
      <ItemPrice>13.50</ItemPrice>
      <UnitOfMeasurePrice>13.50</UnitOfMeasurePrice>
      <AllowDiscount>1</AllowDiscount>
      <itemStatus>1</itemStatus>
      <LastUpdateDate />
      <LastUpdateTime />
    </Product>
    <Product>
      <PriceUpdateDate>2020/02/16 13:01</PriceUpdateDate>
      <ItemCode>7038516140357</ItemCode>
      <ItemType>1</ItemType>
      <ItemName>ג ורדון מברשת שיניים טוטל קלין רביעייה</ItemName>
      <ManufactureName>דנשר (1963) בעמ</ManufactureName>
      <ManufactureCountry />
      <ManufactureItemDescription />
      <UnitQty>י"ח</UnitQty>
      <Quantity>1</Quantity>
      <UnitMeasure />
      <BisWeighted>0</BisWeighted>
      <QtyInPackage>1</QtyInPackage>
      <ItemPrice>16.90</ItemPrice>
      <UnitOfMeasurePrice>16.90</UnitOfMeasurePrice>
      <AllowDiscount>1</AllowDiscount>
      <itemStatus>1</itemStatus>
      <LastUpdateDate />
      <LastUpdateTime />
    </Product>
    <Product>
      <PriceUpdateDate>2020/02/17 08:35</PriceUpdateDate>
      <ItemCode>7038516140418</ItemCode>
      <ItemType>1</ItemType>
      <ItemName>ג ורדון מברשת שיניים טוטל קלין רביעייה</ItemName>
      <ManufactureName>דנשר (1963) בעמ</ManufactureName>
      <ManufactureCountry />
      <ManufactureItemDescription />
      <UnitQty>י"ח</UnitQty>
      <Quantity>1</Quantity>
      <UnitMeasure />
      <BisWeighted>0</BisWeighted>
      <QtyInPackage>1</QtyInPackage>
      <ItemPrice>16.90</ItemPrice>
      <UnitOfMeasurePrice>16.90</UnitOfMeasurePrice>
      <AllowDiscount>1</AllowDiscount>
      <itemStatus>1</itemStatus>
      <LastUpdateDate />
      <LastUpdateTime />
    </Product>
    <Product>
      <PriceUpdateDate>2020/01/23 08:27</PriceUpdateDate>
      <ItemCode>7046110071519</ItemCode>
      <ItemType>1</ItemType>
      <ItemName>מ.שיניים לשיניים חלב ג`ורדון 2-6</ItemName>
      <ManufactureName>דנשר (1963) בעמ</ManufactureName>
      <ManufactureCountry />
      <ManufactureItemDescription />
      <UnitQty>י"ח</UnitQty>
      <Quantity>1</Quantity>
      <UnitMeasure />
      <BisWeighted>0</BisWeighted>
      <QtyInPackage>1</QtyInPackage>
      <ItemPrice>11.90</ItemPrice>
      <UnitOfMeasurePrice>11.90</UnitOfMeasurePrice>
      <AllowDiscount>1</AllowDiscount>
      <itemStatus>1</itemStatus>
      <LastUpdateDate />
      <LastUpdateTime />
    </Product>
    <Product>
      <PriceUpdateDate>2020/01/23 08:27</PriceUpdateDate>
      <ItemCode>7046110075562</ItemCode>
      <ItemType>1</ItemType>
      <ItemName>מ.שיניים לשיניים קבועות ג`ורדון 6-12</ItemName>
      <ManufactureName>דנשר (1963) בעמ</ManufactureName>
      <ManufactureCountry />
      <ManufactureItemDescription />
      <UnitQty>י"ח</UnitQty>
      <Quantity>1</Quantity>
      <UnitMeasure />
      <BisWeighted>0</BisWeighted>
      <QtyInPackage>1</QtyInPackage>
      <ItemPrice>11.90</ItemPrice>
      <UnitOfMeasurePrice>11.90</UnitOfMeasurePrice>
      <AllowDiscount>1</AllowDiscount>
      <itemStatus>1</itemStatus>
      <LastUpdateDate />
      <LastUpdateTime />
    </Product>
    <Product>
      <PriceUpdateDate>2018/09/23 08:00</PriceUpdateDate>
      <ItemCode>7270137700194</ItemCode>
      <ItemType>1</ItemType>
      <ItemName>מדליק פחם מוצק</ItemName>
      <ManufactureName>ח.כהן סוכנות מזון ומשקאות בע</ManufactureName>
      <ManufactureCountry />
      <ManufactureItemDescription />
      <UnitQty>י"ח</UnitQty>
      <Quantity>1</Quantity>
      <UnitMeasure>י"ח</UnitMeasure>
      <BisWeighted>0</BisWeighted>
      <QtyInPackage>1</QtyInPackage>
      <ItemPrice>4.90</ItemPrice>
      <UnitOfMeasurePrice>4.90</UnitOfMeasurePrice>
      <AllowDiscount>1</AllowDiscount>
      <itemStatus>1</itemStatus>
      <LastUpdateDate />
      <LastUpdateTime />
    </Product>
    <Product>
      <PriceUpdateDate>2013/06/09 11:44</PriceUpdateDate>
      <ItemCode>7290000024233</ItemCode>
      <ItemType>1</ItemType>
      <ItemName>יין שיראז יבש</ItemName>
      <ManufactureName>טמפו משקאות בעמ</ManufactureName>
      <ManufactureCountry />
      <ManufactureItemDescription />
      <UnitQty>י"ח</UnitQty>
      <Quantity>750</Quantity>
      <UnitMeasure>ל  מ"ל</UnitMeasure>
      <BisWeighted>0</BisWeighted>
      <QtyInPackage>1</QtyInPackage>
      <ItemPrice>65.60</ItemPrice>
      <UnitOfMeasurePrice>8.71</UnitOfMeasurePrice>
      <AllowDiscount>1</AllowDiscount>
      <itemStatus>1</itemStatus>
      <LastUpdateDate />
      <LastUpdateTime />
    </Product>
    <Product>
      <PriceUpdateDate>2019/08/07 09:01</PriceUpdateDate>
      <ItemCode>7290000467511</ItemCode>
      <ItemType>1</ItemType>
      <ItemName>חטיף ביסלי ברביקיו 55 גרם</ItemName>
      <ManufactureName>קבוצת אוסם סחר-שות.מוגבלת</ManufactureName>
      <ManufactureCountry />
      <ManufactureItemDescription />
      <UnitQty>י"ח</UnitQty>
      <Quantity>55</Quantity>
      <UnitMeasure>ל  גרם</UnitMeasure>
      <BisWeighted>0</BisWeighted>
      <QtyInPackage>1</QtyInPackage>
      <ItemPrice>3.90</ItemPrice>
      <UnitOfMeasurePrice>7.09</UnitOfMeasurePrice>
      <AllowDiscount>1</AllowDiscount>
      <itemStatus>1</itemStatus>
      <LastUpdateDate />
      <LastUpdateTime />
    </Product>
    <Product>
      <PriceUpdateDate>2019/07/30 10:03</PriceUpdateDate>
      <ItemCode>7290001245972</ItemCode>
      <ItemType>1</ItemType>
      <ItemName>מרכך כביסה לבן 4ל טאצ`</ItemName>
      <ManufactureName>סאסאטק אגשח בעמ</ManufactureName>
      <ManufactureCountry />
      <ManufactureItemDescription />
      <UnitQty>י"ח</UnitQty>
      <Quantity>4</Quantity>
      <UnitMeasure>ליטר</UnitMeasure>
      <BisWeighted>0</BisWeighted>
      <QtyInPackage>1</QtyInPackage>
      <ItemPrice>15.90</ItemPrice>
      <UnitOfMeasurePrice>3.98</UnitOfMeasurePrice>
      <AllowDiscount>1</AllowDiscount>
      <itemStatus>1</itemStatus>
      <LastUpdateDate />
      <LastUpdateTime />
    </Product>
    <Product>
      <PriceUpdateDate>2017/05/08 14:15</PriceUpdateDate>
      <ItemCode>7290004658953</ItemCode>
      <ItemType>1</ItemType>
      <ItemName>סובניון בלאן P.C 750מ"ל</ItemName>
      <ManufactureName>אגודת הכורמים -כרמל מזרחי</ManufactureName>
      <ManufactureCountry />
      <ManufactureItemDescription />
      <UnitQty>י"ח</UnitQty>
      <Quantity>750</Quantity>
      <UnitMeasure>ל  מ"ל</UnitMeasure>
      <BisWeighted>0</BisWeighted>
      <QtyInPackage>1</QtyInPackage>
      <ItemPrice>36.90</ItemPrice>
      <UnitOfMeasurePrice>4.88</UnitOfMeasurePrice>
      <AllowDiscount>1</AllowDiscount>
      <itemStatus>1</itemStatus>
      <LastUpdateDate />
      <LastUpdateTime />
    </Product>
    <Product>
      <PriceUpdateDate>2017/05/08 14:15</PriceUpdateDate>
      <ItemCode>7290004658960</ItemCode>
      <ItemType>1</ItemType>
      <ItemName>אמרלד ריזלינג P.C 750מ"ל</ItemName>
      <ManufactureName>אגודת הכורמים -כרמל מזרחי</ManufactureName>
      <ManufactureCountry />
      <ManufactureItemDescription />
      <UnitQty>י"ח</UnitQty>
      <Quantity>750</Quantity>
      <UnitMeasure>ל  מ"ל</UnitMeasure>
      <BisWeighted>0</BisWeighted>
      <QtyInPackage>1</QtyInPackage>
      <ItemPrice>36.90</ItemPrice>
      <UnitOfMeasurePrice>4.88</UnitOfMeasurePrice>
      <AllowDiscount>1</AllowDiscount>
      <itemStatus>1</itemStatus>
      <LastUpdateDate />
      <LastUpdateTime />
    </Product>
    <Product>
      <PriceUpdateDate>2017/05/03 13:00</PriceUpdateDate>
      <ItemCode>7290006764010</ItemCode>
      <ItemType>1</ItemType>
      <ItemName>פפסי מקס 330מל זכוכית</ItemName>
      <ManufactureName>טמפו משקאות בעמ</ManufactureName>
      <ManufactureCountry />
      <ManufactureItemDescription />
      <UnitQty>י"ח</UnitQty>
      <Quantity>330</Quantity>
      <UnitMeasure>ל  מ"ל</UnitMeasure>
      <BisWeighted>0</BisWeighted>
      <QtyInPackage>1</QtyInPackage>
      <ItemPrice>4.90</ItemPrice>
      <UnitOfMeasurePrice>1.39</UnitOfMeasurePrice>
      <AllowDiscount>1</AllowDiscount>
      <itemStatus>1</itemStatus>
      <LastUpdateDate />
      <LastUpdateTime />
    </Product>
    <Product>
      <PriceUpdateDate>2014/10/05 13:28</PriceUpdateDate>
      <ItemCode>7290006788672</ItemCode>
      <ItemType>1</ItemType>
      <ItemName>שמפו 10 קשקשים 700 מ"ל</ItemName>
      <ManufactureName>החב הדרומית לשיווק</ManufactureName>
      <ManufactureCountry />
      <ManufactureItemDescription />
      <UnitQty>י"ח</UnitQty>
      <Quantity>700</Quantity>
      <UnitMeasure>ל  מ"ל</UnitMeasure>
      <BisWeighted>0</BisWeighted>
      <QtyInPackage>1</QtyInPackage>
      <ItemPrice>11.90</ItemPrice>
      <UnitOfMeasurePrice>1.70</UnitOfMeasurePrice>
      <AllowDiscount>1</AllowDiscount>
      <itemStatus>1</itemStatus>
      <LastUpdateDate />
      <LastUpdateTime />
    </Product>
    <Product>
      <PriceUpdateDate>2018/12/05 10:41</PriceUpdateDate>
      <ItemCode>7290008801010</ItemCode>
      <ItemType>1</ItemType>
      <ItemName>PC  קברנה/מרלו 0.75 ל</ItemName>
      <ManufactureName>אגודת הכורמים -כרמל מזרחי</ManufactureName>
      <ManufactureCountry />
      <ManufactureItemDescription />
      <UnitQty>י"ח</UnitQty>
      <Quantity>750</Quantity>
      <UnitMeasure>ל  מ"ל</UnitMeasure>
      <BisWeighted>0</BisWeighted>
      <QtyInPackage>1</QtyInPackage>
      <ItemPrice>36.90</ItemPrice>
      <UnitOfMeasurePrice>4.88</UnitOfMeasurePrice>
      <AllowDiscount>1</AllowDiscount>
      <itemStatus>1</itemStatus>
      <LastUpdateDate />
      <LastUpdateTime />
    </Product>
    <Product>
      <PriceUpdateDate>2014/10/14 14:38</PriceUpdateDate>
      <ItemCode>7290008801119</ItemCode>
      <ItemType>1</ItemType>
      <ItemName>סלקטד סובניון בלאן  750מ"ל</ItemName>
      <ManufactureName>אגודת הכורמים -כרמל מזרחי</ManufactureName>
      <ManufactureCountry />
      <ManufactureItemDescription />
      <UnitQty>י"ח</UnitQty>
      <Quantity>750</Quantity>
      <UnitMeasure>ל  מ"ל</UnitMeasure>
      <BisWeighted>0</BisWeighted>
      <QtyInPackage>1</QtyInPackage>
      <ItemPrice>27</ItemPrice>
      <UnitOfMeasurePrice>3.56</UnitOfMeasurePrice>
      <AllowDiscount>1</AllowDiscount>
      <itemStatus>1</itemStatus>
      <LastUpdateDate />
      <LastUpdateTime />
    </Product>
    <Product>
      <PriceUpdateDate>2014/10/14 14:38</PriceUpdateDate>
      <ItemCode>7290008801157</ItemCode>
      <ItemType>1</ItemType>
      <ItemName>סלקטד מרלו  0.75 ל</ItemName>
      <ManufactureName>אגודת הכורמים -כרמל מזרחי</ManufactureName>
      <ManufactureCountry />
      <ManufactureItemDescription />
      <UnitQty>י"ח</UnitQty>
      <Quantity>750</Quantity>
      <UnitMeasure>ל  מ"ל</UnitMeasure>
      <BisWeighted>0</BisWeighted>
      <QtyInPackage>1</QtyInPackage>
      <ItemPrice>27</ItemPrice>
      <UnitOfMeasurePrice>3.56</UnitOfMeasurePrice>
      <AllowDiscount>1</AllowDiscount>
      <itemStatus>1</itemStatus>
      <LastUpdateDate />
      <LastUpdateTime />
    </Product>
    <Product>
      <PriceUpdateDate>2018/06/03 14:12</PriceUpdateDate>
      <ItemCode>7290008801461</ItemCode>
      <ItemType>1</ItemType>
      <ItemName>יין נצחון כרמל</ItemName>
      <ManufactureName>אגודת הכורמים -כרמל מזרחי</ManufactureName>
      <ManufactureCountry />
      <ManufactureItemDescription />
      <UnitQty>י"ח</UnitQty>
      <Quantity>750</Quantity>
      <UnitMeasure>ל  מ"ל</UnitMeasure>
      <BisWeighted>0</BisWeighted>
      <QtyInPackage>1</QtyInPackage>
      <ItemPrice>21</ItemPrice>
      <UnitOfMeasurePrice>2.76</UnitOfMeasurePrice>
      <AllowDiscount>1</AllowDiscount>
      <itemStatus>1</itemStatus>
      <LastUpdateDate />
      <LastUpdateTime />
    </Product>
    <Product>
      <PriceUpdateDate>2013/12/24 14:37</PriceUpdateDate>
      <ItemCode>7290008801478</ItemCode>
      <ItemType>1</ItemType>
      <ItemName>טופז זהב יין מתוק 750</ItemName>
      <ManufactureName>אגודת הכורמים -כרמל מזרחי</ManufactureName>
      <ManufactureCountry />
      <ManufactureItemDescription />
      <UnitQty>י"ח</UnitQty>
      <Quantity>750</Quantity>
      <UnitMeasure>ל  מ"ל</UnitMeasure>
      <BisWeighted>0</BisWeighted>
      <QtyInPackage>1</QtyInPackage>
      <ItemPrice>21.20</ItemPrice>
      <UnitOfMeasurePrice>2.79</UnitOfMeasurePrice>
      <AllowDiscount>1</AllowDiscount>
      <itemStatus>1</itemStatus>
      <LastUpdateDate />
      <LastUpdateTime />
    </Product>
    <Product>
      <PriceUpdateDate>2019/05/28 08:30</PriceUpdateDate>
      <ItemCode>7290010016280</ItemCode>
      <ItemType>1</ItemType>
      <ItemName>גביע קינוח אישי 100גר</ItemName>
      <ManufactureName>לייבוביץ</ManufactureName>
      <ManufactureCountry />
      <ManufactureItemDescription />
      <UnitQty>י"ח</UnitQty>
      <Quantity>100</Quantity>
      <UnitMeasure>ל  גרם</UnitMeasure>
      <BisWeighted>0</BisWeighted>
      <QtyInPackage>1</QtyInPackage>
      <ItemPrice>7.90</ItemPrice>
      <UnitOfMeasurePrice>7.90</UnitOfMeasurePrice>
      <AllowDiscount>1</AllowDiscount>
      <itemStatus>1</itemStatus>
      <LastUpdateDate />
      <LastUpdateTime />
    </Product>
    <Product>
      <PriceUpdateDate>2019/11/05 10:58</PriceUpdateDate>
      <ItemCode>7290010045006</ItemCode>
      <ItemType>1</ItemType>
      <ItemName>עוגיות חמאה פרכיות</ItemName>
      <ManufactureName>תה ויסוצקי (ישראל)בעמ</ManufactureName>
      <ManufactureCountry />
      <ManufactureItemDescription />
      <UnitQty>י"ח</UnitQty>
      <Quantity>280</Quantity>
      <UnitMeasure>ל  גרם</UnitMeasure>
      <BisWeighted>0</BisWeighted>
      <QtyInPackage>1</QtyInPackage>
      <ItemPrice>15.90</ItemPrice>
      <UnitOfMeasurePrice>5.68</UnitOfMeasurePrice>
      <AllowDiscount>1</AllowDiscount>
      <itemStatus>1</itemStatus>
      <LastUpdateDate />
      <LastUpdateTime />
    </Product>
    <Product>
      <PriceUpdateDate>2019/11/05 10:58</PriceUpdateDate>
      <ItemCode>7290010045013</ItemCode>
      <ItemType>1</ItemType>
      <ItemName>עוגיות חמאה צרפתיות</ItemName>
      <ManufactureName>תה ויסוצקי (ישראל)בעמ</ManufactureName>
      <ManufactureCountry />
      <ManufactureItemDescription />
      <UnitQty>י"ח</UnitQty>
      <Quantity>250</Quantity>
      <UnitMeasure>ל  גרם</UnitMeasure>
      <BisWeighted>0</BisWeighted>
      <QtyInPackage>1</QtyInPackage>
      <ItemPrice>15.90</ItemPrice>
      <UnitOfMeasurePrice>6.36</UnitOfMeasurePrice>
      <AllowDiscount>1</AllowDiscount>
      <itemStatus>1</itemStatus>
      <LastUpdateDate />
      <LastUpdateTime />
    </Product>
    <Product>
      <PriceUpdateDate>2019/11/05 10:58</PriceUpdateDate>
      <ItemCode>7290010045037</ItemCode>
      <ItemType>1</ItemType>
      <ItemName>עוגיות שוקולד צ יפס</ItemName>
      <ManufactureName>תה ויסוצקי (ישראל)בעמ</ManufactureName>
      <ManufactureCountry />
      <ManufactureItemDescription />
      <UnitQty>י"ח</UnitQty>
      <Quantity>250</Quantity>
      <UnitMeasure>ל  גרם</UnitMeasure>
      <BisWeighted>0</BisWeighted>
      <QtyInPackage>1</QtyInPackage>
      <ItemPrice>15.90</ItemPrice>
      <UnitOfMeasurePrice>6.36</UnitOfMeasurePrice>
      <AllowDiscount>1</AllowDiscount>
      <itemStatus>1</itemStatus>
      <LastUpdateDate />
      <LastUpdateTime />
    </Product>
    <Product>
      <PriceUpdateDate>2019/11/05 10:58</PriceUpdateDate>
      <ItemCode>7290010045051</ItemCode>
      <ItemType>1</ItemType>
      <ItemName>עוגיות מלבן שקדים</ItemName>
      <ManufactureName>תה ויסוצקי (ישראל)בעמ</ManufactureName>
      <ManufactureCountry />
      <ManufactureItemDescription />
      <UnitQty>י"ח</UnitQty>
      <Quantity>280</Quantity>
      <UnitMeasure>ל  גרם</UnitMeasure>
      <BisWeighted>0</BisWeighted>
      <QtyInPackage>1</QtyInPackage>
      <ItemPrice>15.90</ItemPrice>
      <UnitOfMeasurePrice>5.68</UnitOfMeasurePrice>
      <AllowDiscount>1</AllowDiscount>
      <itemStatus>1</itemStatus>
      <LastUpdateDate />
      <LastUpdateTime />
    </Product>
    <Product>
      <PriceUpdateDate>2019/11/05 10:58</PriceUpdateDate>
      <ItemCode>7290010045068</ItemCode>
      <ItemType>1</ItemType>
      <ItemName>עוגיות הנסיכה</ItemName>
      <ManufactureName>תה ויסוצקי (ישראל)בעמ</ManufactureName>
      <ManufactureCountry />
      <ManufactureItemDescription />
      <UnitQty>י"ח</UnitQty>
      <Quantity>250</Quantity>
      <UnitMeasure>ל  גרם</UnitMeasure>
      <BisWeighted>0</BisWeighted>
      <QtyInPackage>1</QtyInPackage>
      <ItemPrice>15.90</ItemPrice>
      <UnitOfMeasurePrice>6.36</UnitOfMeasurePrice>
      <AllowDiscount>1</AllowDiscount>
      <itemStatus>1</itemStatus>
      <LastUpdateDate />
      <LastUpdateTime />
    </Product>
    <Product>
      <PriceUpdateDate>2015/11/16 13:02</PriceUpdateDate>
      <ItemCode>7290010115938</ItemCode>
      <ItemType>1</ItemType>
      <ItemName>פתי בר טעם שוקולד 500גר עלית</ItemName>
      <ManufactureName>שטראוס גרופ בעמ</ManufactureName>
      <ManufactureCountry />
      <ManufactureItemDescription />
      <UnitQty>י"ח</UnitQty>
      <Quantity>350</Quantity>
      <UnitMeasure>ל  גרם</UnitMeasure>
      <BisWeighted>0</BisWeighted>
      <QtyInPackage>1</QtyInPackage>
      <ItemPrice>10.90</ItemPrice>
      <UnitOfMeasurePrice>3.11</UnitOfMeasurePrice>
      <AllowDiscount>1</AllowDiscount>
      <itemStatus>1</itemStatus>
      <LastUpdateDate />
      <LastUpdateTime />
    </Product>
    <Product>
      <PriceUpdateDate>2014/12/08 14:39</PriceUpdateDate>
      <ItemCode>7290010116348</ItemCode>
      <ItemType>1</ItemType>
      <ItemName>מיקס חטיפים מגדים 390 ג`</ItemName>
      <ManufactureName>שטראוס גרופ בעמ</ManufactureName>
      <ManufactureCountry />
      <ManufactureItemDescription />
      <UnitQty>י"ח</UnitQty>
      <Quantity>390</Quantity>
      <UnitMeasure>ל  גרם</UnitMeasure>
      <BisWeighted>0</BisWeighted>
      <QtyInPackage>1</QtyInPackage>
      <ItemPrice>23.90</ItemPrice>
      <UnitOfMeasurePrice>6.13</UnitOfMeasurePrice>
      <AllowDiscount>1</AllowDiscount>
      <itemStatus>1</itemStatus>
      <LastUpdateDate />
      <LastUpdateTime />
    </Product>
    <Product>
      <PriceUpdateDate>2018/12/11 16:06</PriceUpdateDate>
      <ItemCode>7290010116898</ItemCode>
      <ItemType>1</ItemType>
      <ItemName>שוקולד אוורירי מריר</ItemName>
      <ManufactureName>שטראוס גרופ בעמ</ManufactureName>
      <ManufactureCountry />
      <ManufactureItemDescription />
      <UnitQty>י"ח</UnitQty>
      <Quantity>100</Quantity>
      <UnitMeasure>ל  גרם</UnitMeasure>
      <BisWeighted>0</BisWeighted>
      <QtyInPackage>1</QtyInPackage>
      <ItemPrice>5.90</ItemPrice>
      <UnitOfMeasurePrice>5.90</UnitOfMeasurePrice>
      <AllowDiscount>1</AllowDiscount>
      <itemStatus>1</itemStatus>
      <LastUpdateDate />
      <LastUpdateTime />
    </Product>
    <Product>
      <PriceUpdateDate>2019/12/30 14:29</PriceUpdateDate>
      <ItemCode>7290010117864</ItemCode>
      <ItemType>1</ItemType>
      <ItemName>דוריטוס חריף אש 70 גרם</ItemName>
      <ManufactureName>שטראוס פריטו ליי בעמ</ManufactureName>
      <ManufactureCountry />
      <ManufactureItemDescription />
      <UnitQty>י"ח</UnitQty>
      <Quantity>70</Quantity>
      <UnitMeasure>ל  גרם</UnitMeasure>
      <BisWeighted>0</BisWeighted>
      <QtyInPackage>1</QtyInPackage>
      <ItemPrice>3.90</ItemPrice>
      <UnitOfMeasurePrice>5.57</UnitOfMeasurePrice>
      <AllowDiscount>1</AllowDiscount>
      <itemStatus>1</itemStatus>
      <LastUpdateDate />
      <LastUpdateTime />
    </Product>
    <Product>
      <PriceUpdateDate>2019/06/04 10:11</PriceUpdateDate>
      <ItemCode>7290010124107</ItemCode>
      <ItemType>1</ItemType>
      <ItemName>סטייק בורגר 400גרם ארוז</ItemName>
      <ManufactureName>בלדי בעמ</ManufactureName>
      <ManufactureCountry />
      <ManufactureItemDescription />
      <UnitQty>י"ח</UnitQty>
      <Quantity>400</Quantity>
      <UnitMeasure>ל  גרם</UnitMeasure>
      <BisWeighted>0</BisWeighted>
      <QtyInPackage>1</QtyInPackage>
      <ItemPrice>18.90</ItemPrice>
      <UnitOfMeasurePrice>4.73</UnitOfMeasurePrice>
      <AllowDiscount>1</AllowDiscount>
      <itemStatus>1</itemStatus>
      <LastUpdateDate />
      <LastUpdateTime />
    </Product>
    <Product>
      <PriceUpdateDate>2019/06/04 10:11</PriceUpdateDate>
      <ItemCode>7290010124213</ItemCode>
      <ItemType>1</ItemType>
      <ItemName>סינטה בקר דק דק אל מטאדור 250גר</ItemName>
      <ManufactureName>בלדי בעמ</ManufactureName>
      <ManufactureCountry />
      <ManufactureItemDescription />
      <UnitQty>י"ח</UnitQty>
      <Quantity>250</Quantity>
      <UnitMeasure>ל  גרם</UnitMeasure>
      <BisWeighted>0</BisWeighted>
      <QtyInPackage>1</QtyInPackage>
      <ItemPrice>18.90</ItemPrice>
      <UnitOfMeasurePrice>7.56</UnitOfMeasurePrice>
      <AllowDiscount>1</AllowDiscount>
      <itemStatus>1</itemStatus>
      <LastUpdateDate />
      <LastUpdateTime />
    </Product>
    <Product>
      <PriceUpdateDate>2016/08/29 08:45</PriceUpdateDate>
      <ItemCode>7290010173037</ItemCode>
      <ItemType>1</ItemType>
      <ItemName>גליל רוזה</ItemName>
      <ManufactureName>היכל היין שקד גולן בעמ</ManufactureName>
      <ManufactureCountry />
      <ManufactureItemDescription />
      <UnitQty>י"ח</UnitQty>
      <Quantity>750</Quantity>
      <UnitMeasure>ל  מ"ל</UnitMeasure>
      <BisWeighted>0</BisWeighted>
      <QtyInPackage>1</QtyInPackage>
      <ItemPrice>34.90</ItemPrice>
      <UnitOfMeasurePrice>4.61</UnitOfMeasurePrice>
      <AllowDiscount>1</AllowDiscount>
      <itemStatus>1</itemStatus>
      <LastUpdateDate />
      <LastUpdateTime />
    </Product>
    <Product>
      <PriceUpdateDate>2015/07/10 08:25</PriceUpdateDate>
      <ItemCode>7290010173044</ItemCode>
      <ItemType>1</ItemType>
      <ItemName>גליל מרלו</ItemName>
      <ManufactureName>היכל היין שקד גולן בעמ</ManufactureName>
      <ManufactureCountry />
      <ManufactureItemDescription />
      <UnitQty>י"ח</UnitQty>
      <Quantity>750</Quantity>
      <UnitMeasure>ל  מ"ל</UnitMeasure>
      <BisWeighted>0</BisWeighted>
      <QtyInPackage>1</QtyInPackage>
      <ItemPrice>36.20</ItemPrice>
      <UnitOfMeasurePrice>4.79</UnitOfMeasurePrice>
      <AllowDiscount>1</AllowDiscount>
      <itemStatus>1</itemStatus>
      <LastUpdateDate />
      <LastUpdateTime />
    </Product>
    <Product>
      <PriceUpdateDate>2015/07/10 08:25</PriceUpdateDate>
      <ItemCode>7290010173068</ItemCode>
      <ItemType>1</ItemType>
      <ItemName>גליל קברנה סובניון</ItemName>
      <ManufactureName>היכל היין שקד גולן בעמ</ManufactureName>
      <ManufactureCountry />
      <ManufactureItemDescription />
      <UnitQty>י"ח</UnitQty>
      <Quantity>750</Quantity>
      <UnitMeasure>ל  מ"ל</UnitMeasure>
      <BisWeighted>0</BisWeighted>
      <QtyInPackage>1</QtyInPackage>
      <ItemPrice>36.20</ItemPrice>
      <UnitOfMeasurePrice>4.79</UnitOfMeasurePrice>
      <AllowDiscount>1</AllowDiscount>
      <itemStatus>1</itemStatus>
      <LastUpdateDate />
      <LastUpdateTime />
    </Product>
    <Product>
      <PriceUpdateDate>2015/07/10 08:25</PriceUpdateDate>
      <ItemCode>7290010173334</ItemCode>
      <ItemType>1</ItemType>
      <ItemName>גליל שיראז</ItemName>
      <ManufactureName>היכל היין שקד גולן בעמ</ManufactureName>
      <ManufactureCountry />
      <ManufactureItemDescription />
      <UnitQty>י"ח</UnitQty>
      <Quantity>750</Quantity>
      <UnitMeasure>ל  גרם</UnitMeasure>
      <BisWeighted>0</BisWeighted>
      <QtyInPackage>1</QtyInPackage>
      <ItemPrice>36.20</ItemPrice>
      <UnitOfMeasurePrice>4.79</UnitOfMeasurePrice>
      <AllowDiscount>1</AllowDiscount>
      <itemStatus>1</itemStatus>
      <LastUpdateDate />
      <LastUpdateTime />
    </Product>
    <Product>
      <PriceUpdateDate>2017/12/31 14:41</PriceUpdateDate>
      <ItemCode>7290010199891</ItemCode>
      <ItemType>1</ItemType>
      <ItemName>אל סבון ארומטי תה אדום 500 מל</ItemName>
      <ManufactureName>גורי ע.ע.ע. בעמ</ManufactureName>
      <ManufactureCountry />
      <ManufactureItemDescription />
      <UnitQty>י"ח</UnitQty>
      <Quantity>500</Quantity>
      <UnitMeasure>ל  מ"ל</UnitMeasure>
      <BisWeighted>0</BisWeighted>
      <QtyInPackage>1</QtyInPackage>
      <ItemPrice>8.90</ItemPrice>
      <UnitOfMeasurePrice>1.78</UnitOfMeasurePrice>
      <AllowDiscount>1</AllowDiscount>
      <itemStatus>1</itemStatus>
      <LastUpdateDate />
      <LastUpdateTime />
    </Product>
    <Product>
      <PriceUpdateDate>2017/12/31 14:41</PriceUpdateDate>
      <ItemCode>7290010199907</ItemCode>
      <ItemType>1</ItemType>
      <ItemName>סבון ידיים תה ירוק 500 מ"ל</ItemName>
      <ManufactureName>גורי ע.ע.ע. בעמ</ManufactureName>
      <ManufactureCountry />
      <ManufactureItemDescription />
      <UnitQty>י"ח</UnitQty>
      <Quantity>500</Quantity>
      <UnitMeasure>ל  מ"ל</UnitMeasure>
      <BisWeighted>0</BisWeighted>
      <QtyInPackage>1</QtyInPackage>
      <ItemPrice>8.90</ItemPrice>
      <UnitOfMeasurePrice>1.78</UnitOfMeasurePrice>
      <AllowDiscount>1</AllowDiscount>
      <itemStatus>1</itemStatus>
      <LastUpdateDate />
      <LastUpdateTime />
    </Product>
    <Product>
      <PriceUpdateDate>2013/11/03 15:59</PriceUpdateDate>
      <ItemCode>7290010234769</ItemCode>
      <ItemType>1</ItemType>
      <ItemName>דאודורנט איזבלה</ItemName>
      <ManufactureName>פנינה רוזנבלום בעמ</ManufactureName>
      <ManufactureCountry />
      <ManufactureItemDescription />
      <UnitQty>י"ח</UnitQty>
      <Quantity>1</Quantity>
      <UnitMeasure>י"ח</UnitMeasure>
      <BisWeighted>0</BisWeighted>
      <QtyInPackage>1</QtyInPackage>
      <ItemPrice>16.90</ItemPrice>
      <UnitOfMeasurePrice>16.90</UnitOfMeasurePrice>
      <AllowDiscount>1</AllowDiscount>
      <itemStatus>1</itemStatus>
      <LastUpdateDate />
      <LastUpdateTime />
    </Product>
    <Product>
      <PriceUpdateDate>2018/07/15 15:22</PriceUpdateDate>
      <ItemCode>7290010237531</ItemCode>
      <ItemType>1</ItemType>
      <ItemName>פפסי קולה 500 מ"ל</ItemName>
      <ManufactureName>טמפו משקאות בעמ</ManufactureName>
      <ManufactureCountry />
      <ManufactureItemDescription />
      <UnitQty>י"ח</UnitQty>
      <Quantity>500</Quantity>
      <UnitMeasure>ל  מ"ל</UnitMeasure>
      <BisWeighted>0</BisWeighted>
      <QtyInPackage>1</QtyInPackage>
      <ItemPrice>4.90</ItemPrice>
      <UnitOfMeasurePrice>0.92</UnitOfMeasurePrice>
      <AllowDiscount>1</AllowDiscount>
      <itemStatus>1</itemStatus>
      <LastUpdateDate />
      <LastUpdateTime />
    </Product>
    <Product>
      <PriceUpdateDate>2018/07/15 15:22</PriceUpdateDate>
      <ItemCode>7290010237548</ItemCode>
      <ItemType>1</ItemType>
      <ItemName>פפסי מקס 500 מ"ל</ItemName>
      <ManufactureName>טמפו משקאות בעמ</ManufactureName>
      <ManufactureCountry />
      <ManufactureItemDescription />
      <UnitQty>י"ח</UnitQty>
      <Quantity>500</Quantity>
      <UnitMeasure>ל  מ"ל</UnitMeasure>
      <BisWeighted>0</BisWeighted>
      <QtyInPackage>1</QtyInPackage>
      <ItemPrice>4.90</ItemPrice>
      <UnitOfMeasurePrice>0.92</UnitOfMeasurePrice>
      <AllowDiscount>1</AllowDiscount>
      <itemStatus>1</itemStatus>
      <LastUpdateDate />
      <LastUpdateTime />
    </Product>
    <Product>
      <PriceUpdateDate>2018/07/15 15:22</PriceUpdateDate>
      <ItemCode>7290010237562</ItemCode>
      <ItemType>1</ItemType>
      <ItemName>מירנדה 500 מ"ל</ItemName>
      <ManufactureName>טמפו משקאות בעמ</ManufactureName>
      <ManufactureCountry />
      <ManufactureItemDescription />
      <UnitQty>י"ח</UnitQty>
      <Quantity>500</Quantity>
      <UnitMeasure>ל  מ"ל</UnitMeasure>
      <BisWeighted>0</BisWeighted>
      <QtyInPackage>1</QtyInPackage>
      <ItemPrice>4.90</ItemPrice>
      <UnitOfMeasurePrice>0.92</UnitOfMeasurePrice>
      <AllowDiscount>1</AllowDiscount>
      <itemStatus>1</itemStatus>
      <LastUpdateDate />
      <LastUpdateTime />
    </Product>
    <Product>
      <PriceUpdateDate>2018/07/15 15:22</PriceUpdateDate>
      <ItemCode>7290010237579</ItemCode>
      <ItemType>1</ItemType>
      <ItemName>סבן אפ 500 מ"ל</ItemName>
      <ManufactureName>טמפו משקאות בעמ</ManufactureName>
      <ManufactureCountry />
      <ManufactureItemDescription />
      <UnitQty>י"ח</UnitQty>
      <Quantity>500</Quantity>
      <UnitMeasure>ל  מ"ל</UnitMeasure>
      <BisWeighted>0</BisWeighted>
      <QtyInPackage>1</QtyInPackage>
      <ItemPrice>4.90</ItemPrice>
      <UnitOfMeasurePrice>0.92</UnitOfMeasurePrice>
      <AllowDiscount>1</AllowDiscount>
      <itemStatus>1</itemStatus>
      <LastUpdateDate />
      <LastUpdateTime />
    </Product>
    <Product>
      <PriceUpdateDate>2018/07/15 15:22</PriceUpdateDate>
      <ItemCode>7290010237586</ItemCode>
      <ItemType>1</ItemType>
      <ItemName>סבן אפ דיאט 500 מ"ל</ItemName>
      <ManufactureName>טמפו משקאות בעמ</ManufactureName>
      <ManufactureCountry />
      <ManufactureItemDescription />
      <UnitQty>י"ח</UnitQty>
      <Quantity>500</Quantity>
      <UnitMeasure>ל  מ"ל</UnitMeasure>
      <BisWeighted>0</BisWeighted>
      <QtyInPackage>1</QtyInPackage>
      <ItemPrice>4.90</ItemPrice>
      <UnitOfMeasurePrice>0.92</UnitOfMeasurePrice>
      <AllowDiscount>1</AllowDiscount>
      <itemStatus>1</itemStatus>
      <LastUpdateDate />
      <LastUpdateTime />
    </Product>
    <Product>
      <PriceUpdateDate>2013/12/04 10:42</PriceUpdateDate>
      <ItemCode>7290010237623</ItemCode>
      <ItemType>1</ItemType>
      <ItemName>נשר מאלט 1.5 ליטר</ItemName>
      <ManufactureName>טמפו משקאות בעמ</ManufactureName>
      <ManufactureCountry />
      <ManufactureItemDescription />
      <UnitQty>י"ח</UnitQty>
      <Quantity>1.50</Quantity>
      <UnitMeasure>ליטר</UnitMeasure>
      <BisWeighted>0</BisWeighted>
      <QtyInPackage>1</QtyInPackage>
      <ItemPrice>7.50</ItemPrice>
      <UnitOfMeasurePrice>5</UnitOfMeasurePrice>
      <AllowDiscount>1</AllowDiscount>
      <itemStatus>1</itemStatus>
      <LastUpdateDate />
      <LastUpdateTime />
    </Product>
    <Product>
      <PriceUpdateDate>2013/12/04 10:42</PriceUpdateDate>
      <ItemCode>7290010237630</ItemCode>
      <ItemType>1</ItemType>
      <ItemName>נשר מאלט דיאט 1.5 ליטר</ItemName>
      <ManufactureName>טמפו משקאות בעמ</ManufactureName>
      <ManufactureCountry />
      <ManufactureItemDescription />
      <UnitQty>י"ח</UnitQty>
      <Quantity>1.50</Quantity>
      <UnitMeasure>ליטר</UnitMeasure>
      <BisWeighted>0</BisWeighted>
      <QtyInPackage>1</QtyInPackage>
      <ItemPrice>7.50</ItemPrice>
      <UnitOfMeasurePrice>5</UnitOfMeasurePrice>
      <AllowDiscount>1</AllowDiscount>
      <itemStatus>1</itemStatus>
      <LastUpdateDate />
      <LastUpdateTime />
    </Product>
    <Product>
      <PriceUpdateDate>2019/05/24 09:31</PriceUpdateDate>
      <ItemCode>7290010237784</ItemCode>
      <ItemType>1</ItemType>
      <ItemName>שנדי(מכבי)שישייה    לימון 330מ"ל</ItemName>
      <ManufactureName>טמפו משקאות בעמ</ManufactureName>
      <ManufactureCountry />
      <ManufactureItemDescription />
      <UnitQty>י"ח</UnitQty>
      <Quantity>1.98</Quantity>
      <UnitMeasure>ליטר</UnitMeasure>
      <BisWeighted>0</BisWeighted>
      <QtyInPackage>1</QtyInPackage>
      <ItemPrice>37.90</ItemPrice>
      <UnitOfMeasurePrice>18.23</UnitOfMeasurePrice>
      <AllowDiscount>1</AllowDiscount>
      <itemStatus>1</itemStatus>
      <LastUpdateDate />
      <LastUpdateTime />
    </Product>
    <Product>
      <PriceUpdateDate>2019/01/20 12:34</PriceUpdateDate>
      <ItemCode>7290010237890</ItemCode>
      <ItemType>1</ItemType>
      <ItemName>הייניקן 500  מ"ל(חוזר{</ItemName>
      <ManufactureName>טמפו משקאות בעמ</ManufactureName>
      <ManufactureCountry />
      <ManufactureItemDescription />
      <UnitQty>י"ח</UnitQty>
      <Quantity>500</Quantity>
      <UnitMeasure>ל  מ"ל</UnitMeasure>
      <BisWeighted>0</BisWeighted>
      <QtyInPackage>1</QtyInPackage>
      <ItemPrice>8.60</ItemPrice>
      <UnitOfMeasurePrice>1.48</UnitOfMeasurePrice>
      <AllowDiscount>1</AllowDiscount>
      <itemStatus>1</itemStatus>
      <LastUpdateDate />
      <LastUpdateTime />
    </Product>
    <Product>
      <PriceUpdateDate>2014/01/03 13:46</PriceUpdateDate>
      <ItemCode>7290010259007</ItemCode>
      <ItemType>1</ItemType>
      <ItemName>בישקוטים ווניל 200</ItemName>
      <ManufactureName>ג.וילי פוד אינטרנשיונל בעמ</ManufactureName>
      <ManufactureCountry />
      <ManufactureItemDescription />
      <UnitQty>י"ח</UnitQty>
      <Quantity>200</Quantity>
      <UnitMeasure>ל  גרם</UnitMeasure>
      <BisWeighted>0</BisWeighted>
      <QtyInPackage>1</QtyInPackage>
      <ItemPrice>7</ItemPrice>
      <UnitOfMeasurePrice>3.50</UnitOfMeasurePrice>
      <AllowDiscount>1</AllowDiscount>
      <itemStatus>1</itemStatus>
      <LastUpdateDate />
      <LastUpdateTime />
    </Product>
    <Product>
      <PriceUpdateDate>2016/05/19 13:42</PriceUpdateDate>
      <ItemCode>7290010259359</ItemCode>
      <ItemType>1</ItemType>
      <ItemName>נודלס אטריות ביצים 200 ג</ItemName>
      <ManufactureName>ג.וילי פוד אינטרנשיונל בעמ</ManufactureName>
      <ManufactureCountry />
      <ManufactureItemDescription />
      <UnitQty>י"ח</UnitQty>
      <Quantity>200</Quantity>
      <UnitMeasure>ל  גרם</UnitMeasure>
      <BisWeighted>0</BisWeighted>
      <QtyInPackage>1</QtyInPackage>
      <ItemPrice>3.30</ItemPrice>
      <UnitOfMeasurePrice>1.65</UnitOfMeasurePrice>
      <AllowDiscount>1</AllowDiscount>
      <itemStatus>1</itemStatus>
      <LastUpdateDate />
      <LastUpdateTime />
    </Product>
    <Product>
      <PriceUpdateDate>2016/05/19 13:42</PriceUpdateDate>
      <ItemCode>7290010259366</ItemCode>
      <ItemType>1</ItemType>
      <ItemName>נודלס אטריות מסולסל 200 ג</ItemName>
      <ManufactureName>ג.וילי פוד אינטרנשיונל בעמ</ManufactureName>
      <ManufactureCountry />
      <ManufactureItemDescription />
      <UnitQty>י"ח</UnitQty>
      <Quantity>200</Quantity>
      <UnitMeasure>ל  גרם</UnitMeasure>
      <BisWeighted>0</BisWeighted>
      <QtyInPackage>1</QtyInPackage>
      <ItemPrice>3.30</ItemPrice>
      <UnitOfMeasurePrice>1.65</UnitOfMeasurePrice>
      <AllowDiscount>1</AllowDiscount>
      <itemStatus>1</itemStatus>
      <LastUpdateDate />
      <LastUpdateTime />
    </Product>
    <Product>
      <PriceUpdateDate>2017/03/05 11:30</PriceUpdateDate>
      <ItemCode>7290010259823</ItemCode>
      <ItemType>1</ItemType>
      <ItemName>מנת השף מרק עם נודלס</ItemName>
      <ManufactureName>ג.וילי פוד אינטרנשיונל בעמ</ManufactureName>
      <ManufactureCountry />
      <ManufactureItemDescription />
      <UnitQty>י"ח</UnitQty>
      <Quantity>70</Quantity>
      <UnitMeasure>ל  גרם</UnitMeasure>
      <BisWeighted>0</BisWeighted>
      <QtyInPackage>1</QtyInPackage>
      <ItemPrice>4.90</ItemPrice>
      <UnitOfMeasurePrice>7</UnitOfMeasurePrice>
      <AllowDiscount>1</AllowDiscount>
      <itemStatus>1</itemStatus>
      <LastUpdateDate />
      <LastUpdateTime />
    </Product>
    <Product>
      <PriceUpdateDate>2017/03/05 11:30</PriceUpdateDate>
      <ItemCode>7290010259830</ItemCode>
      <ItemType>1</ItemType>
      <ItemName>מנת השף מרק עם נודלס</ItemName>
      <ManufactureName>ג.וילי פוד אינטרנשיונל בעמ</ManufactureName>
      <ManufactureCountry />
      <ManufactureItemDescription />
      <UnitQty>י"ח</UnitQty>
      <Quantity>70</Quantity>
      <UnitMeasure>ל  גרם</UnitMeasure>
      <BisWeighted>0</BisWeighted>
      <QtyInPackage>1</QtyInPackage>
      <ItemPrice>4.90</ItemPrice>
      <UnitOfMeasurePrice>7</UnitOfMeasurePrice>
      <AllowDiscount>1</AllowDiscount>
      <itemStatus>1</itemStatus>
      <LastUpdateDate />
      <LastUpdateTime />
    </Product>
    <Product>
      <PriceUpdateDate>2017/03/05 11:30</PriceUpdateDate>
      <ItemCode>7290010259847</ItemCode>
      <ItemType>1</ItemType>
      <ItemName>מנת השף מרק עם נודלס</ItemName>
      <ManufactureName>ג.וילי פוד אינטרנשיונל בעמ</ManufactureName>
      <ManufactureCountry />
      <ManufactureItemDescription />
      <UnitQty>י"ח</UnitQty>
      <Quantity>70</Quantity>
      <UnitMeasure>ל  גרם</UnitMeasure>
      <BisWeighted>0</BisWeighted>
      <QtyInPackage>1</QtyInPackage>
      <ItemPrice>4.90</ItemPrice>
      <UnitOfMeasurePrice>7</UnitOfMeasurePrice>
      <AllowDiscount>1</AllowDiscount>
      <itemStatus>1</itemStatus>
      <LastUpdateDate />
      <LastUpdateTime />
    </Product>
    <Product>
      <PriceUpdateDate>2017/03/05 11:30</PriceUpdateDate>
      <ItemCode>7290010259854</ItemCode>
      <ItemType>1</ItemType>
      <ItemName>מנת השף מרק עם נודלס</ItemName>
      <ManufactureName>ג.וילי פוד אינטרנשיונל בעמ</ManufactureName>
      <ManufactureCountry />
      <ManufactureItemDescription />
      <UnitQty>י"ח</UnitQty>
      <Quantity>70</Quantity>
      <UnitMeasure>ל  גרם</UnitMeasure>
      <BisWeighted>0</BisWeighted>
      <QtyInPackage>1</QtyInPackage>
      <ItemPrice>4.90</ItemPrice>
      <UnitOfMeasurePrice>7</UnitOfMeasurePrice>
      <AllowDiscount>1</AllowDiscount>
      <itemStatus>1</itemStatus>
      <LastUpdateDate />
      <LastUpdateTime />
    </Product>
    <Product>
      <PriceUpdateDate>2017/03/05 11:30</PriceUpdateDate>
      <ItemCode>7290010259861</ItemCode>
      <ItemType>1</ItemType>
      <ItemName>מנת השף מרק עם נודלס</ItemName>
      <ManufactureName>ג.וילי פוד אינטרנשיונל בעמ</ManufactureName>
      <ManufactureCountry />
      <ManufactureItemDescription />
      <UnitQty>י"ח</UnitQty>
      <Quantity>70</Quantity>
      <UnitMeasure>ל  גרם</UnitMeasure>
      <BisWeighted>0</BisWeighted>
      <QtyInPackage>1</QtyInPackage>
      <ItemPrice>4.90</ItemPrice>
      <UnitOfMeasurePrice>7</UnitOfMeasurePrice>
      <AllowDiscount>1</AllowDiscount>
      <itemStatus>1</itemStatus>
      <LastUpdateDate />
      <LastUpdateTime />
    </Product>
    <Product>
      <PriceUpdateDate>2014/01/03 13:46</PriceUpdateDate>
      <ItemCode>7290010259953</ItemCode>
      <ItemType>1</ItemType>
      <ItemName>עוגיות ביצים</ItemName>
      <ManufactureName>ג.וילי פוד אינטרנשיונל בעמ</ManufactureName>
      <ManufactureCountry />
      <ManufactureItemDescription />
      <UnitQty>י"ח</UnitQty>
      <Quantity>400</Quantity>
      <UnitMeasure>ל  גרם</UnitMeasure>
      <BisWeighted>0</BisWeighted>
      <QtyInPackage>1</QtyInPackage>
      <ItemPrice>13</ItemPrice>
      <UnitOfMeasurePrice>3.25</UnitOfMeasurePrice>
      <AllowDiscount>1</AllowDiscount>
      <itemStatus>1</itemStatus>
      <LastUpdateDate />
      <LastUpdateTime />
    </Product>
    <Product>
      <PriceUpdateDate>2013/11/26 14:01</PriceUpdateDate>
      <ItemCode>7290010328246</ItemCode>
      <ItemType>1</ItemType>
      <ItemName>טחינה  אחווה שומשום מלא 500 ג`</ItemName>
      <ManufactureName>אחדות בעמ</ManufactureName>
      <ManufactureCountry />
      <ManufactureItemDescription />
      <UnitQty>י"ח</UnitQty>
      <Quantity>500</Quantity>
      <UnitMeasure>ל  גרם</UnitMeasure>
      <BisWeighted>0</BisWeighted>
      <QtyInPackage>1</QtyInPackage>
      <ItemPrice>12.90</ItemPrice>
      <UnitOfMeasurePrice>2.58</UnitOfMeasurePrice>
      <AllowDiscount>1</AllowDiscount>
      <itemStatus>1</itemStatus>
      <LastUpdateDate />
      <LastUpdateTime />
    </Product>
    <Product>
      <PriceUpdateDate>2013/11/26 14:01</PriceUpdateDate>
      <ItemCode>7290010328253</ItemCode>
      <ItemType>1</ItemType>
      <ItemName>טחינה גולמית אחווה 500גר</ItemName>
      <ManufactureName>אחדות בעמ</ManufactureName>
      <ManufactureCountry />
      <ManufactureItemDescription />
      <UnitQty>י"ח</UnitQty>
      <Quantity>500</Quantity>
      <UnitMeasure>ל  גרם</UnitMeasure>
      <BisWeighted>0</BisWeighted>
      <QtyInPackage>1</QtyInPackage>
      <ItemPrice>12.90</ItemPrice>
      <UnitOfMeasurePrice>2.58</UnitOfMeasurePrice>
      <AllowDiscount>1</AllowDiscount>
      <itemStatus>1</itemStatus>
      <LastUpdateDate />
      <LastUpdateTime />
    </Product>
    <Product>
      <PriceUpdateDate>2017/02/08 10:00</PriceUpdateDate>
      <ItemCode>7290010329595</ItemCode>
      <ItemType>1</ItemType>
      <ItemName>אגו דבל שוקולד 130גר</ItemName>
      <ManufactureName>כרמית תעשיות ממתקים בעמ</ManufactureName>
      <ManufactureCountry />
      <ManufactureItemDescription />
      <UnitQty>י"ח</UnitQty>
      <Quantity>130</Quantity>
      <UnitMeasure>ל  גרם</UnitMeasure>
      <BisWeighted>0</BisWeighted>
      <QtyInPackage>1</QtyInPackage>
      <ItemPrice>6.90</ItemPrice>
      <UnitOfMeasurePrice>5.31</UnitOfMeasurePrice>
      <AllowDiscount>1</AllowDiscount>
      <itemStatus>1</itemStatus>
      <LastUpdateDate />
      <LastUpdateTime />
    </Product>
    <Product>
      <PriceUpdateDate>2017/02/08 10:00</PriceUpdateDate>
      <ItemCode>7290010329977</ItemCode>
      <ItemType>1</ItemType>
      <ItemName>מטבעות כרמית מריר 42גר ברשת</ItemName>
      <ManufactureName>כרמית תעשיות ממתקים בעמ</ManufactureName>
      <ManufactureCountry />
      <ManufactureItemDescription />
      <UnitQty>י"ח</UnitQty>
      <Quantity>42</Quantity>
      <UnitMeasure>ל  גרם</UnitMeasure>
      <BisWeighted>0</BisWeighted>
      <QtyInPackage>1</QtyInPackage>
      <ItemPrice>3.90</ItemPrice>
      <UnitOfMeasurePrice>9.29</UnitOfMeasurePrice>
      <AllowDiscount>1</AllowDiscount>
      <itemStatus>1</itemStatus>
      <LastUpdateDate />
      <LastUpdateTime />
    </Product>
    <Product>
      <PriceUpdateDate>2013/12/17 18:35</PriceUpdateDate>
      <ItemCode>7290010342194</ItemCode>
      <ItemType>1</ItemType>
      <ItemName>פסטה המותג</ItemName>
      <ManufactureName>לפ עטרת תעשיות (1996 ) בעמ</ManufactureName>
      <ManufactureCountry />
      <ManufactureItemDescription />
      <UnitQty>י"ח</UnitQty>
      <Quantity>680</Quantity>
      <UnitMeasure>ל  מ"ל</UnitMeasure>
      <BisWeighted>0</BisWeighted>
      <QtyInPackage>1</QtyInPackage>
      <ItemPrice>4</ItemPrice>
      <UnitOfMeasurePrice>0.59</UnitOfMeasurePrice>
      <AllowDiscount>1</AllowDiscount>
      <itemStatus>1</itemStatus>
      <LastUpdateDate />
      <LastUpdateTime />
    </Product>
    <Product>
      <PriceUpdateDate>2020/01/13 10:05</PriceUpdateDate>
      <ItemCode>7290010380558</ItemCode>
      <ItemType>1</ItemType>
      <ItemName>נקה 7 שמפו לימונענע</ItemName>
      <ManufactureName>החב הדרומית לשיווק</ManufactureName>
      <ManufactureCountry />
      <ManufactureItemDescription />
      <UnitQty>י"ח</UnitQty>
      <Quantity>750</Quantity>
      <UnitMeasure>ל  מ"ל</UnitMeasure>
      <BisWeighted>0</BisWeighted>
      <QtyInPackage>1</QtyInPackage>
      <ItemPrice>10.90</ItemPrice>
      <UnitOfMeasurePrice>1.45</UnitOfMeasurePrice>
      <AllowDiscount>1</AllowDiscount>
      <itemStatus>1</itemStatus>
      <LastUpdateDate />
      <LastUpdateTime />
    </Product>
    <Product>
      <PriceUpdateDate>2020/01/13 10:05</PriceUpdateDate>
      <ItemCode>7290010380565</ItemCode>
      <ItemType>1</ItemType>
      <ItemName>מייצב לימונענע</ItemName>
      <ManufactureName>החב הדרומית לשיווק</ManufactureName>
      <ManufactureCountry />
      <ManufactureItemDescription />
      <UnitQty>י"ח</UnitQty>
      <Quantity>750</Quantity>
      <UnitMeasure>ל  מ"ל</UnitMeasure>
      <BisWeighted>0</BisWeighted>
      <QtyInPackage>1</QtyInPackage>
      <ItemPrice>10.90</ItemPrice>
      <UnitOfMeasurePrice>1.45</UnitOfMeasurePrice>
      <AllowDiscount>1</AllowDiscount>
      <itemStatus>1</itemStatus>
      <LastUpdateDate />
      <LastUpdateTime />
    </Product>
    <Product>
      <PriceUpdateDate>2014/10/05 13:28</PriceUpdateDate>
      <ItemCode>7290010382408</ItemCode>
      <ItemType>1</ItemType>
      <ItemName>שמפו מרענן מהדורת קייץ</ItemName>
      <ManufactureName>החב הדרומית לשיווק</ManufactureName>
      <ManufactureCountry />
      <ManufactureItemDescription />
      <UnitQty>י"ח</UnitQty>
      <Quantity>1</Quantity>
      <UnitMeasure />
      <BisWeighted>0</BisWeighted>
      <QtyInPackage>1</QtyInPackage>
      <ItemPrice>11.90</ItemPrice>
      <UnitOfMeasurePrice>11.90</UnitOfMeasurePrice>
      <AllowDiscount>1</AllowDiscount>
      <itemStatus>1</itemStatus>
      <LastUpdateDate />
      <LastUpdateTime />
    </Product>
    <Product>
      <PriceUpdateDate>2020/01/13 10:05</PriceUpdateDate>
      <ItemCode>7290010382545</ItemCode>
      <ItemType>1</ItemType>
      <ItemName>נקה -7מרכך לשיער צבוע</ItemName>
      <ManufactureName>החב הדרומית לשיווק</ManufactureName>
      <ManufactureCountry />
      <ManufactureItemDescription />
      <UnitQty>י"ח</UnitQty>
      <Quantity>750</Quantity>
      <UnitMeasure>ל  מ"ל</UnitMeasure>
      <BisWeighted>0</BisWeighted>
      <QtyInPackage>1</QtyInPackage>
      <ItemPrice>10.90</ItemPrice>
      <UnitOfMeasurePrice>1.45</UnitOfMeasurePrice>
      <AllowDiscount>1</AllowDiscount>
      <itemStatus>1</itemStatus>
      <LastUpdateDate />
      <LastUpdateTime />
    </Product>
    <Product>
      <PriceUpdateDate>2019/07/31 11:09</PriceUpdateDate>
      <ItemCode>7290010429295</ItemCode>
      <ItemType>1</ItemType>
      <ItemName>מעדן משמש 100% פרי 250גר</ItemName>
      <ManufactureName>שטראוס גרופ בעמ</ManufactureName>
      <ManufactureCountry />
      <ManufactureItemDescription />
      <UnitQty>י"ח</UnitQty>
      <Quantity>250</Quantity>
      <UnitMeasure>ל  גרם</UnitMeasure>
      <BisWeighted>0</BisWeighted>
      <QtyInPackage>1</QtyInPackage>
      <ItemPrice>14.90</ItemPrice>
      <UnitOfMeasurePrice>5.96</UnitOfMeasurePrice>
      <AllowDiscount>1</AllowDiscount>
      <itemStatus>1</itemStatus>
      <LastUpdateDate />
      <LastUpdateTime />
    </Product>
    <Product>
      <PriceUpdateDate>2019/11/20 13:31</PriceUpdateDate>
      <ItemCode>7290010429301</ItemCode>
      <ItemType>1</ItemType>
      <ItemName>מעדן תות 100% פרי 250גר</ItemName>
      <ManufactureName>שטראוס גרופ בעמ</ManufactureName>
      <ManufactureCountry />
      <ManufactureItemDescription />
      <UnitQty>י"ח</UnitQty>
      <Quantity>250</Quantity>
      <UnitMeasure>ל  גרם</UnitMeasure>
      <BisWeighted>0</BisWeighted>
      <QtyInPackage>1</QtyInPackage>
      <ItemPrice>13.90</ItemPrice>
      <UnitOfMeasurePrice>5.56</UnitOfMeasurePrice>
      <AllowDiscount>1</AllowDiscount>
      <itemStatus>1</itemStatus>
      <LastUpdateDate />
      <LastUpdateTime />
    </Product>
    <Product>
      <PriceUpdateDate>2019/07/31 11:09</PriceUpdateDate>
      <ItemCode>7290010429318</ItemCode>
      <ItemType>1</ItemType>
      <ItemName>מעדן 100% פירות יער 250גר</ItemName>
      <ManufactureName>שטראוס גרופ בעמ</ManufactureName>
      <ManufactureCountry />
      <ManufactureItemDescription />
      <UnitQty>י"ח</UnitQty>
      <Quantity>250</Quantity>
      <UnitMeasure>ל  גרם</UnitMeasure>
      <BisWeighted>0</BisWeighted>
      <QtyInPackage>1</QtyInPackage>
      <ItemPrice>14.90</ItemPrice>
      <UnitOfMeasurePrice>5.96</UnitOfMeasurePrice>
      <AllowDiscount>1</AllowDiscount>
      <itemStatus>1</itemStatus>
      <LastUpdateDate />
      <LastUpdateTime />
    </Product>
    <Product>
      <PriceUpdateDate>2019/07/31 11:09</PriceUpdateDate>
      <ItemCode>7290010429509</ItemCode>
      <ItemType>1</ItemType>
      <ItemName>מעדן שזיף 100% פרי 250גר</ItemName>
      <ManufactureName>שטראוס גרופ בעמ</ManufactureName>
      <ManufactureCountry />
      <ManufactureItemDescription />
      <UnitQty>י"ח</UnitQty>
      <Quantity>250</Quantity>
      <UnitMeasure>ל  גרם</UnitMeasure>
      <BisWeighted>0</BisWeighted>
      <QtyInPackage>1</QtyInPackage>
      <ItemPrice>14.90</ItemPrice>
      <UnitOfMeasurePrice>5.96</UnitOfMeasurePrice>
      <AllowDiscount>1</AllowDiscount>
      <itemStatus>1</itemStatus>
      <LastUpdateDate />
      <LastUpdateTime />
    </Product>
    <Product>
      <PriceUpdateDate>2020/02/02 09:21</PriceUpdateDate>
      <ItemCode>7290010504428</ItemCode>
      <ItemType>1</ItemType>
      <ItemName>ד"ר פישר סרקל  מארז זוג שרינק</ItemName>
      <ManufactureName>פישר תעשיות פרמבצטיות בעמ</ManufactureName>
      <ManufactureCountry />
      <ManufactureItemDescription />
      <UnitQty>י"ח</UnitQty>
      <Quantity>1</Quantity>
      <UnitMeasure>ליטר</UnitMeasure>
      <BisWeighted>0</BisWeighted>
      <QtyInPackage>1</QtyInPackage>
      <ItemPrice>39.90</ItemPrice>
      <UnitOfMeasurePrice>39.90</UnitOfMeasurePrice>
      <AllowDiscount>1</AllowDiscount>
      <itemStatus>1</itemStatus>
      <LastUpdateDate />
      <LastUpdateTime />
    </Product>
    <Product>
      <PriceUpdateDate>2019/03/25 10:10</PriceUpdateDate>
      <ItemCode>7290010513727</ItemCode>
      <ItemType>1</ItemType>
      <ItemName>פנקו פרורי לחם וומטרי 200גרם</ItemName>
      <ManufactureName>מזרח ומערב יבוא ושיווק</ManufactureName>
      <ManufactureCountry />
      <ManufactureItemDescription />
      <UnitQty>י"ח</UnitQty>
      <Quantity>200</Quantity>
      <UnitMeasure>ל  גרם</UnitMeasure>
      <BisWeighted>0</BisWeighted>
      <QtyInPackage>1</QtyInPackage>
      <ItemPrice>7.90</ItemPrice>
      <UnitOfMeasurePrice>3.95</UnitOfMeasurePrice>
      <AllowDiscount>1</AllowDiscount>
      <itemStatus>1</itemStatus>
      <LastUpdateDate />
      <LastUpdateTime />
    </Product>
    <Product>
      <PriceUpdateDate>2016/11/27 10:56</PriceUpdateDate>
      <ItemCode>7290010546053</ItemCode>
      <ItemType>1</ItemType>
      <ItemName>גרנולה ללא סוכר 400גר צנצנת</ItemName>
      <ManufactureName>גורי מוצרי צריכה בעמ</ManufactureName>
      <ManufactureCountry />
      <ManufactureItemDescription />
      <UnitQty>י"ח</UnitQty>
      <Quantity>400</Quantity>
      <UnitMeasure>ל  גרם</UnitMeasure>
      <BisWeighted>0</BisWeighted>
      <QtyInPackage>1</QtyInPackage>
      <ItemPrice>18.90</ItemPrice>
      <UnitOfMeasurePrice>4.73</UnitOfMeasurePrice>
      <AllowDiscount>1</AllowDiscount>
      <itemStatus>1</itemStatus>
      <LastUpdateDate />
      <LastUpdateTime />
    </Product>
    <Product>
      <PriceUpdateDate>2016/11/27 10:56</PriceUpdateDate>
      <ItemCode>7290010546152</ItemCode>
      <ItemType>1</ItemType>
      <ItemName>גרנולה תמרים 400גר צנצנת</ItemName>
      <ManufactureName>גורי מוצרי צריכה בעמ</ManufactureName>
      <ManufactureCountry />
      <ManufactureItemDescription />
      <UnitQty>י"ח</UnitQty>
      <Quantity>400</Quantity>
      <UnitMeasure>ל  גרם</UnitMeasure>
      <BisWeighted>0</BisWeighted>
      <QtyInPackage>1</QtyInPackage>
      <ItemPrice>18.90</ItemPrice>
      <UnitOfMeasurePrice>4.73</UnitOfMeasurePrice>
      <AllowDiscount>1</AllowDiscount>
      <itemStatus>1</itemStatus>
      <LastUpdateDate />
      <LastUpdateTime />
    </Product>
    <Product>
      <PriceUpdateDate>2016/11/27 10:56</PriceUpdateDate>
      <ItemCode>7290010546169</ItemCode>
      <ItemType>1</ItemType>
      <ItemName>גרנולה שקדים 400גר צנצנת</ItemName>
      <ManufactureName>גורי מוצרי צריכה בעמ</ManufactureName>
      <ManufactureCountry />
      <ManufactureItemDescription />
      <UnitQty>י"ח</UnitQty>
      <Quantity>400</Quantity>
      <UnitMeasure>ל  גרם</UnitMeasure>
      <BisWeighted>0</BisWeighted>
      <QtyInPackage>1</QtyInPackage>
      <ItemPrice>18.90</ItemPrice>
      <UnitOfMeasurePrice>4.73</UnitOfMeasurePrice>
      <AllowDiscount>1</AllowDiscount>
      <itemStatus>1</itemStatus>
      <LastUpdateDate />
      <LastUpdateTime />
    </Product>
    <Product>
      <PriceUpdateDate>2017/12/18 14:16</PriceUpdateDate>
      <ItemCode>7290010546336</ItemCode>
      <ItemType>1</ItemType>
      <ItemName>גרנולה בסילאן ללא סוכר 400ג</ItemName>
      <ManufactureName>גורי מוצרי צריכה בעמ</ManufactureName>
      <ManufactureCountry />
      <ManufactureItemDescription />
      <UnitQty>י"ח</UnitQty>
      <Quantity>400</Quantity>
      <UnitMeasure>ל  גרם</UnitMeasure>
      <BisWeighted>0</BisWeighted>
      <QtyInPackage>1</QtyInPackage>
      <ItemPrice>18.90</ItemPrice>
      <UnitOfMeasurePrice>4.73</UnitOfMeasurePrice>
      <AllowDiscount>1</AllowDiscount>
      <itemStatus>1</itemStatus>
      <LastUpdateDate />
      <LastUpdateTime />
    </Product>
    <Product>
      <PriceUpdateDate>2017/12/18 14:16</PriceUpdateDate>
      <ItemCode>7290010546558</ItemCode>
      <ItemType>1</ItemType>
      <ItemName>גרנולה  חלבה תמרים 400ג</ItemName>
      <ManufactureName>גורי מוצרי צריכה בעמ</ManufactureName>
      <ManufactureCountry />
      <ManufactureItemDescription />
      <UnitQty>י"ח</UnitQty>
      <Quantity>400</Quantity>
      <UnitMeasure>ל  גרם</UnitMeasure>
      <BisWeighted>0</BisWeighted>
      <QtyInPackage>1</QtyInPackage>
      <ItemPrice>18.90</ItemPrice>
      <UnitOfMeasurePrice>4.73</UnitOfMeasurePrice>
      <AllowDiscount>1</AllowDiscount>
      <itemStatus>1</itemStatus>
      <LastUpdateDate />
      <LastUpdateTime />
    </Product>
    <Product>
      <PriceUpdateDate>2017/12/18 14:16</PriceUpdateDate>
      <ItemCode>7290010546565</ItemCode>
      <ItemType>1</ItemType>
      <ItemName>גרנולה  שוקוד  400ג</ItemName>
      <ManufactureName>גורי מוצרי צריכה בעמ</ManufactureName>
      <ManufactureCountry />
      <ManufactureItemDescription />
      <UnitQty>י"ח</UnitQty>
      <Quantity>400</Quantity>
      <UnitMeasure>ל  גרם</UnitMeasure>
      <BisWeighted>0</BisWeighted>
      <QtyInPackage>1</QtyInPackage>
      <ItemPrice>18.90</ItemPrice>
      <UnitOfMeasurePrice>4.73</UnitOfMeasurePrice>
      <AllowDiscount>1</AllowDiscount>
      <itemStatus>1</itemStatus>
      <LastUpdateDate />
      <LastUpdateTime />
    </Product>
    <Product>
      <PriceUpdateDate>2014/01/03 13:46</PriceUpdateDate>
      <ItemCode>7290010569120</ItemCode>
      <ItemType>1</ItemType>
      <ItemName>שטראוס פסק זמן קרנצ</ItemName>
      <ManufactureName>גלידות שטראוס בעמ</ManufactureName>
      <ManufactureCountry />
      <ManufactureItemDescription />
      <UnitQty>י"ח</UnitQty>
      <Quantity>1</Quantity>
      <UnitMeasure />
      <BisWeighted>0</BisWeighted>
      <QtyInPackage>1</QtyInPackage>
      <ItemPrice>8</ItemPrice>
      <UnitOfMeasurePrice>8</UnitOfMeasurePrice>
      <AllowDiscount>1</AllowDiscount>
      <itemStatus>1</itemStatus>
      <LastUpdateDate />
      <LastUpdateTime />
    </Product>
    <Product>
      <PriceUpdateDate>2015/03/01 09:13</PriceUpdateDate>
      <ItemCode>7290010609727</ItemCode>
      <ItemType>1</ItemType>
      <ItemName>פופסים  קידס 70 יח</ItemName>
      <ManufactureName>דודו הדיל בעמ</ManufactureName>
      <ManufactureCountry />
      <ManufactureItemDescription />
      <UnitQty>י"ח</UnitQty>
      <Quantity>1</Quantity>
      <UnitMeasure />
      <BisWeighted>0</BisWeighted>
      <QtyInPackage>1</QtyInPackage>
      <ItemPrice>10</ItemPrice>
      <UnitOfMeasurePrice>10</UnitOfMeasurePrice>
      <AllowDiscount>1</AllowDiscount>
      <itemStatus>1</itemStatus>
      <LastUpdateDate />
      <LastUpdateTime />
    </Product>
    <Product>
      <PriceUpdateDate>2015/01/15 09:52</PriceUpdateDate>
      <ItemCode>7290010613656</ItemCode>
      <ItemType>1</ItemType>
      <ItemName>שמפו רצפות 4 ל ריח מאסק  המותג</ItemName>
      <ManufactureName>סאסאטק אגשח בעמ</ManufactureName>
      <ManufactureCountry />
      <ManufactureItemDescription />
      <UnitQty>י"ח</UnitQty>
      <Quantity>4</Quantity>
      <UnitMeasure>ליטר</UnitMeasure>
      <BisWeighted>0</BisWeighted>
      <QtyInPackage>1</QtyInPackage>
      <ItemPrice>10.90</ItemPrice>
      <UnitOfMeasurePrice>2.73</UnitOfMeasurePrice>
      <AllowDiscount>1</AllowDiscount>
      <itemStatus>1</itemStatus>
      <LastUpdateDate />
      <LastUpdateTime />
    </Product>
    <Product>
      <PriceUpdateDate>2015/01/15 09:52</PriceUpdateDate>
      <ItemCode>7290010613663</ItemCode>
      <ItemType>1</ItemType>
      <ItemName>שמפו רצפות 4 ל  המותג</ItemName>
      <ManufactureName>סאסאטק אגשח בעמ</ManufactureName>
      <ManufactureCountry />
      <ManufactureItemDescription />
      <UnitQty>י"ח</UnitQty>
      <Quantity>4</Quantity>
      <UnitMeasure>ליטר</UnitMeasure>
      <BisWeighted>0</BisWeighted>
      <QtyInPackage>1</QtyInPackage>
      <ItemPrice>10.90</ItemPrice>
      <UnitOfMeasurePrice>2.73</UnitOfMeasurePrice>
      <AllowDiscount>1</AllowDiscount>
      <itemStatus>1</itemStatus>
      <LastUpdateDate />
      <LastUpdateTime />
    </Product>
    <Product>
      <PriceUpdateDate>2019/01/08 10:30</PriceUpdateDate>
      <ItemCode>7290010613908</ItemCode>
      <ItemType>1</ItemType>
      <ItemName>אקונומיקה 4 ל  לימון מותג</ItemName>
      <ManufactureName>סאסאטק אגשח בעמ</ManufactureName>
      <ManufactureCountry />
      <ManufactureItemDescription />
      <UnitQty>י"ח</UnitQty>
      <Quantity>4</Quantity>
      <UnitMeasure>ליטר</UnitMeasure>
      <BisWeighted>0</BisWeighted>
      <QtyInPackage>1</QtyInPackage>
      <ItemPrice>11.90</ItemPrice>
      <UnitOfMeasurePrice>2.98</UnitOfMeasurePrice>
      <AllowDiscount>1</AllowDiscount>
      <itemStatus>1</itemStatus>
      <LastUpdateDate />
      <LastUpdateTime />
    </Product>
    <Product>
      <PriceUpdateDate>2017/11/26 13:25</PriceUpdateDate>
      <ItemCode>7290010632107</ItemCode>
      <ItemType>1</ItemType>
      <ItemName>מוצץ סיל  אורט  זוג קצר</ItemName>
      <ManufactureName>אינטרסן (1996) בעמ</ManufactureName>
      <ManufactureCountry />
      <ManufactureItemDescription />
      <UnitQty>י"ח</UnitQty>
      <Quantity>1</Quantity>
      <UnitMeasure />
      <BisWeighted>0</BisWeighted>
      <QtyInPackage>1</QtyInPackage>
      <ItemPrice>15.90</ItemPrice>
      <UnitOfMeasurePrice>15.90</UnitOfMeasurePrice>
      <AllowDiscount>1</AllowDiscount>
      <itemStatus>1</itemStatus>
      <LastUpdateDate />
      <LastUpdateTime />
    </Product>
    <Product>
      <PriceUpdateDate>2015/02/15 09:03</PriceUpdateDate>
      <ItemCode>7290010632114</ItemCode>
      <ItemType>1</ItemType>
      <ItemName>מוצץ סיל  אורט  זוג בנוני</ItemName>
      <ManufactureName>אינטרסן (1996) בעמ</ManufactureName>
      <ManufactureCountry />
      <ManufactureItemDescription />
      <UnitQty>י"ח</UnitQty>
      <Quantity>1</Quantity>
      <UnitMeasure />
      <BisWeighted>0</BisWeighted>
      <QtyInPackage>1</QtyInPackage>
      <ItemPrice>15.90</ItemPrice>
      <UnitOfMeasurePrice>15.90</UnitOfMeasurePrice>
      <AllowDiscount>1</AllowDiscount>
      <itemStatus>1</itemStatus>
      <LastUpdateDate />
      <LastUpdateTime />
    </Product>
    <Product>
      <PriceUpdateDate>2013/12/16 20:28</PriceUpdateDate>
      <ItemCode>7290010632435</ItemCode>
      <ItemType>1</ItemType>
      <ItemName>נשכן ג ל ברווז</ItemName>
      <ManufactureName>אינטרסן (1996) בעמ</ManufactureName>
      <ManufactureCountry />
      <ManufactureItemDescription />
      <UnitQty>י"ח</UnitQty>
      <Quantity>1</Quantity>
      <UnitMeasure />
      <BisWeighted>0</BisWeighted>
      <QtyInPackage>1</QtyInPackage>
      <ItemPrice>20.50</ItemPrice>
      <UnitOfMeasurePrice>20.50</UnitOfMeasurePrice>
      <AllowDiscount>1</AllowDiscount>
      <itemStatus>1</itemStatus>
      <LastUpdateDate />
      <LastUpdateTime />
    </Product>
    <Product>
      <PriceUpdateDate>2016/12/13 09:14</PriceUpdateDate>
      <ItemCode>7290010632442</ItemCode>
      <ItemType>1</ItemType>
      <ItemName>קופסא למוצצים</ItemName>
      <ManufactureName>אינטרסן (1996) בעמ</ManufactureName>
      <ManufactureCountry />
      <ManufactureItemDescription />
      <UnitQty>י"ח</UnitQty>
      <Quantity>1</Quantity>
      <UnitMeasure />
      <BisWeighted>0</BisWeighted>
      <QtyInPackage>1</QtyInPackage>
      <ItemPrice>13.90</ItemPrice>
      <UnitOfMeasurePrice>13.90</UnitOfMeasurePrice>
      <AllowDiscount>1</AllowDiscount>
      <itemStatus>1</itemStatus>
      <LastUpdateDate />
      <LastUpdateTime />
    </Product>
    <Product>
      <PriceUpdateDate>2013/12/16 20:28</PriceUpdateDate>
      <ItemCode>7290010632459</ItemCode>
      <ItemType>1</ItemType>
      <ItemName>מחזיק למוצץ</ItemName>
      <ManufactureName>אינטרסן (1996) בעמ</ManufactureName>
      <ManufactureCountry />
      <ManufactureItemDescription />
      <UnitQty>י"ח</UnitQty>
      <Quantity>1</Quantity>
      <UnitMeasure />
      <BisWeighted>0</BisWeighted>
      <QtyInPackage>1</QtyInPackage>
      <ItemPrice>15.50</ItemPrice>
      <UnitOfMeasurePrice>15.50</UnitOfMeasurePrice>
      <AllowDiscount>1</AllowDiscount>
      <itemStatus>1</itemStatus>
      <LastUpdateDate />
      <LastUpdateTime />
    </Product>
    <Product>
      <PriceUpdateDate>2019/01/01 12:53</PriceUpdateDate>
      <ItemCode>7290010656592</ItemCode>
      <ItemType>1</ItemType>
      <ItemName>תירוש אדום 100% טהור</ItemName>
      <ManufactureName>יקבי טפרברג 1870 בעמ</ManufactureName>
      <ManufactureCountry />
      <ManufactureItemDescription />
      <UnitQty>י"ח</UnitQty>
      <Quantity>1</Quantity>
      <UnitMeasure>ליטר</UnitMeasure>
      <BisWeighted>0</BisWeighted>
      <QtyInPackage>1</QtyInPackage>
      <ItemPrice>17.90</ItemPrice>
      <UnitOfMeasurePrice>17.90</UnitOfMeasurePrice>
      <AllowDiscount>1</AllowDiscount>
      <itemStatus>1</itemStatus>
      <LastUpdateDate />
      <LastUpdateTime />
    </Product>
    <Product>
      <PriceUpdateDate>2019/01/01 12:53</PriceUpdateDate>
      <ItemCode>7290010656615</ItemCode>
      <ItemType>1</ItemType>
      <ItemName>תירוש לבן 100% טהור</ItemName>
      <ManufactureName>יקבי טפרברג 1870 בעמ</ManufactureName>
      <ManufactureCountry />
      <ManufactureItemDescription />
      <UnitQty>י"ח</UnitQty>
      <Quantity>1</Quantity>
      <UnitMeasure>ליטר</UnitMeasure>
      <BisWeighted>0</BisWeighted>
      <QtyInPackage>1</QtyInPackage>
      <ItemPrice>17.90</ItemPrice>
      <UnitOfMeasurePrice>17.90</UnitOfMeasurePrice>
      <AllowDiscount>1</AllowDiscount>
      <itemStatus>1</itemStatus>
      <LastUpdateDate />
      <LastUpdateTime />
    </Product>
    <Product>
      <PriceUpdateDate>2014/10/06 09:38</PriceUpdateDate>
      <ItemCode>7290010718627</ItemCode>
      <ItemType>1</ItemType>
      <ItemName>סבון נוזלי ירוק פנינה 1 ליטר</ItemName>
      <ManufactureName>פנינה רוזנבלום בעמ</ManufactureName>
      <ManufactureCountry />
      <ManufactureItemDescription />
      <UnitQty>י"ח</UnitQty>
      <Quantity>1</Quantity>
      <UnitMeasure>ליטר</UnitMeasure>
      <BisWeighted>0</BisWeighted>
      <QtyInPackage>1</QtyInPackage>
      <ItemPrice>9.90</ItemPrice>
      <UnitOfMeasurePrice>9.90</UnitOfMeasurePrice>
      <AllowDiscount>1</AllowDiscount>
      <itemStatus>1</itemStatus>
      <LastUpdateDate />
      <LastUpdateTime />
    </Product>
    <Product>
      <PriceUpdateDate>2014/10/06 09:38</PriceUpdateDate>
      <ItemCode>7290010718634</ItemCode>
      <ItemType>1</ItemType>
      <ItemName>סבון נוזלי לבן פנינה 1 ליטר</ItemName>
      <ManufactureName>פנינה רוזנבלום בעמ</ManufactureName>
      <ManufactureCountry />
      <ManufactureItemDescription />
      <UnitQty>י"ח</UnitQty>
      <Quantity>1</Quantity>
      <UnitMeasure>ליטר</UnitMeasure>
      <BisWeighted>0</BisWeighted>
      <QtyInPackage>1</QtyInPackage>
      <ItemPrice>9.90</ItemPrice>
      <UnitOfMeasurePrice>9.90</UnitOfMeasurePrice>
      <AllowDiscount>1</AllowDiscount>
      <itemStatus>1</itemStatus>
      <LastUpdateDate />
      <LastUpdateTime />
    </Product>
    <Product>
      <PriceUpdateDate>2019/05/16 08:51</PriceUpdateDate>
      <ItemCode>7290010740857</ItemCode>
      <ItemType>1</ItemType>
      <ItemName>שניצל תירס  +33%</ItemName>
      <ManufactureName>קבוצת אוסם סחר-שות.מוגבלת</ManufactureName>
      <ManufactureCountry />
      <ManufactureItemDescription />
      <UnitQty>י"ח</UnitQty>
      <Quantity>1</Quantity>
      <UnitMeasure>ק"ג</UnitMeasure>
      <BisWeighted>0</BisWeighted>
      <QtyInPackage>1</QtyInPackage>
      <ItemPrice>29.90</ItemPrice>
      <UnitOfMeasurePrice>29.90</UnitOfMeasurePrice>
      <AllowDiscount>1</AllowDiscount>
      <itemStatus>1</itemStatus>
      <LastUpdateDate />
      <LastUpdateTime />
    </Product>
    <Product>
      <PriceUpdateDate>2016/03/29 13:26</PriceUpdateDate>
      <ItemCode>7290010748853</ItemCode>
      <ItemType>1</ItemType>
      <ItemName>אפקטיב קרם ידיים סנסטיב</ItemName>
      <ManufactureName>פישר תעשיות פרמבצטיות בעמ</ManufactureName>
      <ManufactureCountry />
      <ManufactureItemDescription />
      <UnitQty>י"ח</UnitQty>
      <Quantity>150</Quantity>
      <UnitMeasure>ל  מ"ל</UnitMeasure>
      <BisWeighted>0</BisWeighted>
      <QtyInPackage>1</QtyInPackage>
      <ItemPrice>16.90</ItemPrice>
      <UnitOfMeasurePrice>11.27</UnitOfMeasurePrice>
      <AllowDiscount>1</AllowDiscount>
      <itemStatus>1</itemStatus>
      <LastUpdateDate />
      <LastUpdateTime />
    </Product>
    <Product>
      <PriceUpdateDate>2016/03/29 13:26</PriceUpdateDate>
      <ItemCode>7290010748860</ItemCode>
      <ItemType>1</ItemType>
      <ItemName>אפקטיב קרם ידיים פישר</ItemName>
      <ManufactureName>פישר תעשיות פרמבצטיות בעמ</ManufactureName>
      <ManufactureCountry />
      <ManufactureItemDescription />
      <UnitQty>י"ח</UnitQty>
      <Quantity>150</Quantity>
      <UnitMeasure>ל  מ"ל</UnitMeasure>
      <BisWeighted>0</BisWeighted>
      <QtyInPackage>1</QtyInPackage>
      <ItemPrice>16.90</ItemPrice>
      <UnitOfMeasurePrice>11.27</UnitOfMeasurePrice>
      <AllowDiscount>1</AllowDiscount>
      <itemStatus>1</itemStatus>
      <LastUpdateDate />
      <LastUpdateTime />
    </Product>
    <Product>
      <PriceUpdateDate>2014/01/03 13:46</PriceUpdateDate>
      <ItemCode>7290010766185</ItemCode>
      <ItemType>1</ItemType>
      <ItemName>רוטב לספגטה עגבניות ובזיליקום</ItemName>
      <ManufactureName>גורי מוצרי צריכה בעמ</ManufactureName>
      <ManufactureCountry />
      <ManufactureItemDescription />
      <UnitQty>י"ח</UnitQty>
      <Quantity>420</Quantity>
      <UnitMeasure>ל  גרם</UnitMeasure>
      <BisWeighted>0</BisWeighted>
      <QtyInPackage>1</QtyInPackage>
      <ItemPrice>14</ItemPrice>
      <UnitOfMeasurePrice>3.33</UnitOfMeasurePrice>
      <AllowDiscount>1</AllowDiscount>
      <itemStatus>1</itemStatus>
      <LastUpdateDate />
      <LastUpdateTime />
    </Product>
    <Product>
      <PriceUpdateDate>2018/07/15 15:22</PriceUpdateDate>
      <ItemCode>7290010766307</ItemCode>
      <ItemType>1</ItemType>
      <ItemName>רוטב לפסטה בלונז</ItemName>
      <ManufactureName>גורי מוצרי צריכה בעמ</ManufactureName>
      <ManufactureCountry />
      <ManufactureItemDescription />
      <UnitQty>י"ח</UnitQty>
      <Quantity>420</Quantity>
      <UnitMeasure>ל  גרם</UnitMeasure>
      <BisWeighted>0</BisWeighted>
      <QtyInPackage>1</QtyInPackage>
      <ItemPrice>14.90</ItemPrice>
      <UnitOfMeasurePrice>3.55</UnitOfMeasurePrice>
      <AllowDiscount>1</AllowDiscount>
      <itemStatus>1</itemStatus>
      <LastUpdateDate />
      <LastUpdateTime />
    </Product>
    <Product>
      <PriceUpdateDate>2016/06/14 08:15</PriceUpdateDate>
      <ItemCode>7290010766697</ItemCode>
      <ItemType>1</ItemType>
      <ItemName>רוטב שקשוקה</ItemName>
      <ManufactureName>גורי מוצרי צריכה בעמ</ManufactureName>
      <ManufactureCountry />
      <ManufactureItemDescription />
      <UnitQty>י"ח</UnitQty>
      <Quantity>415</Quantity>
      <UnitMeasure>ל  גרם</UnitMeasure>
      <BisWeighted>0</BisWeighted>
      <QtyInPackage>1</QtyInPackage>
      <ItemPrice>14.90</ItemPrice>
      <UnitOfMeasurePrice>3.59</UnitOfMeasurePrice>
      <AllowDiscount>1</AllowDiscount>
      <itemStatus>1</itemStatus>
      <LastUpdateDate />
      <LastUpdateTime />
    </Product>
    <Product>
      <PriceUpdateDate>2018/07/15 15:22</PriceUpdateDate>
      <ItemCode>7290010766734</ItemCode>
      <ItemType>1</ItemType>
      <ItemName>רוטב פיצה 415גר.</ItemName>
      <ManufactureName>גורי מוצרי צריכה בעמ</ManufactureName>
      <ManufactureCountry />
      <ManufactureItemDescription />
      <UnitQty>י"ח</UnitQty>
      <Quantity>415</Quantity>
      <UnitMeasure>ל  מ"ל</UnitMeasure>
      <BisWeighted>0</BisWeighted>
      <QtyInPackage>1</QtyInPackage>
      <ItemPrice>14.90</ItemPrice>
      <UnitOfMeasurePrice>3.59</UnitOfMeasurePrice>
      <AllowDiscount>1</AllowDiscount>
      <itemStatus>1</itemStatus>
      <LastUpdateDate />
      <LastUpdateTime />
    </Product>
    <Product>
      <PriceUpdateDate>2013/05/27 16:41</PriceUpdateDate>
      <ItemCode>7290010822010</ItemCode>
      <ItemType>1</ItemType>
      <ItemName>ג אמפ 500 מ"ל תפוזים</ItemName>
      <ManufactureName>טמפו משקאות בעמ</ManufactureName>
      <ManufactureCountry />
      <ManufactureItemDescription />
      <UnitQty>י"ח</UnitQty>
      <Quantity>500</Quantity>
      <UnitMeasure>ל  מ"ל</UnitMeasure>
      <BisWeighted>0</BisWeighted>
      <QtyInPackage>1</QtyInPackage>
      <ItemPrice>5.20</ItemPrice>
      <UnitOfMeasurePrice>0.98</UnitOfMeasurePrice>
      <AllowDiscount>1</AllowDiscount>
      <itemStatus>1</itemStatus>
      <LastUpdateDate />
      <LastUpdateTime />
    </Product>
    <Product>
      <PriceUpdateDate>2013/05/27 16:41</PriceUpdateDate>
      <ItemCode>7290010822027</ItemCode>
      <ItemType>1</ItemType>
      <ItemName>ג אמפ 500 מ"ל אשכוליות</ItemName>
      <ManufactureName>טמפו משקאות בעמ</ManufactureName>
      <ManufactureCountry />
      <ManufactureItemDescription />
      <UnitQty>י"ח</UnitQty>
      <Quantity>500</Quantity>
      <UnitMeasure>ל  מ"ל</UnitMeasure>
      <BisWeighted>0</BisWeighted>
      <QtyInPackage>1</QtyInPackage>
      <ItemPrice>5.20</ItemPrice>
      <UnitOfMeasurePrice>0.98</UnitOfMeasurePrice>
      <AllowDiscount>1</AllowDiscount>
      <itemStatus>1</itemStatus>
      <LastUpdateDate />
      <LastUpdateTime />
    </Product>
    <Product>
      <PriceUpdateDate>2014/01/19 10:40</PriceUpdateDate>
      <ItemCode>7290010822034</ItemCode>
      <ItemType>1</ItemType>
      <ItemName>ג אמפ 500 מ"ל ענבים</ItemName>
      <ManufactureName>טמפו משקאות בעמ</ManufactureName>
      <ManufactureCountry />
      <ManufactureItemDescription />
      <UnitQty>י"ח</UnitQty>
      <Quantity>500</Quantity>
      <UnitMeasure>ל  מ"ל</UnitMeasure>
      <BisWeighted>0</BisWeighted>
      <QtyInPackage>1</QtyInPackage>
      <ItemPrice>4.60</ItemPrice>
      <UnitOfMeasurePrice>0.86</UnitOfMeasurePrice>
      <AllowDiscount>1</AllowDiscount>
      <itemStatus>1</itemStatus>
      <LastUpdateDate />
      <LastUpdateTime />
    </Product>
    <Product>
      <PriceUpdateDate>2015/08/12 14:29</PriceUpdateDate>
      <ItemCode>7290010838424</ItemCode>
      <ItemType>1</ItemType>
      <ItemName>טואלט דאק  זוג אקטיב ירוק</ItemName>
      <ManufactureName>דנשר (1963) בעמ</ManufactureName>
      <ManufactureCountry />
      <ManufactureItemDescription />
      <UnitQty>י"ח</UnitQty>
      <Quantity>1.50</Quantity>
      <UnitMeasure>ליטר</UnitMeasure>
      <BisWeighted>0</BisWeighted>
      <QtyInPackage>1</QtyInPackage>
      <ItemPrice>19.90</ItemPrice>
      <UnitOfMeasurePrice>13.27</UnitOfMeasurePrice>
      <AllowDiscount>1</AllowDiscount>
      <itemStatus>1</itemStatus>
      <LastUpdateDate />
      <LastUpdateTime />
    </Product>
    <Product>
      <PriceUpdateDate>2015/08/12 14:29</PriceUpdateDate>
      <ItemCode>7290010838431</ItemCode>
      <ItemType>1</ItemType>
      <ItemName>טואלט דאק 750 זוג</ItemName>
      <ManufactureName>דנשר (1963) בעמ</ManufactureName>
      <ManufactureCountry />
      <ManufactureItemDescription />
      <UnitQty>י"ח</UnitQty>
      <Quantity>1.50</Quantity>
      <UnitMeasure>ליטר</UnitMeasure>
      <BisWeighted>0</BisWeighted>
      <QtyInPackage>1</QtyInPackage>
      <ItemPrice>19.90</ItemPrice>
      <UnitOfMeasurePrice>13.27</UnitOfMeasurePrice>
      <AllowDiscount>1</AllowDiscount>
      <itemStatus>1</itemStatus>
      <LastUpdateDate />
      <LastUpdateTime />
    </Product>
    <Product>
      <PriceUpdateDate>2019/12/04 13:48</PriceUpdateDate>
      <ItemCode>7290010883356</ItemCode>
      <ItemType>1</ItemType>
      <ItemName>כפפות אלוורה L</ItemName>
      <ManufactureName>החב הדרומית לשיווק</ManufactureName>
      <ManufactureCountry />
      <ManufactureItemDescription />
      <UnitQty>י"ח</UnitQty>
      <Quantity>1</Quantity>
      <UnitMeasure />
      <BisWeighted>0</BisWeighted>
      <QtyInPackage>1</QtyInPackage>
      <ItemPrice>10.90</ItemPrice>
      <UnitOfMeasurePrice>10.90</UnitOfMeasurePrice>
      <AllowDiscount>1</AllowDiscount>
      <itemStatus>1</itemStatus>
      <LastUpdateDate />
      <LastUpdateTime />
    </Product>
    <Product>
      <PriceUpdateDate>2019/12/17 10:06</PriceUpdateDate>
      <ItemCode>7290010883363</ItemCode>
      <ItemType>1</ItemType>
      <ItemName>כפפות אלוורה S</ItemName>
      <ManufactureName>החב הדרומית לשיווק</ManufactureName>
      <ManufactureCountry />
      <ManufactureItemDescription />
      <UnitQty>י"ח</UnitQty>
      <Quantity>1</Quantity>
      <UnitMeasure />
      <BisWeighted>0</BisWeighted>
      <QtyInPackage>1</QtyInPackage>
      <ItemPrice>10.90</ItemPrice>
      <UnitOfMeasurePrice>10.90</UnitOfMeasurePrice>
      <AllowDiscount>1</AllowDiscount>
      <itemStatus>1</itemStatus>
      <LastUpdateDate />
      <LastUpdateTime />
    </Product>
    <Product>
      <PriceUpdateDate>2019/12/04 13:48</PriceUpdateDate>
      <ItemCode>7290010883370</ItemCode>
      <ItemType>1</ItemType>
      <ItemName>כפפות אלוורה M</ItemName>
      <ManufactureName>החב הדרומית לשיווק</ManufactureName>
      <ManufactureCountry />
      <ManufactureItemDescription />
      <UnitQty>י"ח</UnitQty>
      <Quantity>1</Quantity>
      <UnitMeasure />
      <BisWeighted>0</BisWeighted>
      <QtyInPackage>1</QtyInPackage>
      <ItemPrice>10.90</ItemPrice>
      <UnitOfMeasurePrice>10.90</UnitOfMeasurePrice>
      <AllowDiscount>1</AllowDiscount>
      <itemStatus>1</itemStatus>
      <LastUpdateDate />
      <LastUpdateTime />
    </Product>
    <Product>
      <PriceUpdateDate>2018/11/26 10:37</PriceUpdateDate>
      <ItemCode>7290011016241</ItemCode>
      <ItemType>1</ItemType>
      <ItemName>פחית ספרייט 330מ"ל</ItemName>
      <ManufactureName>חברה המרכזית להפצת משקאות בעמ</ManufactureName>
      <ManufactureCountry />
      <ManufactureItemDescription />
      <UnitQty>י"ח</UnitQty>
      <Quantity>330</Quantity>
      <UnitMeasure>ל  מ"ל</UnitMeasure>
      <BisWeighted>0</BisWeighted>
      <QtyInPackage>1</QtyInPackage>
      <ItemPrice>4.20</ItemPrice>
      <UnitOfMeasurePrice>1.18</UnitOfMeasurePrice>
      <AllowDiscount>1</AllowDiscount>
      <itemStatus>1</itemStatus>
      <LastUpdateDate />
      <LastUpdateTime />
    </Product>
    <Product>
      <PriceUpdateDate>2018/11/26 10:37</PriceUpdateDate>
      <ItemCode>7290011016258</ItemCode>
      <ItemType>1</ItemType>
      <ItemName>פחית ספרייט 330מ"ל דיאט</ItemName>
      <ManufactureName>חברה המרכזית להפצת משקאות בעמ</ManufactureName>
      <ManufactureCountry />
      <ManufactureItemDescription />
      <UnitQty>י"ח</UnitQty>
      <Quantity>330</Quantity>
      <UnitMeasure>ל  מ"ל</UnitMeasure>
      <BisWeighted>0</BisWeighted>
      <QtyInPackage>1</QtyInPackage>
      <ItemPrice>4.20</ItemPrice>
      <UnitOfMeasurePrice>1.18</UnitOfMeasurePrice>
      <AllowDiscount>1</AllowDiscount>
      <itemStatus>1</itemStatus>
      <LastUpdateDate />
      <LastUpdateTime />
    </Product>
    <Product>
      <PriceUpdateDate>2014/01/29 10:36</PriceUpdateDate>
      <ItemCode>7290011016821</ItemCode>
      <ItemType>1</ItemType>
      <ItemName>פריגת תפוחים דיאט 1.5 ליטר</ItemName>
      <ManufactureName>חברה המרכזית להפצת משקאות בעמ</ManufactureName>
      <ManufactureCountry />
      <ManufactureItemDescription />
      <UnitQty>י"ח</UnitQty>
      <Quantity>1.50</Quantity>
      <UnitMeasure>ליטר</UnitMeasure>
      <BisWeighted>0</BisWeighted>
      <QtyInPackage>1</QtyInPackage>
      <ItemPrice>6.90</ItemPrice>
      <UnitOfMeasurePrice>4.60</UnitOfMeasurePrice>
      <AllowDiscount>1</AllowDiscount>
      <itemStatus>1</itemStatus>
      <LastUpdateDate />
      <LastUpdateTime />
    </Product>
    <Product>
      <PriceUpdateDate>2014/01/19 10:40</PriceUpdateDate>
      <ItemCode>7290011016968</ItemCode>
      <ItemType>1</ItemType>
      <ItemName>חליטת צמחים נענע 0.5 ליטר</ItemName>
      <ManufactureName>חברה המרכזית להפצת משקאות בעמ</ManufactureName>
      <ManufactureCountry />
      <ManufactureItemDescription />
      <UnitQty>י"ח</UnitQty>
      <Quantity>500</Quantity>
      <UnitMeasure>ל  מ"ל</UnitMeasure>
      <BisWeighted>0</BisWeighted>
      <QtyInPackage>1</QtyInPackage>
      <ItemPrice>6</ItemPrice>
      <UnitOfMeasurePrice>1.20</UnitOfMeasurePrice>
      <AllowDiscount>1</AllowDiscount>
      <itemStatus>1</itemStatus>
      <LastUpdateDate />
      <LastUpdateTime />
    </Product>
    <Product>
      <PriceUpdateDate>2014/01/19 10:40</PriceUpdateDate>
      <ItemCode>7290011017132</ItemCode>
      <ItemType>1</ItemType>
      <ItemName>חליטת צמחים לואיזה לימונית 0.5 ליטר</ItemName>
      <ManufactureName>חברה המרכזית להפצת משקאות בעמ</ManufactureName>
      <ManufactureCountry />
      <ManufactureItemDescription />
      <UnitQty>י"ח</UnitQty>
      <Quantity>1</Quantity>
      <UnitMeasure />
      <BisWeighted>0</BisWeighted>
      <QtyInPackage>1</QtyInPackage>
      <ItemPrice>6</ItemPrice>
      <UnitOfMeasurePrice>6</UnitOfMeasurePrice>
      <AllowDiscount>1</AllowDiscount>
      <itemStatus>1</itemStatus>
      <LastUpdateDate />
      <LastUpdateTime />
    </Product>
    <Product>
      <PriceUpdateDate>2014/01/19 10:40</PriceUpdateDate>
      <ItemCode>7290011017453</ItemCode>
      <ItemType>1</ItemType>
      <ItemName>תה ירוק אקזוטי500מ"ל   ליטר(נסטי)</ItemName>
      <ManufactureName>חברה המרכזית להפצת משקאות בעמ</ManufactureName>
      <ManufactureCountry />
      <ManufactureItemDescription />
      <UnitQty>י"ח</UnitQty>
      <Quantity>0.50</Quantity>
      <UnitMeasure>ליטר</UnitMeasure>
      <BisWeighted>0</BisWeighted>
      <QtyInPackage>1</QtyInPackage>
      <ItemPrice>5.30</ItemPrice>
      <UnitOfMeasurePrice>10</UnitOfMeasurePrice>
      <AllowDiscount>1</AllowDiscount>
      <itemStatus>1</itemStatus>
      <LastUpdateDate />
      <LastUpdateTime />
    </Product>
    <Product>
      <PriceUpdateDate>2018/11/26 10:37</PriceUpdateDate>
      <ItemCode>7290011017866</ItemCode>
      <ItemType>1</ItemType>
      <ItemName>פחית קוקה קולה סליק</ItemName>
      <ManufactureName>חברה המרכזית להפצת משקאות בעמ</ManufactureName>
      <ManufactureCountry />
      <ManufactureItemDescription />
      <UnitQty>י"ח</UnitQty>
      <Quantity>330</Quantity>
      <UnitMeasure>ל  מ"ל</UnitMeasure>
      <BisWeighted>0</BisWeighted>
      <QtyInPackage>1</QtyInPackage>
      <ItemPrice>4.20</ItemPrice>
      <UnitOfMeasurePrice>1.18</UnitOfMeasurePrice>
      <AllowDiscount>1</AllowDiscount>
      <itemStatus>1</itemStatus>
      <LastUpdateDate />
      <LastUpdateTime />
    </Product>
    <Product>
      <PriceUpdateDate>2018/11/26 10:37</PriceUpdateDate>
      <ItemCode>7290011017873</ItemCode>
      <ItemType>1</ItemType>
      <ItemName>פחית קוקה קולה זירו  סליק</ItemName>
      <ManufactureName>חברה המרכזית להפצת משקאות בעמ</ManufactureName>
      <ManufactureCountry />
      <ManufactureItemDescription />
      <UnitQty>י"ח</UnitQty>
      <Quantity>330</Quantity>
      <UnitMeasure>ל  מ"ל</UnitMeasure>
      <BisWeighted>0</BisWeighted>
      <QtyInPackage>1</QtyInPackage>
      <ItemPrice>4.20</ItemPrice>
      <UnitOfMeasurePrice>1.18</UnitOfMeasurePrice>
      <AllowDiscount>1</AllowDiscount>
      <itemStatus>1</itemStatus>
      <LastUpdateDate />
      <LastUpdateTime />
    </Product>
    <Product>
      <PriceUpdateDate>2018/11/26 10:37</PriceUpdateDate>
      <ItemCode>7290011017880</ItemCode>
      <ItemType>1</ItemType>
      <ItemName>פחית קוקה קולה דיאט  סליק</ItemName>
      <ManufactureName>חברה המרכזית להפצת משקאות בעמ</ManufactureName>
      <ManufactureCountry />
      <ManufactureItemDescription />
      <UnitQty>י"ח</UnitQty>
      <Quantity>330</Quantity>
      <UnitMeasure>ל  מ"ל</UnitMeasure>
      <BisWeighted>0</BisWeighted>
      <QtyInPackage>1</QtyInPackage>
      <ItemPrice>4.20</ItemPrice>
      <UnitOfMeasurePrice>1.18</UnitOfMeasurePrice>
      <AllowDiscount>1</AllowDiscount>
      <itemStatus>1</itemStatus>
      <LastUpdateDate />
      <LastUpdateTime />
    </Product>
    <Product>
      <PriceUpdateDate>2014/01/29 10:36</PriceUpdateDate>
      <ItemCode>7290011017903</ItemCode>
      <ItemType>1</ItemType>
      <ItemName>פריגת תפוז אדום טעם של פעם 1.5 ליטר</ItemName>
      <ManufactureName>חברה המרכזית להפצת משקאות בעמ</ManufactureName>
      <ManufactureCountry />
      <ManufactureItemDescription />
      <UnitQty>י"ח</UnitQty>
      <Quantity>1.50</Quantity>
      <UnitMeasure>ליטר</UnitMeasure>
      <BisWeighted>0</BisWeighted>
      <QtyInPackage>1</QtyInPackage>
      <ItemPrice>6.90</ItemPrice>
      <UnitOfMeasurePrice>4.60</UnitOfMeasurePrice>
      <AllowDiscount>1</AllowDiscount>
      <itemStatus>1</itemStatus>
      <LastUpdateDate />
      <LastUpdateTime />
    </Product>
    <Product>
      <PriceUpdateDate>2014/01/29 10:36</PriceUpdateDate>
      <ItemCode>7290011017910</ItemCode>
      <ItemType>1</ItemType>
      <ItemName>פריגת קלמנטינות טעם של פעם 1.5 ליטר</ItemName>
      <ManufactureName>חברה המרכזית להפצת משקאות בעמ</ManufactureName>
      <ManufactureCountry />
      <ManufactureItemDescription />
      <UnitQty>י"ח</UnitQty>
      <Quantity>1.50</Quantity>
      <UnitMeasure>ליטר</UnitMeasure>
      <BisWeighted>0</BisWeighted>
      <QtyInPackage>1</QtyInPackage>
      <ItemPrice>6.90</ItemPrice>
      <UnitOfMeasurePrice>4.60</UnitOfMeasurePrice>
      <AllowDiscount>1</AllowDiscount>
      <itemStatus>1</itemStatus>
      <LastUpdateDate />
      <LastUpdateTime />
    </Product>
    <Product>
      <PriceUpdateDate>2018/11/26 10:37</PriceUpdateDate>
      <ItemCode>7290011018443</ItemCode>
      <ItemType>1</ItemType>
      <ItemName>פחית  פאנטה אורנג   סליק</ItemName>
      <ManufactureName>חברה המרכזית להפצת משקאות בעמ</ManufactureName>
      <ManufactureCountry />
      <ManufactureItemDescription />
      <UnitQty>י"ח</UnitQty>
      <Quantity>330</Quantity>
      <UnitMeasure>ל  מ"ל</UnitMeasure>
      <BisWeighted>0</BisWeighted>
      <QtyInPackage>1</QtyInPackage>
      <ItemPrice>4.20</ItemPrice>
      <UnitOfMeasurePrice>1.18</UnitOfMeasurePrice>
      <AllowDiscount>1</AllowDiscount>
      <itemStatus>1</itemStatus>
      <LastUpdateDate />
      <LastUpdateTime />
    </Product>
    <Product>
      <PriceUpdateDate>2018/11/26 10:37</PriceUpdateDate>
      <ItemCode>7290011018467</ItemCode>
      <ItemType>1</ItemType>
      <ItemName>פחית קוקה פאנטה אקזוטיק   סליק</ItemName>
      <ManufactureName>חברה המרכזית להפצת משקאות בעמ</ManufactureName>
      <ManufactureCountry />
      <ManufactureItemDescription />
      <UnitQty>י"ח</UnitQty>
      <Quantity>330</Quantity>
      <UnitMeasure>ל  מ"ל</UnitMeasure>
      <BisWeighted>0</BisWeighted>
      <QtyInPackage>1</QtyInPackage>
      <ItemPrice>4.20</ItemPrice>
      <UnitOfMeasurePrice>1.18</UnitOfMeasurePrice>
      <AllowDiscount>1</AllowDiscount>
      <itemStatus>1</itemStatus>
      <LastUpdateDate />
      <LastUpdateTime />
    </Product>
    <Product>
      <PriceUpdateDate>2018/11/26 10:37</PriceUpdateDate>
      <ItemCode>7290011018498</ItemCode>
      <ItemType>1</ItemType>
      <ItemName>קוקה פאנטה לימונדה  פחית סליק</ItemName>
      <ManufactureName>חברה המרכזית להפצת משקאות בעמ</ManufactureName>
      <ManufactureCountry />
      <ManufactureItemDescription />
      <UnitQty>י"ח</UnitQty>
      <Quantity>330</Quantity>
      <UnitMeasure>ל  מ"ל</UnitMeasure>
      <BisWeighted>0</BisWeighted>
      <QtyInPackage>1</QtyInPackage>
      <ItemPrice>4.20</ItemPrice>
      <UnitOfMeasurePrice>1.18</UnitOfMeasurePrice>
      <AllowDiscount>1</AllowDiscount>
      <itemStatus>1</itemStatus>
      <LastUpdateDate />
      <LastUpdateTime />
    </Product>
    <Product>
      <PriceUpdateDate>2013/12/09 17:44</PriceUpdateDate>
      <ItemCode>7290011051297</ItemCode>
      <ItemType>1</ItemType>
      <ItemName>מי סודה עם לימון 1.5 ל</ItemName>
      <ManufactureName>יפאורה שותפות מוגבלת לשיווק</ManufactureName>
      <ManufactureCountry />
      <ManufactureItemDescription />
      <UnitQty>י"ח</UnitQty>
      <Quantity>1.50</Quantity>
      <UnitMeasure>ליטר</UnitMeasure>
      <BisWeighted>0</BisWeighted>
      <QtyInPackage>1</QtyInPackage>
      <ItemPrice>4</ItemPrice>
      <UnitOfMeasurePrice>2.67</UnitOfMeasurePrice>
      <AllowDiscount>1</AllowDiscount>
      <itemStatus>1</itemStatus>
      <LastUpdateDate />
      <LastUpdateTime />
    </Product>
    <Product>
      <PriceUpdateDate>2019/11/08 08:12</PriceUpdateDate>
      <ItemCode>7290011051372</ItemCode>
      <ItemType>1</ItemType>
      <ItemName>שוופס מוגז עדין</ItemName>
      <ManufactureName>יפאורה שותפות מוגבלת לשיווק</ManufactureName>
      <ManufactureCountry />
      <ManufactureItemDescription />
      <UnitQty>י"ח</UnitQty>
      <Quantity>1.50</Quantity>
      <UnitMeasure>ליטר</UnitMeasure>
      <BisWeighted>0</BisWeighted>
      <QtyInPackage>1</QtyInPackage>
      <ItemPrice>7.50</ItemPrice>
      <UnitOfMeasurePrice>5</UnitOfMeasurePrice>
      <AllowDiscount>1</AllowDiscount>
      <itemStatus>1</itemStatus>
      <LastUpdateDate />
      <LastUpdateTime />
    </Product>
    <Product>
      <PriceUpdateDate>2019/11/08 08:12</PriceUpdateDate>
      <ItemCode>7290011051389</ItemCode>
      <ItemType>1</ItemType>
      <ItemName>שוופס מוגז עדין פירות יער</ItemName>
      <ManufactureName>יפאורה שותפות מוגבלת לשיווק</ManufactureName>
      <ManufactureCountry />
      <ManufactureItemDescription />
      <UnitQty>י"ח</UnitQty>
      <Quantity>1.50</Quantity>
      <UnitMeasure>ליטר</UnitMeasure>
      <BisWeighted>0</BisWeighted>
      <QtyInPackage>1</QtyInPackage>
      <ItemPrice>7.50</ItemPrice>
      <UnitOfMeasurePrice>5</UnitOfMeasurePrice>
      <AllowDiscount>1</AllowDiscount>
      <itemStatus>1</itemStatus>
      <LastUpdateDate />
      <LastUpdateTime />
    </Product>
    <Product>
      <PriceUpdateDate>2019/11/08 08:12</PriceUpdateDate>
      <ItemCode>7290011051396</ItemCode>
      <ItemType>1</ItemType>
      <ItemName>שוופס מוגז עדין אפרסק</ItemName>
      <ManufactureName>יפאורה שותפות מוגבלת לשיווק</ManufactureName>
      <ManufactureCountry />
      <ManufactureItemDescription />
      <UnitQty>י"ח</UnitQty>
      <Quantity>1.50</Quantity>
      <UnitMeasure>ליטר</UnitMeasure>
      <BisWeighted>0</BisWeighted>
      <QtyInPackage>1</QtyInPackage>
      <ItemPrice>7.50</ItemPrice>
      <UnitOfMeasurePrice>5</UnitOfMeasurePrice>
      <AllowDiscount>1</AllowDiscount>
      <itemStatus>1</itemStatus>
      <LastUpdateDate />
      <LastUpdateTime />
    </Product>
    <Product>
      <PriceUpdateDate>2013/12/04 14:40</PriceUpdateDate>
      <ItemCode>7290011051488</ItemCode>
      <ItemType>1</ItemType>
      <ItemName>ספרינג -Tאפרסק מנגו   1.5 ל</ItemName>
      <ManufactureName>יפאורה שותפות מוגבלת לשיווק</ManufactureName>
      <ManufactureCountry />
      <ManufactureItemDescription />
      <UnitQty>י"ח</UnitQty>
      <Quantity>1.50</Quantity>
      <UnitMeasure>ליטר</UnitMeasure>
      <BisWeighted>0</BisWeighted>
      <QtyInPackage>1</QtyInPackage>
      <ItemPrice>7</ItemPrice>
      <UnitOfMeasurePrice>4.67</UnitOfMeasurePrice>
      <AllowDiscount>1</AllowDiscount>
      <itemStatus>1</itemStatus>
      <LastUpdateDate />
      <LastUpdateTime />
    </Product>
    <Product>
      <PriceUpdateDate>2013/12/04 14:40</PriceUpdateDate>
      <ItemCode>7290011051495</ItemCode>
      <ItemType>1</ItemType>
      <ItemName>ספרינג -Tלימון   לואיזה</ItemName>
      <ManufactureName>יפאורה שותפות מוגבלת לשיווק</ManufactureName>
      <ManufactureCountry />
      <ManufactureItemDescription />
      <UnitQty>י"ח</UnitQty>
      <Quantity>1.50</Quantity>
      <UnitMeasure>ליטר</UnitMeasure>
      <BisWeighted>0</BisWeighted>
      <QtyInPackage>1</QtyInPackage>
      <ItemPrice>7</ItemPrice>
      <UnitOfMeasurePrice>4.67</UnitOfMeasurePrice>
      <AllowDiscount>1</AllowDiscount>
      <itemStatus>1</itemStatus>
      <LastUpdateDate />
      <LastUpdateTime />
    </Product>
    <Product>
      <PriceUpdateDate>2013/12/04 14:40</PriceUpdateDate>
      <ItemCode>7290011051518</ItemCode>
      <ItemType>1</ItemType>
      <ItemName>ספרינג -Tדיאט   אפרסק</ItemName>
      <ManufactureName>יפאורה שותפות מוגבלת לשיווק</ManufactureName>
      <ManufactureCountry />
      <ManufactureItemDescription />
      <UnitQty>י"ח</UnitQty>
      <Quantity>1.50</Quantity>
      <UnitMeasure>ליטר</UnitMeasure>
      <BisWeighted>0</BisWeighted>
      <QtyInPackage>1</QtyInPackage>
      <ItemPrice>7</ItemPrice>
      <UnitOfMeasurePrice>4.67</UnitOfMeasurePrice>
      <AllowDiscount>1</AllowDiscount>
      <itemStatus>1</itemStatus>
      <LastUpdateDate />
      <LastUpdateTime />
    </Product>
    <Product>
      <PriceUpdateDate>2014/01/08 14:56</PriceUpdateDate>
      <ItemCode>7290011051525</ItemCode>
      <ItemType>1</ItemType>
      <ItemName>ספרינג -Tאפרסק   0.5 ל</ItemName>
      <ManufactureName>יפאורה שותפות מוגבלת לשיווק</ManufactureName>
      <ManufactureCountry />
      <ManufactureItemDescription />
      <UnitQty>י"ח</UnitQty>
      <Quantity>500</Quantity>
      <UnitMeasure>ל  מ"ל</UnitMeasure>
      <BisWeighted>0</BisWeighted>
      <QtyInPackage>1</QtyInPackage>
      <ItemPrice>5.80</ItemPrice>
      <UnitOfMeasurePrice>1.10</UnitOfMeasurePrice>
      <AllowDiscount>1</AllowDiscount>
      <itemStatus>1</itemStatus>
      <LastUpdateDate />
      <LastUpdateTime />
    </Product>
    <Product>
      <PriceUpdateDate>2014/01/08 14:56</PriceUpdateDate>
      <ItemCode>7290011051532</ItemCode>
      <ItemType>1</ItemType>
      <ItemName>ספרינג -Tלימון   0.5 ל</ItemName>
      <ManufactureName>יפאורה שותפות מוגבלת לשיווק</ManufactureName>
      <ManufactureCountry />
      <ManufactureItemDescription />
      <UnitQty>י"ח</UnitQty>
      <Quantity>500</Quantity>
      <UnitMeasure>ל  מ"ל</UnitMeasure>
      <BisWeighted>0</BisWeighted>
      <QtyInPackage>1</QtyInPackage>
      <ItemPrice>5.80</ItemPrice>
      <UnitOfMeasurePrice>1.10</UnitOfMeasurePrice>
      <AllowDiscount>1</AllowDiscount>
      <itemStatus>1</itemStatus>
      <LastUpdateDate />
      <LastUpdateTime />
    </Product>
    <Product>
      <PriceUpdateDate>2019/11/08 08:12</PriceUpdateDate>
      <ItemCode>7290011051655</ItemCode>
      <ItemType>1</ItemType>
      <ItemName>שוופס מוגז עדין ריזלינג</ItemName>
      <ManufactureName>יפאורה שותפות מוגבלת לשיווק</ManufactureName>
      <ManufactureCountry />
      <ManufactureItemDescription />
      <UnitQty>י"ח</UnitQty>
      <Quantity>1.50</Quantity>
      <UnitMeasure>ליטר</UnitMeasure>
      <BisWeighted>0</BisWeighted>
      <QtyInPackage>1</QtyInPackage>
      <ItemPrice>7.50</ItemPrice>
      <UnitOfMeasurePrice>5</UnitOfMeasurePrice>
      <AllowDiscount>1</AllowDiscount>
      <itemStatus>1</itemStatus>
      <LastUpdateDate />
      <LastUpdateTime />
    </Product>
    <Product>
      <PriceUpdateDate>2018/11/06 10:28</PriceUpdateDate>
      <ItemCode>7290011051938</ItemCode>
      <ItemType>1</ItemType>
      <ItemName>תפוזינה 1.5ליט תפוח רענן</ItemName>
      <ManufactureName>יפאורה שותפות מוגבלת לשיווק</ManufactureName>
      <ManufactureCountry />
      <ManufactureItemDescription />
      <UnitQty>י"ח</UnitQty>
      <Quantity>1.50</Quantity>
      <UnitMeasure>ליטר</UnitMeasure>
      <BisWeighted>0</BisWeighted>
      <QtyInPackage>1</QtyInPackage>
      <ItemPrice>6.20</ItemPrice>
      <UnitOfMeasurePrice>4.13</UnitOfMeasurePrice>
      <AllowDiscount>1</AllowDiscount>
      <itemStatus>1</itemStatus>
      <LastUpdateDate />
      <LastUpdateTime />
    </Product>
    <Product>
      <PriceUpdateDate>2016/04/21 11:45</PriceUpdateDate>
      <ItemCode>7290011051945</ItemCode>
      <ItemType>1</ItemType>
      <ItemName>תפוזינה תפוח רענן 0.5</ItemName>
      <ManufactureName>יפאורה שותפות מוגבלת לשיווק</ManufactureName>
      <ManufactureCountry />
      <ManufactureItemDescription />
      <UnitQty>י"ח</UnitQty>
      <Quantity>50</Quantity>
      <UnitMeasure>ל  מ"ל</UnitMeasure>
      <BisWeighted>0</BisWeighted>
      <QtyInPackage>1</QtyInPackage>
      <ItemPrice>4.20</ItemPrice>
      <UnitOfMeasurePrice>7.80</UnitOfMeasurePrice>
      <AllowDiscount>1</AllowDiscount>
      <itemStatus>1</itemStatus>
      <LastUpdateDate />
      <LastUpdateTime />
    </Product>
    <Product>
      <PriceUpdateDate>2019/02/12 09:13</PriceUpdateDate>
      <ItemCode>7290011051976</ItemCode>
      <ItemType>1</ItemType>
      <ItemName>FREE RC 1.5ליטר</ItemName>
      <ManufactureName>יפאורה שותפות מוגבלת לשיווק</ManufactureName>
      <ManufactureCountry />
      <ManufactureItemDescription />
      <UnitQty>י"ח</UnitQty>
      <Quantity>1.50</Quantity>
      <UnitMeasure>ליטר</UnitMeasure>
      <BisWeighted>0</BisWeighted>
      <QtyInPackage>1</QtyInPackage>
      <ItemPrice>4.80</ItemPrice>
      <UnitOfMeasurePrice>3.20</UnitOfMeasurePrice>
      <AllowDiscount>1</AllowDiscount>
      <itemStatus>1</itemStatus>
      <LastUpdateDate />
      <LastUpdateTime />
    </Product>
    <Product>
      <PriceUpdateDate>2017/08/01 09:03</PriceUpdateDate>
      <ItemCode>7290011065416</ItemCode>
      <ItemType>1</ItemType>
      <ItemName>פלפל שחור מטחנה 60גר</ItemName>
      <ManufactureName>א.ל.יצור ושיווקתבלינים בעמ</ManufactureName>
      <ManufactureCountry />
      <ManufactureItemDescription />
      <UnitQty>י"ח</UnitQty>
      <Quantity>60</Quantity>
      <UnitMeasure>ל  גרם</UnitMeasure>
      <BisWeighted>0</BisWeighted>
      <QtyInPackage>1</QtyInPackage>
      <ItemPrice>16.90</ItemPrice>
      <UnitOfMeasurePrice>28.17</UnitOfMeasurePrice>
      <AllowDiscount>1</AllowDiscount>
      <itemStatus>1</itemStatus>
      <LastUpdateDate />
      <LastUpdateTime />
    </Product>
    <Product>
      <PriceUpdateDate>2017/08/01 09:03</PriceUpdateDate>
      <ItemCode>7290011065423</ItemCode>
      <ItemType>1</ItemType>
      <ItemName>מלח ים מטחנה 130גר</ItemName>
      <ManufactureName>א.ל.יצור ושיווקתבלינים בעמ</ManufactureName>
      <ManufactureCountry />
      <ManufactureItemDescription />
      <UnitQty>י"ח</UnitQty>
      <Quantity>130</Quantity>
      <UnitMeasure>ל  גרם</UnitMeasure>
      <BisWeighted>0</BisWeighted>
      <QtyInPackage>1</QtyInPackage>
      <ItemPrice>16.90</ItemPrice>
      <UnitOfMeasurePrice>13</UnitOfMeasurePrice>
      <AllowDiscount>1</AllowDiscount>
      <itemStatus>1</itemStatus>
      <LastUpdateDate />
      <LastUpdateTime />
    </Product>
    <Product>
      <PriceUpdateDate>2017/08/01 09:03</PriceUpdateDate>
      <ItemCode>7290011065430</ItemCode>
      <ItemType>1</ItemType>
      <ItemName>צ`ילי מטחנה 50גר</ItemName>
      <ManufactureName>א.ל.יצור ושיווקתבלינים בעמ</ManufactureName>
      <ManufactureCountry />
      <ManufactureItemDescription />
      <UnitQty>י"ח</UnitQty>
      <Quantity>50</Quantity>
      <UnitMeasure>ל  גרם</UnitMeasure>
      <BisWeighted>0</BisWeighted>
      <QtyInPackage>1</QtyInPackage>
      <ItemPrice>16.90</ItemPrice>
      <UnitOfMeasurePrice>33.80</UnitOfMeasurePrice>
      <AllowDiscount>1</AllowDiscount>
      <itemStatus>1</itemStatus>
      <LastUpdateDate />
      <LastUpdateTime />
    </Product>
    <Product>
      <PriceUpdateDate>2017/08/01 09:03</PriceUpdateDate>
      <ItemCode>7290011065447</ItemCode>
      <ItemType>1</ItemType>
      <ItemName>תבלין לפיצה מטחנה 50גר</ItemName>
      <ManufactureName>א.ל.יצור ושיווקתבלינים בעמ</ManufactureName>
      <ManufactureCountry />
      <ManufactureItemDescription />
      <UnitQty>י"ח</UnitQty>
      <Quantity>50</Quantity>
      <UnitMeasure>ל  גרם</UnitMeasure>
      <BisWeighted>0</BisWeighted>
      <QtyInPackage>1</QtyInPackage>
      <ItemPrice>16.90</ItemPrice>
      <UnitOfMeasurePrice>33.80</UnitOfMeasurePrice>
      <AllowDiscount>1</AllowDiscount>
      <itemStatus>1</itemStatus>
      <LastUpdateDate />
      <LastUpdateTime />
    </Product>
    <Product>
      <PriceUpdateDate>2017/08/01 09:03</PriceUpdateDate>
      <ItemCode>7290011065829</ItemCode>
      <ItemType>1</ItemType>
      <ItemName>פלפל ארבע עונות מטחנה 60גר</ItemName>
      <ManufactureName>א.ל.יצור ושיווקתבלינים בעמ</ManufactureName>
      <ManufactureCountry />
      <ManufactureItemDescription />
      <UnitQty>י"ח</UnitQty>
      <Quantity>50</Quantity>
      <UnitMeasure>ל  גרם</UnitMeasure>
      <BisWeighted>0</BisWeighted>
      <QtyInPackage>1</QtyInPackage>
      <ItemPrice>16.90</ItemPrice>
      <UnitOfMeasurePrice>33.80</UnitOfMeasurePrice>
      <AllowDiscount>1</AllowDiscount>
      <itemStatus>1</itemStatus>
      <LastUpdateDate />
      <LastUpdateTime />
    </Product>
    <Product>
      <PriceUpdateDate>2019/05/15 09:11</PriceUpdateDate>
      <ItemCode>7290011074173</ItemCode>
      <ItemType>1</ItemType>
      <ItemName>קליה  TO  GOמארז</ItemName>
      <ManufactureName>רקיט בנקיזר (ניר איסט) בעמ</ManufactureName>
      <ManufactureCountry />
      <ManufactureItemDescription />
      <UnitQty>י"ח</UnitQty>
      <Quantity>1</Quantity>
      <UnitMeasure />
      <BisWeighted>0</BisWeighted>
      <QtyInPackage>1</QtyInPackage>
      <ItemPrice>19.90</ItemPrice>
      <UnitOfMeasurePrice>19.90</UnitOfMeasurePrice>
      <AllowDiscount>1</AllowDiscount>
      <itemStatus>1</itemStatus>
      <LastUpdateDate />
      <LastUpdateTime />
    </Product>
    <Product>
      <PriceUpdateDate>2014/10/05 13:28</PriceUpdateDate>
      <ItemCode>7290011113803</ItemCode>
      <ItemType>1</ItemType>
      <ItemName>מרכך 10 לשיער יבש</ItemName>
      <ManufactureName>החב הדרומית לשיווק</ManufactureName>
      <ManufactureCountry />
      <ManufactureItemDescription />
      <UnitQty>י"ח</UnitQty>
      <Quantity>700</Quantity>
      <UnitMeasure>ל  מ"ל</UnitMeasure>
      <BisWeighted>0</BisWeighted>
      <QtyInPackage>1</QtyInPackage>
      <ItemPrice>11.90</ItemPrice>
      <UnitOfMeasurePrice>1.70</UnitOfMeasurePrice>
      <AllowDiscount>1</AllowDiscount>
      <itemStatus>1</itemStatus>
      <LastUpdateDate />
      <LastUpdateTime />
    </Product>
    <Product>
      <PriceUpdateDate>2014/10/05 13:28</PriceUpdateDate>
      <ItemCode>7290011113827</ItemCode>
      <ItemType>1</ItemType>
      <ItemName>מרכך 10 למניעת קרזול</ItemName>
      <ManufactureName>החב הדרומית לשיווק</ManufactureName>
      <ManufactureCountry />
      <ManufactureItemDescription />
      <UnitQty>י"ח</UnitQty>
      <Quantity>700</Quantity>
      <UnitMeasure>ל  מ"ל</UnitMeasure>
      <BisWeighted>0</BisWeighted>
      <QtyInPackage>1</QtyInPackage>
      <ItemPrice>11.90</ItemPrice>
      <UnitOfMeasurePrice>1.70</UnitOfMeasurePrice>
      <AllowDiscount>1</AllowDiscount>
      <itemStatus>1</itemStatus>
      <LastUpdateDate />
      <LastUpdateTime />
    </Product>
    <Product>
      <PriceUpdateDate>2020/01/13 10:05</PriceUpdateDate>
      <ItemCode>7290011115302</ItemCode>
      <ItemType>1</ItemType>
      <ItemName>נקה 7 צלול 750 ירוק</ItemName>
      <ManufactureName>החב הדרומית לשיווק</ManufactureName>
      <ManufactureCountry />
      <ManufactureItemDescription />
      <UnitQty>י"ח</UnitQty>
      <Quantity>750</Quantity>
      <UnitMeasure>ל  מ"ל</UnitMeasure>
      <BisWeighted>0</BisWeighted>
      <QtyInPackage>1</QtyInPackage>
      <ItemPrice>10.90</ItemPrice>
      <UnitOfMeasurePrice>1.45</UnitOfMeasurePrice>
      <AllowDiscount>1</AllowDiscount>
      <itemStatus>1</itemStatus>
      <LastUpdateDate />
      <LastUpdateTime />
    </Product>
    <Product>
      <PriceUpdateDate>2020/01/13 10:05</PriceUpdateDate>
      <ItemCode>7290011115319</ItemCode>
      <ItemType>1</ItemType>
      <ItemName>נקה-7צלול -750כחול</ItemName>
      <ManufactureName>החב הדרומית לשיווק</ManufactureName>
      <ManufactureCountry />
      <ManufactureItemDescription />
      <UnitQty>י"ח</UnitQty>
      <Quantity>750</Quantity>
      <UnitMeasure>ל  מ"ל</UnitMeasure>
      <BisWeighted>0</BisWeighted>
      <QtyInPackage>1</QtyInPackage>
      <ItemPrice>10.90</ItemPrice>
      <UnitOfMeasurePrice>1.45</UnitOfMeasurePrice>
      <AllowDiscount>1</AllowDiscount>
      <itemStatus>1</itemStatus>
      <LastUpdateDate />
      <LastUpdateTime />
    </Product>
    <Product>
      <PriceUpdateDate>2020/01/13 10:05</PriceUpdateDate>
      <ItemCode>7290011115326</ItemCode>
      <ItemType>1</ItemType>
      <ItemName>נקה-7צלול  -750סגול</ItemName>
      <ManufactureName>החב הדרומית לשיווק</ManufactureName>
      <ManufactureCountry />
      <ManufactureItemDescription />
      <UnitQty>י"ח</UnitQty>
      <Quantity>750</Quantity>
      <UnitMeasure>ל  מ"ל</UnitMeasure>
      <BisWeighted>0</BisWeighted>
      <QtyInPackage>1</QtyInPackage>
      <ItemPrice>10.90</ItemPrice>
      <UnitOfMeasurePrice>1.45</UnitOfMeasurePrice>
      <AllowDiscount>1</AllowDiscount>
      <itemStatus>1</itemStatus>
      <LastUpdateDate />
      <LastUpdateTime />
    </Product>
    <Product>
      <PriceUpdateDate>2014/10/05 13:28</PriceUpdateDate>
      <ItemCode>7290011115630</ItemCode>
      <ItemType>1</ItemType>
      <ItemName>מרכך 10 למניעת קרזול</ItemName>
      <ManufactureName>החב הדרומית לשיווק</ManufactureName>
      <ManufactureCountry />
      <ManufactureItemDescription />
      <UnitQty>י"ח</UnitQty>
      <Quantity>700</Quantity>
      <UnitMeasure>ל  מ"ל</UnitMeasure>
      <BisWeighted>0</BisWeighted>
      <QtyInPackage>1</QtyInPackage>
      <ItemPrice>11.90</ItemPrice>
      <UnitOfMeasurePrice>1.70</UnitOfMeasurePrice>
      <AllowDiscount>1</AllowDiscount>
      <itemStatus>1</itemStatus>
      <LastUpdateDate />
      <LastUpdateTime />
    </Product>
    <Product>
      <PriceUpdateDate>2014/10/05 13:28</PriceUpdateDate>
      <ItemCode>7290011115647</ItemCode>
      <ItemType>1</ItemType>
      <ItemName>מרכך 10 למניעת קרזול</ItemName>
      <ManufactureName>החב הדרומית לשיווק</ManufactureName>
      <ManufactureCountry />
      <ManufactureItemDescription />
      <UnitQty>י"ח</UnitQty>
      <Quantity>700</Quantity>
      <UnitMeasure>ל  מ"ל</UnitMeasure>
      <BisWeighted>0</BisWeighted>
      <QtyInPackage>1</QtyInPackage>
      <ItemPrice>11.90</ItemPrice>
      <UnitOfMeasurePrice>1.70</UnitOfMeasurePrice>
      <AllowDiscount>1</AllowDiscount>
      <itemStatus>1</itemStatus>
      <LastUpdateDate />
      <LastUpdateTime />
    </Product>
    <Product>
      <PriceUpdateDate>2016/12/20 09:56</PriceUpdateDate>
      <ItemCode>7290011131203</ItemCode>
      <ItemType>1</ItemType>
      <ItemName>מיזלי תפוח ודבש 1ק"ג</ItemName>
      <ManufactureName>מ.סידס ובנו בעמ</ManufactureName>
      <ManufactureCountry />
      <ManufactureItemDescription />
      <UnitQty>י"ח</UnitQty>
      <Quantity>250</Quantity>
      <UnitMeasure>ל  גרם</UnitMeasure>
      <BisWeighted>0</BisWeighted>
      <QtyInPackage>1</QtyInPackage>
      <ItemPrice>27.90</ItemPrice>
      <UnitOfMeasurePrice>11.16</UnitOfMeasurePrice>
      <AllowDiscount>1</AllowDiscount>
      <itemStatus>1</itemStatus>
      <LastUpdateDate />
      <LastUpdateTime />
    </Product>
    <Product>
      <PriceUpdateDate>2016/12/20 09:56</PriceUpdateDate>
      <ItemCode>7290011131371</ItemCode>
      <ItemType>1</ItemType>
      <ItemName>מיזלי 1 ק"ג שקדים</ItemName>
      <ManufactureName>מ.סידס ובנו בעמ</ManufactureName>
      <ManufactureCountry />
      <ManufactureItemDescription />
      <UnitQty>י"ח</UnitQty>
      <Quantity>1</Quantity>
      <UnitMeasure>ק"ג</UnitMeasure>
      <BisWeighted>0</BisWeighted>
      <QtyInPackage>1</QtyInPackage>
      <ItemPrice>27.90</ItemPrice>
      <UnitOfMeasurePrice>27.90</UnitOfMeasurePrice>
      <AllowDiscount>1</AllowDiscount>
      <itemStatus>1</itemStatus>
      <LastUpdateDate />
      <LastUpdateTime />
    </Product>
    <Product>
      <PriceUpdateDate>2016/12/20 09:56</PriceUpdateDate>
      <ItemCode>7290011131388</ItemCode>
      <ItemType>1</ItemType>
      <ItemName>מיזלי 1 ק"ג קינמון</ItemName>
      <ManufactureName>מ.סידס ובנו בעמ</ManufactureName>
      <ManufactureCountry />
      <ManufactureItemDescription />
      <UnitQty>י"ח</UnitQty>
      <Quantity>1</Quantity>
      <UnitMeasure>ק"ג</UnitMeasure>
      <BisWeighted>0</BisWeighted>
      <QtyInPackage>1</QtyInPackage>
      <ItemPrice>27.90</ItemPrice>
      <UnitOfMeasurePrice>27.90</UnitOfMeasurePrice>
      <AllowDiscount>1</AllowDiscount>
      <itemStatus>1</itemStatus>
      <LastUpdateDate />
      <LastUpdateTime />
    </Product>
    <Product>
      <PriceUpdateDate>2016/12/20 09:56</PriceUpdateDate>
      <ItemCode>7290011131395</ItemCode>
      <ItemType>1</ItemType>
      <ItemName>מיזלי 1 ק"ג פירות</ItemName>
      <ManufactureName>מ.סידס ובנו בעמ</ManufactureName>
      <ManufactureCountry />
      <ManufactureItemDescription />
      <UnitQty>י"ח</UnitQty>
      <Quantity>1</Quantity>
      <UnitMeasure>ק"ג</UnitMeasure>
      <BisWeighted>0</BisWeighted>
      <QtyInPackage>1</QtyInPackage>
      <ItemPrice>27.90</ItemPrice>
      <UnitOfMeasurePrice>27.90</UnitOfMeasurePrice>
      <AllowDiscount>1</AllowDiscount>
      <itemStatus>1</itemStatus>
      <LastUpdateDate />
      <LastUpdateTime />
    </Product>
    <Product>
      <PriceUpdateDate>2016/12/20 09:56</PriceUpdateDate>
      <ItemCode>7290011131609</ItemCode>
      <ItemType>1</ItemType>
      <ItemName>מיזלי 1ק"ג מ.שומן</ItemName>
      <ManufactureName>מ.סידס ובנו בעמ</ManufactureName>
      <ManufactureCountry />
      <ManufactureItemDescription />
      <UnitQty>י"ח</UnitQty>
      <Quantity>1</Quantity>
      <UnitMeasure>ק"ג</UnitMeasure>
      <BisWeighted>0</BisWeighted>
      <QtyInPackage>1</QtyInPackage>
      <ItemPrice>27.90</ItemPrice>
      <UnitOfMeasurePrice>27.90</UnitOfMeasurePrice>
      <AllowDiscount>1</AllowDiscount>
      <itemStatus>1</itemStatus>
      <LastUpdateDate />
      <LastUpdateTime />
    </Product>
    <Product>
      <PriceUpdateDate>2016/12/20 09:56</PriceUpdateDate>
      <ItemCode>7290011131616</ItemCode>
      <ItemType>1</ItemType>
      <ItemName>מיזלי 1ק"ג מ.שומן</ItemName>
      <ManufactureName>מ.סידס ובנו בעמ</ManufactureName>
      <ManufactureCountry />
      <ManufactureItemDescription />
      <UnitQty>י"ח</UnitQty>
      <Quantity>1</Quantity>
      <UnitMeasure>ק"ג</UnitMeasure>
      <BisWeighted>0</BisWeighted>
      <QtyInPackage>1</QtyInPackage>
      <ItemPrice>27.90</ItemPrice>
      <UnitOfMeasurePrice>27.90</UnitOfMeasurePrice>
      <AllowDiscount>1</AllowDiscount>
      <itemStatus>1</itemStatus>
      <LastUpdateDate />
      <LastUpdateTime />
    </Product>
    <Product>
      <PriceUpdateDate>2016/12/20 09:56</PriceUpdateDate>
      <ItemCode>7290011131814</ItemCode>
      <ItemType>1</ItemType>
      <ItemName>מיזלי 1 ק"ג מיקס חלווה</ItemName>
      <ManufactureName>מ.סידס ובנו בעמ</ManufactureName>
      <ManufactureCountry />
      <ManufactureItemDescription />
      <UnitQty>י"ח</UnitQty>
      <Quantity>1</Quantity>
      <UnitMeasure>ק"ג</UnitMeasure>
      <BisWeighted>0</BisWeighted>
      <QtyInPackage>1</QtyInPackage>
      <ItemPrice>27.90</ItemPrice>
      <UnitOfMeasurePrice>27.90</UnitOfMeasurePrice>
      <AllowDiscount>1</AllowDiscount>
      <itemStatus>1</itemStatus>
      <LastUpdateDate />
      <LastUpdateTime />
    </Product>
    <Product>
      <PriceUpdateDate>2017/11/22 08:54</PriceUpdateDate>
      <ItemCode>7290011131937</ItemCode>
      <ItemType>1</ItemType>
      <ItemName>מיזלי  מיקס פ.אדומים 1ק"ג</ItemName>
      <ManufactureName>מ.סידס ובנו בעמ</ManufactureName>
      <ManufactureCountry />
      <ManufactureItemDescription />
      <UnitQty>י"ח</UnitQty>
      <Quantity>1</Quantity>
      <UnitMeasure>ק"ג</UnitMeasure>
      <BisWeighted>0</BisWeighted>
      <QtyInPackage>1</QtyInPackage>
      <ItemPrice>27.90</ItemPrice>
      <UnitOfMeasurePrice>27.90</UnitOfMeasurePrice>
      <AllowDiscount>1</AllowDiscount>
      <itemStatus>1</itemStatus>
      <LastUpdateDate />
      <LastUpdateTime />
    </Product>
    <Product>
      <PriceUpdateDate>2015/09/10 11:41</PriceUpdateDate>
      <ItemCode>7290011132552</ItemCode>
      <ItemType>1</ItemType>
      <ItemName>פאולנר רביעיה</ItemName>
      <ManufactureName>טמפו משקאות בעמ</ManufactureName>
      <ManufactureCountry />
      <ManufactureItemDescription />
      <UnitQty>י"ח</UnitQty>
      <Quantity>1.32</Quantity>
      <UnitMeasure>ליטר</UnitMeasure>
      <BisWeighted>0</BisWeighted>
      <QtyInPackage>1</QtyInPackage>
      <ItemPrice>51.10</ItemPrice>
      <UnitOfMeasurePrice>37.80</UnitOfMeasurePrice>
      <AllowDiscount>1</AllowDiscount>
      <itemStatus>1</itemStatus>
      <LastUpdateDate />
      <LastUpdateTime />
    </Product>
    <Product>
      <PriceUpdateDate>2018/12/12 13:31</PriceUpdateDate>
      <ItemCode>7290011133207</ItemCode>
      <ItemType>1</ItemType>
      <ItemName>סודה לימון ליים 1.5ליטר</ItemName>
      <ManufactureName>טמפו משקאות בעמ</ManufactureName>
      <ManufactureCountry />
      <ManufactureItemDescription />
      <UnitQty>י"ח</UnitQty>
      <Quantity>1.50</Quantity>
      <UnitMeasure>ליטר</UnitMeasure>
      <BisWeighted>0</BisWeighted>
      <QtyInPackage>1</QtyInPackage>
      <ItemPrice>4.20</ItemPrice>
      <UnitOfMeasurePrice>2.80</UnitOfMeasurePrice>
      <AllowDiscount>1</AllowDiscount>
      <itemStatus>1</itemStatus>
      <LastUpdateDate />
      <LastUpdateTime />
    </Product>
    <Product>
      <PriceUpdateDate>2019/05/24 09:31</PriceUpdateDate>
      <ItemCode>7290011133368</ItemCode>
      <ItemType>1</ItemType>
      <ItemName> שנדי(מכבי) שישיות טעם תפוח 330מ"ל</ItemName>
      <ManufactureName>טמפו משקאות בעמ</ManufactureName>
      <ManufactureCountry />
      <ManufactureItemDescription />
      <UnitQty>י"ח</UnitQty>
      <Quantity>330</Quantity>
      <UnitMeasure>ל  מ"ל</UnitMeasure>
      <BisWeighted>0</BisWeighted>
      <QtyInPackage>1</QtyInPackage>
      <ItemPrice>37.90</ItemPrice>
      <UnitOfMeasurePrice>10.94</UnitOfMeasurePrice>
      <AllowDiscount>1</AllowDiscount>
      <itemStatus>1</itemStatus>
      <LastUpdateDate />
      <LastUpdateTime />
    </Product>
    <Product>
      <PriceUpdateDate>2019/05/24 09:31</PriceUpdateDate>
      <ItemCode>7290011133375</ItemCode>
      <ItemType>1</ItemType>
      <ItemName> שנדי(מכבי)שישיות טעם אפרסק 330מ"ל</ItemName>
      <ManufactureName>טמפו משקאות בעמ</ManufactureName>
      <ManufactureCountry />
      <ManufactureItemDescription />
      <UnitQty>י"ח</UnitQty>
      <Quantity>330</Quantity>
      <UnitMeasure>ל  מ"ל</UnitMeasure>
      <BisWeighted>0</BisWeighted>
      <QtyInPackage>1</QtyInPackage>
      <ItemPrice>37.90</ItemPrice>
      <UnitOfMeasurePrice>10.94</UnitOfMeasurePrice>
      <AllowDiscount>1</AllowDiscount>
      <itemStatus>1</itemStatus>
      <LastUpdateDate />
      <LastUpdateTime />
    </Product>
    <Product>
      <PriceUpdateDate>2018/12/12 13:31</PriceUpdateDate>
      <ItemCode>7290011133627</ItemCode>
      <ItemType>1</ItemType>
      <ItemName>ג`אמפ 1.5ליטר אפרסק</ItemName>
      <ManufactureName>טמפו משקאות בעמ</ManufactureName>
      <ManufactureCountry />
      <ManufactureItemDescription />
      <UnitQty>י"ח</UnitQty>
      <Quantity>1.50</Quantity>
      <UnitMeasure>ליטר</UnitMeasure>
      <BisWeighted>0</BisWeighted>
      <QtyInPackage>1</QtyInPackage>
      <ItemPrice>5.90</ItemPrice>
      <UnitOfMeasurePrice>3.93</UnitOfMeasurePrice>
      <AllowDiscount>1</AllowDiscount>
      <itemStatus>1</itemStatus>
      <LastUpdateDate />
      <LastUpdateTime />
    </Product>
    <Product>
      <PriceUpdateDate>2020/03/17 07:49</PriceUpdateDate>
      <ItemCode>7290011154035</ItemCode>
      <ItemType>1</ItemType>
      <ItemName>תרכיז תפוחים מבית טעמי הגליל סחוט</ItemName>
      <ManufactureName>ליימן שליסל</ManufactureName>
      <ManufactureCountry />
      <ManufactureItemDescription />
      <UnitQty>י"ח</UnitQty>
      <Quantity>500</Quantity>
      <UnitMeasure>ל  מ"ל</UnitMeasure>
      <BisWeighted>0</BisWeighted>
      <QtyInPackage>1</QtyInPackage>
      <ItemPrice>16.90</ItemPrice>
      <UnitOfMeasurePrice>3.38</UnitOfMeasurePrice>
      <AllowDiscount>1</AllowDiscount>
      <itemStatus>1</itemStatus>
      <LastUpdateDate />
      <LastUpdateTime />
    </Product>
    <Product>
      <PriceUpdateDate>2020/03/17 07:49</PriceUpdateDate>
      <ItemCode>7290011154080</ItemCode>
      <ItemType>1</ItemType>
      <ItemName>תרכיז תפוחים מבית טעמי הגליל צלול</ItemName>
      <ManufactureName>ליימן שליסל</ManufactureName>
      <ManufactureCountry />
      <ManufactureItemDescription />
      <UnitQty>י"ח</UnitQty>
      <Quantity>500</Quantity>
      <UnitMeasure>ל  מ"ל</UnitMeasure>
      <BisWeighted>0</BisWeighted>
      <QtyInPackage>1</QtyInPackage>
      <ItemPrice>16.90</ItemPrice>
      <UnitOfMeasurePrice>3.38</UnitOfMeasurePrice>
      <AllowDiscount>1</AllowDiscount>
      <itemStatus>1</itemStatus>
      <LastUpdateDate />
      <LastUpdateTime />
    </Product>
    <Product>
      <PriceUpdateDate>2015/03/05 08:41</PriceUpdateDate>
      <ItemCode>7290011154134</ItemCode>
      <ItemType>1</ItemType>
      <ItemName>סילאן דבש תמרים 900גר`</ItemName>
      <ManufactureName>ח.כהן סוכנות מזון ומשקאות בע</ManufactureName>
      <ManufactureCountry />
      <ManufactureItemDescription />
      <UnitQty>י"ח</UnitQty>
      <Quantity>900</Quantity>
      <UnitMeasure>ל  גרם</UnitMeasure>
      <BisWeighted>0</BisWeighted>
      <QtyInPackage>1</QtyInPackage>
      <ItemPrice>15.90</ItemPrice>
      <UnitOfMeasurePrice>1.77</UnitOfMeasurePrice>
      <AllowDiscount>1</AllowDiscount>
      <itemStatus>1</itemStatus>
      <LastUpdateDate />
      <LastUpdateTime />
    </Product>
    <Product>
      <PriceUpdateDate>2013/06/23 11:19</PriceUpdateDate>
      <ItemCode>7290011154752</ItemCode>
      <ItemType>1</ItemType>
      <ItemName>ממרח תמרים חת"ס ללא חשש קטניות 480גר`</ItemName>
      <ManufactureName>ח.כהן סוכנות מזון ומשקאות בע</ManufactureName>
      <ManufactureCountry />
      <ManufactureItemDescription />
      <UnitQty>י"ח</UnitQty>
      <Quantity>480</Quantity>
      <UnitMeasure>ל  גרם</UnitMeasure>
      <BisWeighted>0</BisWeighted>
      <QtyInPackage>1</QtyInPackage>
      <ItemPrice>6.90</ItemPrice>
      <UnitOfMeasurePrice>1.44</UnitOfMeasurePrice>
      <AllowDiscount>1</AllowDiscount>
      <itemStatus>1</itemStatus>
      <LastUpdateDate />
      <LastUpdateTime />
    </Product>
    <Product>
      <PriceUpdateDate>2015/02/27 08:19</PriceUpdateDate>
      <ItemCode>7290011215934</ItemCode>
      <ItemType>1</ItemType>
      <ItemName>תערובת עוגת שוקולד כשל"פ 560גר`</ItemName>
      <ManufactureName>ליימן שליסל</ManufactureName>
      <ManufactureCountry />
      <ManufactureItemDescription />
      <UnitQty>י"ח</UnitQty>
      <Quantity>560</Quantity>
      <UnitMeasure>ל  גרם</UnitMeasure>
      <BisWeighted>0</BisWeighted>
      <QtyInPackage>1</QtyInPackage>
      <ItemPrice>17.90</ItemPrice>
      <UnitOfMeasurePrice>3.20</UnitOfMeasurePrice>
      <AllowDiscount>1</AllowDiscount>
      <itemStatus>1</itemStatus>
      <LastUpdateDate />
      <LastUpdateTime />
    </Product>
    <Product>
      <PriceUpdateDate>2013/12/24 14:35</PriceUpdateDate>
      <ItemCode>7290011223052</ItemCode>
      <ItemType>1</ItemType>
      <ItemName>מגע המשי רצועות שעווה אלוורה 16 רצועות</ItemName>
      <ManufactureName>דנשר (1963) בעמ</ManufactureName>
      <ManufactureCountry />
      <ManufactureItemDescription />
      <UnitQty>י"ח</UnitQty>
      <Quantity>16</Quantity>
      <UnitMeasure>י"ח</UnitMeasure>
      <BisWeighted>0</BisWeighted>
      <QtyInPackage>1</QtyInPackage>
      <ItemPrice>33.70</ItemPrice>
      <UnitOfMeasurePrice>2.11</UnitOfMeasurePrice>
      <AllowDiscount>1</AllowDiscount>
      <itemStatus>1</itemStatus>
      <LastUpdateDate />
      <LastUpdateTime />
    </Product>
    <Product>
      <PriceUpdateDate>2013/12/24 14:35</PriceUpdateDate>
      <ItemCode>7290011223069</ItemCode>
      <ItemType>1</ItemType>
      <ItemName>מגע המשי רצועות שעווה קמומיל 16 רצועות</ItemName>
      <ManufactureName>דנשר (1963) בעמ</ManufactureName>
      <ManufactureCountry />
      <ManufactureItemDescription />
      <UnitQty>י"ח</UnitQty>
      <Quantity>16</Quantity>
      <UnitMeasure>י"ח</UnitMeasure>
      <BisWeighted>0</BisWeighted>
      <QtyInPackage>1</QtyInPackage>
      <ItemPrice>30.60</ItemPrice>
      <UnitOfMeasurePrice>1.91</UnitOfMeasurePrice>
      <AllowDiscount>1</AllowDiscount>
      <itemStatus>1</itemStatus>
      <LastUpdateDate />
      <LastUpdateTime />
    </Product>
    <Product>
      <PriceUpdateDate>2014/01/03 13:44</PriceUpdateDate>
      <ItemCode>7290011223076</ItemCode>
      <ItemType>1</ItemType>
      <ItemName>מגע המשי רצועות שעווה קמומיל לביקיני</ItemName>
      <ManufactureName>דנשר (1963) בעמ</ManufactureName>
      <ManufactureCountry />
      <ManufactureItemDescription />
      <UnitQty>י"ח</UnitQty>
      <Quantity>16</Quantity>
      <UnitMeasure>י"ח</UnitMeasure>
      <BisWeighted>0</BisWeighted>
      <QtyInPackage>1</QtyInPackage>
      <ItemPrice>30.60</ItemPrice>
      <UnitOfMeasurePrice>1.91</UnitOfMeasurePrice>
      <AllowDiscount>1</AllowDiscount>
      <itemStatus>1</itemStatus>
      <LastUpdateDate />
      <LastUpdateTime />
    </Product>
    <Product>
      <PriceUpdateDate>2018/12/18 08:15</PriceUpdateDate>
      <ItemCode>7290011223229</ItemCode>
      <ItemType>1</ItemType>
      <ItemName>טואלט דאק ג ל לאסלה</ItemName>
      <ManufactureName>דנשר (1963) בעמ</ManufactureName>
      <ManufactureCountry />
      <ManufactureItemDescription />
      <UnitQty>י"ח</UnitQty>
      <Quantity>55</Quantity>
      <UnitMeasure>ל  מ"ל</UnitMeasure>
      <BisWeighted>0</BisWeighted>
      <QtyInPackage>1</QtyInPackage>
      <ItemPrice>11.90</ItemPrice>
      <UnitOfMeasurePrice>21.64</UnitOfMeasurePrice>
      <AllowDiscount>1</AllowDiscount>
      <itemStatus>1</itemStatus>
      <LastUpdateDate />
      <LastUpdateTime />
    </Product>
    <Product>
      <PriceUpdateDate>2018/12/18 08:15</PriceUpdateDate>
      <ItemCode>7290011223243</ItemCode>
      <ItemType>1</ItemType>
      <ItemName>טואלט גק גל לאסלה</ItemName>
      <ManufactureName>דנשר (1963) בעמ</ManufactureName>
      <ManufactureCountry />
      <ManufactureItemDescription />
      <UnitQty>י"ח</UnitQty>
      <Quantity>55</Quantity>
      <UnitMeasure>ל  מ"ל</UnitMeasure>
      <BisWeighted>0</BisWeighted>
      <QtyInPackage>1</QtyInPackage>
      <ItemPrice>11.90</ItemPrice>
      <UnitOfMeasurePrice>21.64</UnitOfMeasurePrice>
      <AllowDiscount>1</AllowDiscount>
      <itemStatus>1</itemStatus>
      <LastUpdateDate />
      <LastUpdateTime />
    </Product>
    <Product>
      <PriceUpdateDate>2013/06/16 10:34</PriceUpdateDate>
      <ItemCode>7290011249090</ItemCode>
      <ItemType>1</ItemType>
      <ItemName>וופל בלגי טעם שוקולד 200גר`</ItemName>
      <ManufactureName>דין שיווק *****</ManufactureName>
      <ManufactureCountry />
      <ManufactureItemDescription />
      <UnitQty>י"ח</UnitQty>
      <Quantity>200</Quantity>
      <UnitMeasure>ל  גרם</UnitMeasure>
      <BisWeighted>0</BisWeighted>
      <QtyInPackage>1</QtyInPackage>
      <ItemPrice>4</ItemPrice>
      <UnitOfMeasurePrice>2</UnitOfMeasurePrice>
      <AllowDiscount>1</AllowDiscount>
      <itemStatus>1</itemStatus>
      <LastUpdateDate />
      <LastUpdateTime />
    </Product>
    <Product>
      <PriceUpdateDate>2013/06/16 10:34</PriceUpdateDate>
      <ItemCode>7290011249106</ItemCode>
      <ItemType>1</ItemType>
      <ItemName>וופל בלגי טעם לימון 200גר`</ItemName>
      <ManufactureName>דין שיווק *****</ManufactureName>
      <ManufactureCountry />
      <ManufactureItemDescription />
      <UnitQty>י"ח</UnitQty>
      <Quantity>200</Quantity>
      <UnitMeasure>ל  גרם</UnitMeasure>
      <BisWeighted>0</BisWeighted>
      <QtyInPackage>1</QtyInPackage>
      <ItemPrice>4</ItemPrice>
      <UnitOfMeasurePrice>2</UnitOfMeasurePrice>
      <AllowDiscount>1</AllowDiscount>
      <itemStatus>1</itemStatus>
      <LastUpdateDate />
      <LastUpdateTime />
    </Product>
    <Product>
      <PriceUpdateDate>2015/12/03 11:49</PriceUpdateDate>
      <ItemCode>7290011254698</ItemCode>
      <ItemType>1</ItemType>
      <ItemName>שמן זית 750מ"ל  מיה בד"ץ</ItemName>
      <ManufactureName>מיה תעשיות מזון מ.ת.מ בעמ</ManufactureName>
      <ManufactureCountry />
      <ManufactureItemDescription />
      <UnitQty>י"ח</UnitQty>
      <Quantity>750</Quantity>
      <UnitMeasure>ל  מ"ל</UnitMeasure>
      <BisWeighted>0</BisWeighted>
      <QtyInPackage>1</QtyInPackage>
      <ItemPrice>35.90</ItemPrice>
      <UnitOfMeasurePrice>4.79</UnitOfMeasurePrice>
      <AllowDiscount>1</AllowDiscount>
      <itemStatus>1</itemStatus>
      <LastUpdateDate />
      <LastUpdateTime />
    </Product>
    <Product>
      <PriceUpdateDate>2016/06/14 13:51</PriceUpdateDate>
      <ItemCode>7290011332020</ItemCode>
      <ItemType>1</ItemType>
      <ItemName>אמול לתינוק 500גר</ItemName>
      <ManufactureName>פישר תעשיות פרמבצטיות בעמ</ManufactureName>
      <ManufactureCountry />
      <ManufactureItemDescription />
      <UnitQty>י"ח</UnitQty>
      <Quantity>500</Quantity>
      <UnitMeasure>ל  גרם</UnitMeasure>
      <BisWeighted>0</BisWeighted>
      <QtyInPackage>1</QtyInPackage>
      <ItemPrice>79.90</ItemPrice>
      <UnitOfMeasurePrice>15.98</UnitOfMeasurePrice>
      <AllowDiscount>1</AllowDiscount>
      <itemStatus>1</itemStatus>
      <LastUpdateDate />
      <LastUpdateTime />
    </Product>
    <Product>
      <PriceUpdateDate>2019/07/31 11:09</PriceUpdateDate>
      <ItemCode>7290011435349</ItemCode>
      <ItemType>1</ItemType>
      <ItemName>מעדן 100% פרי תפוז 250גר</ItemName>
      <ManufactureName>שטראוס גרופ בעמ</ManufactureName>
      <ManufactureCountry />
      <ManufactureItemDescription />
      <UnitQty>י"ח</UnitQty>
      <Quantity>250</Quantity>
      <UnitMeasure>ל  גרם</UnitMeasure>
      <BisWeighted>0</BisWeighted>
      <QtyInPackage>1</QtyInPackage>
      <ItemPrice>14.90</ItemPrice>
      <UnitOfMeasurePrice>5.96</UnitOfMeasurePrice>
      <AllowDiscount>1</AllowDiscount>
      <itemStatus>1</itemStatus>
      <LastUpdateDate />
      <LastUpdateTime />
    </Product>
    <Product>
      <PriceUpdateDate>2018/08/20 13:15</PriceUpdateDate>
      <ItemCode>7290011486549</ItemCode>
      <ItemType>1</ItemType>
      <ItemName>מטבעות שוקולד חלב 48 גר`כשל"פ</ItemName>
      <ManufactureName>כרמית תעשיות ממתקים בעמ</ManufactureName>
      <ManufactureCountry />
      <ManufactureItemDescription />
      <UnitQty>י"ח</UnitQty>
      <Quantity>48</Quantity>
      <UnitMeasure>ל  גרם</UnitMeasure>
      <BisWeighted>0</BisWeighted>
      <QtyInPackage>1</QtyInPackage>
      <ItemPrice>3.90</ItemPrice>
      <UnitOfMeasurePrice>8.13</UnitOfMeasurePrice>
      <AllowDiscount>1</AllowDiscount>
      <itemStatus>1</itemStatus>
      <LastUpdateDate />
      <LastUpdateTime />
    </Product>
    <Product>
      <PriceUpdateDate>2017/05/10 11:10</PriceUpdateDate>
      <ItemCode>7290011489007</ItemCode>
      <ItemType>1</ItemType>
      <ItemName>ביסקוויט פתי בר וניל  110 גרם המותג</ItemName>
      <ManufactureName>דין שיווק *****</ManufactureName>
      <ManufactureCountry />
      <ManufactureItemDescription />
      <UnitQty>י"ח</UnitQty>
      <Quantity>110</Quantity>
      <UnitMeasure>ל  גרם</UnitMeasure>
      <BisWeighted>0</BisWeighted>
      <QtyInPackage>1</QtyInPackage>
      <ItemPrice>2.90</ItemPrice>
      <UnitOfMeasurePrice>2.64</UnitOfMeasurePrice>
      <AllowDiscount>1</AllowDiscount>
      <itemStatus>1</itemStatus>
      <LastUpdateDate />
      <LastUpdateTime />
    </Product>
    <Product>
      <PriceUpdateDate>2017/05/10 11:10</PriceUpdateDate>
      <ItemCode>7290011489014</ItemCode>
      <ItemType>1</ItemType>
      <ItemName>ביסקוויט פתי בר שוקלד 110 גר המותג</ItemName>
      <ManufactureName>דין שיווק *****</ManufactureName>
      <ManufactureCountry />
      <ManufactureItemDescription />
      <UnitQty>י"ח</UnitQty>
      <Quantity>110</Quantity>
      <UnitMeasure>ל  גרם</UnitMeasure>
      <BisWeighted>0</BisWeighted>
      <QtyInPackage>1</QtyInPackage>
      <ItemPrice>2.90</ItemPrice>
      <UnitOfMeasurePrice>2.64</UnitOfMeasurePrice>
      <AllowDiscount>1</AllowDiscount>
      <itemStatus>1</itemStatus>
      <LastUpdateDate />
      <LastUpdateTime />
    </Product>
    <Product>
      <PriceUpdateDate>2020/01/13 10:05</PriceUpdateDate>
      <ItemCode>7290011501082</ItemCode>
      <ItemType>1</ItemType>
      <ItemName>תמר מג הול 400 גרם המותג</ItemName>
      <ManufactureName>דין שיווק וקליהבעמ</ManufactureName>
      <ManufactureCountry />
      <ManufactureItemDescription />
      <UnitQty>י"ח</UnitQty>
      <Quantity>400</Quantity>
      <UnitMeasure>ל  גרם</UnitMeasure>
      <BisWeighted>0</BisWeighted>
      <QtyInPackage>1</QtyInPackage>
      <ItemPrice>15.90</ItemPrice>
      <UnitOfMeasurePrice>3.98</UnitOfMeasurePrice>
      <AllowDiscount>1</AllowDiscount>
      <itemStatus>1</itemStatus>
      <LastUpdateDate />
      <LastUpdateTime />
    </Product>
    <Product>
      <PriceUpdateDate>2013/12/16 20:28</PriceUpdateDate>
      <ItemCode>7290011505073</ItemCode>
      <ItemType>1</ItemType>
      <ItemName>מטליות הפלא 5יח</ItemName>
      <ManufactureName>אינטרסן (1996) בעמ</ManufactureName>
      <ManufactureCountry />
      <ManufactureItemDescription />
      <UnitQty>י"ח</UnitQty>
      <Quantity>100</Quantity>
      <UnitMeasure>ל  גרם</UnitMeasure>
      <BisWeighted>0</BisWeighted>
      <QtyInPackage>1</QtyInPackage>
      <ItemPrice>31.90</ItemPrice>
      <UnitOfMeasurePrice>31.90</UnitOfMeasurePrice>
      <AllowDiscount>1</AllowDiscount>
      <itemStatus>1</itemStatus>
      <LastUpdateDate />
      <LastUpdateTime />
    </Product>
    <Product>
      <PriceUpdateDate>2015/07/05 16:14</PriceUpdateDate>
      <ItemCode>7290011505141</ItemCode>
      <ItemType>1</ItemType>
      <ItemName>מטליות הפלא לריצפה 2יח</ItemName>
      <ManufactureName>אינטרסן (1996) בעמ</ManufactureName>
      <ManufactureCountry />
      <ManufactureItemDescription />
      <UnitQty>י"ח</UnitQty>
      <Quantity>1</Quantity>
      <UnitMeasure />
      <BisWeighted>0</BisWeighted>
      <QtyInPackage>1</QtyInPackage>
      <ItemPrice>30.90</ItemPrice>
      <UnitOfMeasurePrice>30.90</UnitOfMeasurePrice>
      <AllowDiscount>1</AllowDiscount>
      <itemStatus>1</itemStatus>
      <LastUpdateDate />
      <LastUpdateTime />
    </Product>
    <Product>
      <PriceUpdateDate>2013/12/16 20:28</PriceUpdateDate>
      <ItemCode>7290011505424</ItemCode>
      <ItemType>1</ItemType>
      <ItemName>נובי  מימיה עם קשית</ItemName>
      <ManufactureName>אינטרסן (1996) בעמ</ManufactureName>
      <ManufactureCountry />
      <ManufactureItemDescription />
      <UnitQty>י"ח</UnitQty>
      <Quantity>3</Quantity>
      <UnitMeasure>י"ח</UnitMeasure>
      <BisWeighted>0</BisWeighted>
      <QtyInPackage>1</QtyInPackage>
      <ItemPrice>31.90</ItemPrice>
      <UnitOfMeasurePrice>10.63</UnitOfMeasurePrice>
      <AllowDiscount>1</AllowDiscount>
      <itemStatus>1</itemStatus>
      <LastUpdateDate />
      <LastUpdateTime />
    </Product>
    <Product>
      <PriceUpdateDate>2015/06/22 13:48</PriceUpdateDate>
      <ItemCode>7290011505707</ItemCode>
      <ItemType>1</ItemType>
      <ItemName>בקבוק 250מ"ל פיה רחבה ללא ביספנול</ItemName>
      <ManufactureName>אינטרסן (1996) בעמ</ManufactureName>
      <ManufactureCountry />
      <ManufactureItemDescription />
      <UnitQty>י"ח</UnitQty>
      <Quantity>1</Quantity>
      <UnitMeasure>י"ח</UnitMeasure>
      <BisWeighted>0</BisWeighted>
      <QtyInPackage>1</QtyInPackage>
      <ItemPrice>23.90</ItemPrice>
      <UnitOfMeasurePrice>23.90</UnitOfMeasurePrice>
      <AllowDiscount>1</AllowDiscount>
      <itemStatus>1</itemStatus>
      <LastUpdateDate />
      <LastUpdateTime />
    </Product>
    <Product>
      <PriceUpdateDate>2014/01/19 10:40</PriceUpdateDate>
      <ItemCode>7290011505776</ItemCode>
      <ItemType>1</ItemType>
      <ItemName>שיפודי במבוק עבים במיוחד 75יח`</ItemName>
      <ManufactureName>אינטרסן (1996) בעמ</ManufactureName>
      <ManufactureCountry />
      <ManufactureItemDescription />
      <UnitQty>י"ח</UnitQty>
      <Quantity>1</Quantity>
      <UnitMeasure />
      <BisWeighted>0</BisWeighted>
      <QtyInPackage>1</QtyInPackage>
      <ItemPrice>4</ItemPrice>
      <UnitOfMeasurePrice>4</UnitOfMeasurePrice>
      <AllowDiscount>1</AllowDiscount>
      <itemStatus>1</itemStatus>
      <LastUpdateDate />
      <LastUpdateTime />
    </Product>
    <Product>
      <PriceUpdateDate>2014/01/05 09:36</PriceUpdateDate>
      <ItemCode>7290011505806</ItemCode>
      <ItemType>1</ItemType>
      <ItemName>קיסמי שיניים דנטאליים 200 יח`</ItemName>
      <ManufactureName>אינטרסן (1996) בעמ</ManufactureName>
      <ManufactureCountry />
      <ManufactureItemDescription />
      <UnitQty>י"ח</UnitQty>
      <Quantity>200</Quantity>
      <UnitMeasure>י"ח</UnitMeasure>
      <BisWeighted>0</BisWeighted>
      <QtyInPackage>1</QtyInPackage>
      <ItemPrice>8.90</ItemPrice>
      <UnitOfMeasurePrice>0.04</UnitOfMeasurePrice>
      <AllowDiscount>1</AllowDiscount>
      <itemStatus>1</itemStatus>
      <LastUpdateDate />
      <LastUpdateTime />
    </Product>
    <Product>
      <PriceUpdateDate>2018/07/24 10:11</PriceUpdateDate>
      <ItemCode>7290011525712</ItemCode>
      <ItemType>1</ItemType>
      <ItemName>קמיל בלו סנסטיב אל סבון</ItemName>
      <ManufactureName>פישר תעשיות פרמבצטיות בעמ</ManufactureName>
      <ManufactureCountry />
      <ManufactureItemDescription />
      <UnitQty>י"ח</UnitQty>
      <Quantity>1</Quantity>
      <UnitMeasure>ליטר</UnitMeasure>
      <BisWeighted>0</BisWeighted>
      <QtyInPackage>1</QtyInPackage>
      <ItemPrice>29.90</ItemPrice>
      <UnitOfMeasurePrice>29.90</UnitOfMeasurePrice>
      <AllowDiscount>1</AllowDiscount>
      <itemStatus>1</itemStatus>
      <LastUpdateDate />
      <LastUpdateTime />
    </Product>
    <Product>
      <PriceUpdateDate>2018/07/24 10:11</PriceUpdateDate>
      <ItemCode>7290011525729</ItemCode>
      <ItemType>1</ItemType>
      <ItemName>קמיל בלו סנסטיב שמפו 1 ל</ItemName>
      <ManufactureName>פישר תעשיות פרמבצטיות בעמ</ManufactureName>
      <ManufactureCountry />
      <ManufactureItemDescription />
      <UnitQty>י"ח</UnitQty>
      <Quantity>1</Quantity>
      <UnitMeasure>ליטר</UnitMeasure>
      <BisWeighted>0</BisWeighted>
      <QtyInPackage>1</QtyInPackage>
      <ItemPrice>29.90</ItemPrice>
      <UnitOfMeasurePrice>29.90</UnitOfMeasurePrice>
      <AllowDiscount>1</AllowDiscount>
      <itemStatus>1</itemStatus>
      <LastUpdateDate />
      <LastUpdateTime />
    </Product>
    <Product>
      <PriceUpdateDate>2019/12/04 13:48</PriceUpdateDate>
      <ItemCode>7290011598259</ItemCode>
      <ItemType>1</ItemType>
      <ItemName>פרש אוטומטיק מאסק</ItemName>
      <ManufactureName>החב הדרומית לשיווק</ManufactureName>
      <ManufactureCountry />
      <ManufactureItemDescription />
      <UnitQty>י"ח</UnitQty>
      <Quantity>250</Quantity>
      <UnitMeasure>ל  גרם</UnitMeasure>
      <BisWeighted>0</BisWeighted>
      <QtyInPackage>1</QtyInPackage>
      <ItemPrice>15.90</ItemPrice>
      <UnitOfMeasurePrice>6.36</UnitOfMeasurePrice>
      <AllowDiscount>1</AllowDiscount>
      <itemStatus>1</itemStatus>
      <LastUpdateDate />
      <LastUpdateTime />
    </Product>
    <Product>
      <PriceUpdateDate>2015/02/25 08:26</PriceUpdateDate>
      <ItemCode>7290011607180</ItemCode>
      <ItemType>1</ItemType>
      <ItemName>קולון 1.250 ק"ג</ItemName>
      <ManufactureName>רקיט בנקיזר (ניר איסט) בעמ</ManufactureName>
      <ManufactureCountry />
      <ManufactureItemDescription />
      <UnitQty>י"ח</UnitQty>
      <Quantity>1.25</Quantity>
      <UnitMeasure>ק"ג</UnitMeasure>
      <BisWeighted>0</BisWeighted>
      <QtyInPackage>1</QtyInPackage>
      <ItemPrice>14.90</ItemPrice>
      <UnitOfMeasurePrice>11.92</UnitOfMeasurePrice>
      <AllowDiscount>1</AllowDiscount>
      <itemStatus>1</itemStatus>
      <LastUpdateDate />
      <LastUpdateTime />
    </Product>
    <Product>
      <PriceUpdateDate>2015/03/25 10:11</PriceUpdateDate>
      <ItemCode>7290011607197</ItemCode>
      <ItemType>1</ItemType>
      <ItemName>קולון 101- 5 ק"ג</ItemName>
      <ManufactureName>רקיט בנקיזר (ניר איסט) בעמ</ManufactureName>
      <ManufactureCountry />
      <ManufactureItemDescription />
      <UnitQty>י"ח</UnitQty>
      <Quantity>5</Quantity>
      <UnitMeasure>ק"ג</UnitMeasure>
      <BisWeighted>0</BisWeighted>
      <QtyInPackage>1</QtyInPackage>
      <ItemPrice>35.90</ItemPrice>
      <UnitOfMeasurePrice>7.18</UnitOfMeasurePrice>
      <AllowDiscount>1</AllowDiscount>
      <itemStatus>1</itemStatus>
      <LastUpdateDate />
      <LastUpdateTime />
    </Product>
    <Product>
      <PriceUpdateDate>2018/07/15 15:22</PriceUpdateDate>
      <ItemCode>7290011618162</ItemCode>
      <ItemType>1</ItemType>
      <ItemName>שכבות ביסקויט ושוקולד במילוי  קרם שמנת</ItemName>
      <ManufactureName>דנשר (1963) בעמ</ManufactureName>
      <ManufactureCountry />
      <ManufactureItemDescription />
      <UnitQty>י"ח</UnitQty>
      <Quantity>180</Quantity>
      <UnitMeasure>ל  גרם</UnitMeasure>
      <BisWeighted>0</BisWeighted>
      <QtyInPackage>1</QtyInPackage>
      <ItemPrice>17.90</ItemPrice>
      <UnitOfMeasurePrice>9.94</UnitOfMeasurePrice>
      <AllowDiscount>1</AllowDiscount>
      <itemStatus>1</itemStatus>
      <LastUpdateDate />
      <LastUpdateTime />
    </Product>
    <Product>
      <PriceUpdateDate>2018/07/15 15:22</PriceUpdateDate>
      <ItemCode>7290011618261</ItemCode>
      <ItemType>1</ItemType>
      <ItemName>שכבות בסקויט ושוקולד במילוי קרם אגוזים</ItemName>
      <ManufactureName>דנשר (1963) בעמ</ManufactureName>
      <ManufactureCountry />
      <ManufactureItemDescription />
      <UnitQty>י"ח</UnitQty>
      <Quantity>180</Quantity>
      <UnitMeasure>ל  גרם</UnitMeasure>
      <BisWeighted>0</BisWeighted>
      <QtyInPackage>1</QtyInPackage>
      <ItemPrice>17.90</ItemPrice>
      <UnitOfMeasurePrice>9.94</UnitOfMeasurePrice>
      <AllowDiscount>1</AllowDiscount>
      <itemStatus>1</itemStatus>
      <LastUpdateDate />
      <LastUpdateTime />
    </Product>
    <Product>
      <PriceUpdateDate>2014/01/03 13:46</PriceUpdateDate>
      <ItemCode>7290011622428</ItemCode>
      <ItemType>1</ItemType>
      <ItemName>חטיף בריאות לתינוקות כתמטמינים 45גרם</ItemName>
      <ManufactureName>גורי מוצרי צריכה בעמ</ManufactureName>
      <ManufactureCountry />
      <ManufactureItemDescription />
      <UnitQty>י"ח</UnitQty>
      <Quantity>45</Quantity>
      <UnitMeasure>ל  גרם</UnitMeasure>
      <BisWeighted>0</BisWeighted>
      <QtyInPackage>1</QtyInPackage>
      <ItemPrice>5.90</ItemPrice>
      <UnitOfMeasurePrice>13.11</UnitOfMeasurePrice>
      <AllowDiscount>1</AllowDiscount>
      <itemStatus>1</itemStatus>
      <LastUpdateDate />
      <LastUpdateTime />
    </Product>
    <Product>
      <PriceUpdateDate>2017/06/15 11:11</PriceUpdateDate>
      <ItemCode>7290011622503</ItemCode>
      <ItemType>1</ItemType>
      <ItemName>ביסונים חטיף דגנים מלאים נוגט 6*14ג</ItemName>
      <ManufactureName>גורי מוצרי צריכה בעמ</ManufactureName>
      <ManufactureCountry />
      <ManufactureItemDescription />
      <UnitQty>י"ח</UnitQty>
      <Quantity>84</Quantity>
      <UnitMeasure>ל  גרם</UnitMeasure>
      <BisWeighted>0</BisWeighted>
      <QtyInPackage>1</QtyInPackage>
      <ItemPrice>12.90</ItemPrice>
      <UnitOfMeasurePrice>15.36</UnitOfMeasurePrice>
      <AllowDiscount>1</AllowDiscount>
      <itemStatus>1</itemStatus>
      <LastUpdateDate />
      <LastUpdateTime />
    </Product>
    <Product>
      <PriceUpdateDate>2019/05/22 09:48</PriceUpdateDate>
      <ItemCode>7290011622701</ItemCode>
      <ItemType>1</ItemType>
      <ItemName>טבעונים גזר וסלק</ItemName>
      <ManufactureName>גורי מוצרי צריכה בעמ</ManufactureName>
      <ManufactureCountry />
      <ManufactureItemDescription />
      <UnitQty>י"ח</UnitQty>
      <Quantity>100</Quantity>
      <UnitMeasure>ל  גרם</UnitMeasure>
      <BisWeighted>0</BisWeighted>
      <QtyInPackage>1</QtyInPackage>
      <ItemPrice>5.90</ItemPrice>
      <UnitOfMeasurePrice>5.90</UnitOfMeasurePrice>
      <AllowDiscount>1</AllowDiscount>
      <itemStatus>1</itemStatus>
      <LastUpdateDate />
      <LastUpdateTime />
    </Product>
    <Product>
      <PriceUpdateDate>2019/05/22 09:48</PriceUpdateDate>
      <ItemCode>7290011622718</ItemCode>
      <ItemType>1</ItemType>
      <ItemName>טבעונים גזר ופטרוזיליה</ItemName>
      <ManufactureName>גורי מוצרי צריכה בעמ</ManufactureName>
      <ManufactureCountry />
      <ManufactureItemDescription />
      <UnitQty>י"ח</UnitQty>
      <Quantity>100</Quantity>
      <UnitMeasure>ל  גרם</UnitMeasure>
      <BisWeighted>0</BisWeighted>
      <QtyInPackage>1</QtyInPackage>
      <ItemPrice>5.90</ItemPrice>
      <UnitOfMeasurePrice>5.90</UnitOfMeasurePrice>
      <AllowDiscount>1</AllowDiscount>
      <itemStatus>1</itemStatus>
      <LastUpdateDate />
      <LastUpdateTime />
    </Product>
    <Product>
      <PriceUpdateDate>2020/03/04 09:29</PriceUpdateDate>
      <ItemCode>7290011622763</ItemCode>
      <ItemType>1</ItemType>
      <ItemName>ביסקוויטמינים פלוס ונילך 150 ג`</ItemName>
      <ManufactureName>גורי מוצרי צריכה בעמ</ManufactureName>
      <ManufactureCountry />
      <ManufactureItemDescription />
      <UnitQty>י"ח</UnitQty>
      <Quantity>150</Quantity>
      <UnitMeasure>ל  גרם</UnitMeasure>
      <BisWeighted>0</BisWeighted>
      <QtyInPackage>1</QtyInPackage>
      <ItemPrice>14.90</ItemPrice>
      <UnitOfMeasurePrice>9.93</UnitOfMeasurePrice>
      <AllowDiscount>1</AllowDiscount>
      <itemStatus>1</itemStatus>
      <LastUpdateDate />
      <LastUpdateTime />
    </Product>
    <Product>
      <PriceUpdateDate>2013/11/03 15:59</PriceUpdateDate>
      <ItemCode>7290011668402</ItemCode>
      <ItemType>1</ItemType>
      <ItemName>שמפו לגבר פנינה</ItemName>
      <ManufactureName>פנינה רוזנבלום בעמ</ManufactureName>
      <ManufactureCountry />
      <ManufactureItemDescription />
      <UnitQty>י"ח</UnitQty>
      <Quantity>750</Quantity>
      <UnitMeasure>ל  מ"ל</UnitMeasure>
      <BisWeighted>0</BisWeighted>
      <QtyInPackage>1</QtyInPackage>
      <ItemPrice>12.90</ItemPrice>
      <UnitOfMeasurePrice>1.72</UnitOfMeasurePrice>
      <AllowDiscount>1</AllowDiscount>
      <itemStatus>1</itemStatus>
      <LastUpdateDate />
      <LastUpdateTime />
    </Product>
    <Product>
      <PriceUpdateDate>2013/11/03 15:59</PriceUpdateDate>
      <ItemCode>7290011668419</ItemCode>
      <ItemType>1</ItemType>
      <ItemName>שמפו אובלי יומי פנינה</ItemName>
      <ManufactureName>פנינה רוזנבלום בעמ</ManufactureName>
      <ManufactureCountry />
      <ManufactureItemDescription />
      <UnitQty>י"ח</UnitQty>
      <Quantity>750</Quantity>
      <UnitMeasure>ל  מ"ל</UnitMeasure>
      <BisWeighted>0</BisWeighted>
      <QtyInPackage>1</QtyInPackage>
      <ItemPrice>12.90</ItemPrice>
      <UnitOfMeasurePrice>1.72</UnitOfMeasurePrice>
      <AllowDiscount>1</AllowDiscount>
      <itemStatus>1</itemStatus>
      <LastUpdateDate />
      <LastUpdateTime />
    </Product>
    <Product>
      <PriceUpdateDate>2013/11/03 15:59</PriceUpdateDate>
      <ItemCode>7290011668426</ItemCode>
      <ItemType>1</ItemType>
      <ItemName>מרכך אובלי ליומי פנינה</ItemName>
      <ManufactureName>פנינה רוזנבלום בעמ</ManufactureName>
      <ManufactureCountry />
      <ManufactureItemDescription />
      <UnitQty>י"ח</UnitQty>
      <Quantity>750</Quantity>
      <UnitMeasure>ל  מ"ל</UnitMeasure>
      <BisWeighted>0</BisWeighted>
      <QtyInPackage>1</QtyInPackage>
      <ItemPrice>12.90</ItemPrice>
      <UnitOfMeasurePrice>1.72</UnitOfMeasurePrice>
      <AllowDiscount>1</AllowDiscount>
      <itemStatus>1</itemStatus>
      <LastUpdateDate />
      <LastUpdateTime />
    </Product>
    <Product>
      <PriceUpdateDate>2013/11/03 15:59</PriceUpdateDate>
      <ItemCode>7290011668433</ItemCode>
      <ItemType>1</ItemType>
      <ItemName>שמפו שיאה לשיער צבוע  פנינה</ItemName>
      <ManufactureName>פנינה רוזנבלום בעמ</ManufactureName>
      <ManufactureCountry />
      <ManufactureItemDescription />
      <UnitQty>י"ח</UnitQty>
      <Quantity>750</Quantity>
      <UnitMeasure>ל  מ"ל</UnitMeasure>
      <BisWeighted>0</BisWeighted>
      <QtyInPackage>1</QtyInPackage>
      <ItemPrice>12.90</ItemPrice>
      <UnitOfMeasurePrice>1.72</UnitOfMeasurePrice>
      <AllowDiscount>1</AllowDiscount>
      <itemStatus>1</itemStatus>
      <LastUpdateDate />
      <LastUpdateTime />
    </Product>
    <Product>
      <PriceUpdateDate>2013/11/03 15:59</PriceUpdateDate>
      <ItemCode>7290011668440</ItemCode>
      <ItemType>1</ItemType>
      <ItemName>מרכך שיאה לשיער צבוע פנינה</ItemName>
      <ManufactureName>פנינה רוזנבלום בעמ</ManufactureName>
      <ManufactureCountry />
      <ManufactureItemDescription />
      <UnitQty>י"ח</UnitQty>
      <Quantity>750</Quantity>
      <UnitMeasure>ל  מ"ל</UnitMeasure>
      <BisWeighted>0</BisWeighted>
      <QtyInPackage>1</QtyInPackage>
      <ItemPrice>12.90</ItemPrice>
      <UnitOfMeasurePrice>1.72</UnitOfMeasurePrice>
      <AllowDiscount>1</AllowDiscount>
      <itemStatus>1</itemStatus>
      <LastUpdateDate />
      <LastUpdateTime />
    </Product>
    <Product>
      <PriceUpdateDate>2013/11/03 15:59</PriceUpdateDate>
      <ItemCode>7290011668457</ItemCode>
      <ItemType>1</ItemType>
      <ItemName>שמפו שמן זית לשיער גליל פנינה</ItemName>
      <ManufactureName>פנינה רוזנבלום בעמ</ManufactureName>
      <ManufactureCountry />
      <ManufactureItemDescription />
      <UnitQty>י"ח</UnitQty>
      <Quantity>750</Quantity>
      <UnitMeasure>ל  מ"ל</UnitMeasure>
      <BisWeighted>0</BisWeighted>
      <QtyInPackage>1</QtyInPackage>
      <ItemPrice>12.90</ItemPrice>
      <UnitOfMeasurePrice>1.72</UnitOfMeasurePrice>
      <AllowDiscount>1</AllowDiscount>
      <itemStatus>1</itemStatus>
      <LastUpdateDate />
      <LastUpdateTime />
    </Product>
    <Product>
      <PriceUpdateDate>2013/11/03 15:59</PriceUpdateDate>
      <ItemCode>7290011668464</ItemCode>
      <ItemType>1</ItemType>
      <ItemName>מרכך שמן זית למתולתל  פנינה</ItemName>
      <ManufactureName>פנינה רוזנבלום בעמ</ManufactureName>
      <ManufactureCountry />
      <ManufactureItemDescription />
      <UnitQty>י"ח</UnitQty>
      <Quantity>750</Quantity>
      <UnitMeasure>ל  מ"ל</UnitMeasure>
      <BisWeighted>0</BisWeighted>
      <QtyInPackage>1</QtyInPackage>
      <ItemPrice>12.90</ItemPrice>
      <UnitOfMeasurePrice>1.72</UnitOfMeasurePrice>
      <AllowDiscount>1</AllowDiscount>
      <itemStatus>1</itemStatus>
      <LastUpdateDate />
      <LastUpdateTime />
    </Product>
    <Product>
      <PriceUpdateDate>2013/11/03 15:59</PriceUpdateDate>
      <ItemCode>7290011668471</ItemCode>
      <ItemType>1</ItemType>
      <ItemName>שמפו רימונים לשיער דק</ItemName>
      <ManufactureName>פנינה רוזנבלום בעמ</ManufactureName>
      <ManufactureCountry />
      <ManufactureItemDescription />
      <UnitQty>י"ח</UnitQty>
      <Quantity>750</Quantity>
      <UnitMeasure>ל  מ"ל</UnitMeasure>
      <BisWeighted>0</BisWeighted>
      <QtyInPackage>1</QtyInPackage>
      <ItemPrice>12.90</ItemPrice>
      <UnitOfMeasurePrice>1.72</UnitOfMeasurePrice>
      <AllowDiscount>1</AllowDiscount>
      <itemStatus>1</itemStatus>
      <LastUpdateDate />
      <LastUpdateTime />
    </Product>
    <Product>
      <PriceUpdateDate>2017/03/09 09:05</PriceUpdateDate>
      <ItemCode>7290011708511</ItemCode>
      <ItemType>1</ItemType>
      <ItemName>מגבונים לניקוי רצפה בדלי</ItemName>
      <ManufactureName>עולם המגבונים בעמ</ManufactureName>
      <ManufactureCountry />
      <ManufactureItemDescription />
      <UnitQty>י"ח</UnitQty>
      <Quantity>1</Quantity>
      <UnitMeasure>י"ח</UnitMeasure>
      <BisWeighted>0</BisWeighted>
      <QtyInPackage>1</QtyInPackage>
      <ItemPrice>22.90</ItemPrice>
      <UnitOfMeasurePrice>22.90</UnitOfMeasurePrice>
      <AllowDiscount>1</AllowDiscount>
      <itemStatus>1</itemStatus>
      <LastUpdateDate />
      <LastUpdateTime />
    </Product>
    <Product>
      <PriceUpdateDate>2017/12/31 14:41</PriceUpdateDate>
      <ItemCode>7290011743055</ItemCode>
      <ItemType>1</ItemType>
      <ItemName>אקווה פרש מברשות</ItemName>
      <ManufactureName>גורי ע.ע.ע. בעמ</ManufactureName>
      <ManufactureCountry />
      <ManufactureItemDescription />
      <UnitQty>י"ח</UnitQty>
      <Quantity>1</Quantity>
      <UnitMeasure />
      <BisWeighted>0</BisWeighted>
      <QtyInPackage>1</QtyInPackage>
      <ItemPrice>19.90</ItemPrice>
      <UnitOfMeasurePrice>19.90</UnitOfMeasurePrice>
      <AllowDiscount>1</AllowDiscount>
      <itemStatus>1</itemStatus>
      <LastUpdateDate />
      <LastUpdateTime />
    </Product>
    <Product>
      <PriceUpdateDate>2016/02/07 09:17</PriceUpdateDate>
      <ItemCode>7290011743826</ItemCode>
      <ItemType>1</ItemType>
      <ItemName>משחת שיניים מלבינה</ItemName>
      <ManufactureName>גורי ע.ע.ע. בעמ</ManufactureName>
      <ManufactureCountry />
      <ManufactureItemDescription />
      <UnitQty>י"ח</UnitQty>
      <Quantity>100</Quantity>
      <UnitMeasure>ל  מ"ל</UnitMeasure>
      <BisWeighted>0</BisWeighted>
      <QtyInPackage>1</QtyInPackage>
      <ItemPrice>15.90</ItemPrice>
      <UnitOfMeasurePrice>15.90</UnitOfMeasurePrice>
      <AllowDiscount>1</AllowDiscount>
      <itemStatus>1</itemStatus>
      <LastUpdateDate />
      <LastUpdateTime />
    </Product>
    <Product>
      <PriceUpdateDate>2017/07/11 08:21</PriceUpdateDate>
      <ItemCode>7290011743833</ItemCode>
      <ItemType>1</ItemType>
      <ItemName>סנסודיין פרונמל 75</ItemName>
      <ManufactureName>גורי ע.ע.ע. בעמ</ManufactureName>
      <ManufactureCountry />
      <ManufactureItemDescription />
      <UnitQty>י"ח</UnitQty>
      <Quantity>75</Quantity>
      <UnitMeasure>ל  גרם</UnitMeasure>
      <BisWeighted>0</BisWeighted>
      <QtyInPackage>1</QtyInPackage>
      <ItemPrice>21.80</ItemPrice>
      <UnitOfMeasurePrice>29.07</UnitOfMeasurePrice>
      <AllowDiscount>1</AllowDiscount>
      <itemStatus>1</itemStatus>
      <LastUpdateDate />
      <LastUpdateTime />
    </Product>
    <Product>
      <PriceUpdateDate>2014/01/05 09:36</PriceUpdateDate>
      <ItemCode>7290011761950</ItemCode>
      <ItemType>1</ItemType>
      <ItemName>אלכוג ל שמירה על ידיים</ItemName>
      <ManufactureName>פישר תעשיות פרמבצטיות בעמ</ManufactureName>
      <ManufactureCountry />
      <ManufactureItemDescription />
      <UnitQty>י"ח</UnitQty>
      <Quantity>60</Quantity>
      <UnitMeasure>ל  מ"ל</UnitMeasure>
      <BisWeighted>0</BisWeighted>
      <QtyInPackage>1</QtyInPackage>
      <ItemPrice>11</ItemPrice>
      <UnitOfMeasurePrice>18.33</UnitOfMeasurePrice>
      <AllowDiscount>1</AllowDiscount>
      <itemStatus>1</itemStatus>
      <LastUpdateDate />
      <LastUpdateTime />
    </Product>
    <Product>
      <PriceUpdateDate>2014/01/05 09:36</PriceUpdateDate>
      <ItemCode>7290011761967</ItemCode>
      <ItemType>1</ItemType>
      <ItemName>אלכוג ל שמירה על ידיים</ItemName>
      <ManufactureName>פישר תעשיות פרמבצטיות בעמ</ManufactureName>
      <ManufactureCountry />
      <ManufactureItemDescription />
      <UnitQty>י"ח</UnitQty>
      <Quantity>60</Quantity>
      <UnitMeasure>ל  מ"ל</UnitMeasure>
      <BisWeighted>0</BisWeighted>
      <QtyInPackage>1</QtyInPackage>
      <ItemPrice>11</ItemPrice>
      <UnitOfMeasurePrice>18.33</UnitOfMeasurePrice>
      <AllowDiscount>1</AllowDiscount>
      <itemStatus>1</itemStatus>
      <LastUpdateDate />
      <LastUpdateTime />
    </Product>
    <Product>
      <PriceUpdateDate>2014/01/05 09:36</PriceUpdateDate>
      <ItemCode>7290011761974</ItemCode>
      <ItemType>1</ItemType>
      <ItemName>אלכוג ל שמירה על ידיים</ItemName>
      <ManufactureName>פישר תעשיות פרמבצטיות בעמ</ManufactureName>
      <ManufactureCountry />
      <ManufactureItemDescription />
      <UnitQty>י"ח</UnitQty>
      <Quantity>60</Quantity>
      <UnitMeasure>ל  מ"ל</UnitMeasure>
      <BisWeighted>0</BisWeighted>
      <QtyInPackage>1</QtyInPackage>
      <ItemPrice>11</ItemPrice>
      <UnitOfMeasurePrice>18.33</UnitOfMeasurePrice>
      <AllowDiscount>1</AllowDiscount>
      <itemStatus>1</itemStatus>
      <LastUpdateDate />
      <LastUpdateTime />
    </Product>
    <Product>
      <PriceUpdateDate>2019/12/04 13:48</PriceUpdateDate>
      <ItemCode>7290011765446</ItemCode>
      <ItemType>1</ItemType>
      <ItemName>בוב ספוג משחת שיניים</ItemName>
      <ManufactureName>החב הדרומית לשיווק</ManufactureName>
      <ManufactureCountry />
      <ManufactureItemDescription />
      <UnitQty>י"ח</UnitQty>
      <Quantity>70</Quantity>
      <UnitMeasure>ל  גרם</UnitMeasure>
      <BisWeighted>0</BisWeighted>
      <QtyInPackage>1</QtyInPackage>
      <ItemPrice>8.90</ItemPrice>
      <UnitOfMeasurePrice>12.71</UnitOfMeasurePrice>
      <AllowDiscount>1</AllowDiscount>
      <itemStatus>1</itemStatus>
      <LastUpdateDate />
      <LastUpdateTime />
    </Product>
    <Product>
      <PriceUpdateDate>2013/12/09 17:56</PriceUpdateDate>
      <ItemCode>7290011870249</ItemCode>
      <ItemType>1</ItemType>
      <ItemName>סוללות  *AAA12 פוגיקום</ItemName>
      <ManufactureName>פוגיקום בעמ</ManufactureName>
      <ManufactureCountry />
      <ManufactureItemDescription />
      <UnitQty>י"ח</UnitQty>
      <Quantity>1</Quantity>
      <UnitMeasure />
      <BisWeighted>0</BisWeighted>
      <QtyInPackage>1</QtyInPackage>
      <ItemPrice>19.90</ItemPrice>
      <UnitOfMeasurePrice>19.90</UnitOfMeasurePrice>
      <AllowDiscount>1</AllowDiscount>
      <itemStatus>1</itemStatus>
      <LastUpdateDate />
      <LastUpdateTime />
    </Product>
    <Product>
      <PriceUpdateDate>2013/12/09 17:56</PriceUpdateDate>
      <ItemCode>7290011870270</ItemCode>
      <ItemType>1</ItemType>
      <ItemName>סוללות   *AA12 פוגיקום</ItemName>
      <ManufactureName>פוגיקום בעמ</ManufactureName>
      <ManufactureCountry />
      <ManufactureItemDescription />
      <UnitQty>י"ח</UnitQty>
      <Quantity>1</Quantity>
      <UnitMeasure />
      <BisWeighted>0</BisWeighted>
      <QtyInPackage>1</QtyInPackage>
      <ItemPrice>19.90</ItemPrice>
      <UnitOfMeasurePrice>19.90</UnitOfMeasurePrice>
      <AllowDiscount>1</AllowDiscount>
      <itemStatus>1</itemStatus>
      <LastUpdateDate />
      <LastUpdateTime />
    </Product>
    <Product>
      <PriceUpdateDate>2019/12/17 10:06</PriceUpdateDate>
      <ItemCode>7290011877033</ItemCode>
      <ItemType>1</ItemType>
      <ItemName>ת.רחיצה קרמה 750</ItemName>
      <ManufactureName>החב הדרומית לשיווק</ManufactureName>
      <ManufactureCountry />
      <ManufactureItemDescription />
      <UnitQty>י"ח</UnitQty>
      <Quantity>750</Quantity>
      <UnitMeasure>ל  מ"ל</UnitMeasure>
      <BisWeighted>0</BisWeighted>
      <QtyInPackage>1</QtyInPackage>
      <ItemPrice>15.90</ItemPrice>
      <UnitOfMeasurePrice>2.12</UnitOfMeasurePrice>
      <AllowDiscount>1</AllowDiscount>
      <itemStatus>1</itemStatus>
      <LastUpdateDate />
      <LastUpdateTime />
    </Product>
    <Product>
      <PriceUpdateDate>2019/12/17 10:06</PriceUpdateDate>
      <ItemCode>7290011877040</ItemCode>
      <ItemType>1</ItemType>
      <ItemName>ת.רחיצה קרמה 750</ItemName>
      <ManufactureName>החב הדרומית לשיווק</ManufactureName>
      <ManufactureCountry />
      <ManufactureItemDescription />
      <UnitQty>י"ח</UnitQty>
      <Quantity>750</Quantity>
      <UnitMeasure>ל  מ"ל</UnitMeasure>
      <BisWeighted>0</BisWeighted>
      <QtyInPackage>1</QtyInPackage>
      <ItemPrice>15.90</ItemPrice>
      <UnitOfMeasurePrice>2.12</UnitOfMeasurePrice>
      <AllowDiscount>1</AllowDiscount>
      <itemStatus>1</itemStatus>
      <LastUpdateDate />
      <LastUpdateTime />
    </Product>
    <Product>
      <PriceUpdateDate>2020/04/19 12:23</PriceUpdateDate>
      <ItemCode>7290011877156</ItemCode>
      <ItemType>1</ItemType>
      <ItemName>סנפרש ענק מאסק</ItemName>
      <ManufactureName>החב הדרומית לשיווק</ManufactureName>
      <ManufactureCountry />
      <ManufactureItemDescription />
      <UnitQty>י"ח</UnitQty>
      <Quantity>375</Quantity>
      <UnitMeasure>ל  מ"ל</UnitMeasure>
      <BisWeighted>0</BisWeighted>
      <QtyInPackage>1</QtyInPackage>
      <ItemPrice>10.90</ItemPrice>
      <UnitOfMeasurePrice>2.91</UnitOfMeasurePrice>
      <AllowDiscount>1</AllowDiscount>
      <itemStatus>1</itemStatus>
      <LastUpdateDate />
      <LastUpdateTime />
    </Product>
    <Product>
      <PriceUpdateDate>2014/05/15 16:13</PriceUpdateDate>
      <ItemCode>7290011877460</ItemCode>
      <ItemType>1</ItemType>
      <ItemName>משחת שיניים אורביטול אלוורה 145 ג`</ItemName>
      <ManufactureName>החב הדרומית לשיווק</ManufactureName>
      <ManufactureCountry />
      <ManufactureItemDescription />
      <UnitQty>י"ח</UnitQty>
      <Quantity>145</Quantity>
      <UnitMeasure>ל  גרם</UnitMeasure>
      <BisWeighted>0</BisWeighted>
      <QtyInPackage>1</QtyInPackage>
      <ItemPrice>9.90</ItemPrice>
      <UnitOfMeasurePrice>6.83</UnitOfMeasurePrice>
      <AllowDiscount>1</AllowDiscount>
      <itemStatus>1</itemStatus>
      <LastUpdateDate />
      <LastUpdateTime />
    </Product>
    <Product>
      <PriceUpdateDate>2019/12/04 13:48</PriceUpdateDate>
      <ItemCode>7290011877866</ItemCode>
      <ItemType>1</ItemType>
      <ItemName>סנו מקסימה מאסק 6 ק"ג</ItemName>
      <ManufactureName>החב הדרומית לשיווק</ManufactureName>
      <ManufactureCountry />
      <ManufactureItemDescription />
      <UnitQty>י"ח</UnitQty>
      <Quantity>6</Quantity>
      <UnitMeasure>ק"ג</UnitMeasure>
      <BisWeighted>0</BisWeighted>
      <QtyInPackage>1</QtyInPackage>
      <ItemPrice>44.90</ItemPrice>
      <UnitOfMeasurePrice>7.48</UnitOfMeasurePrice>
      <AllowDiscount>1</AllowDiscount>
      <itemStatus>1</itemStatus>
      <LastUpdateDate />
      <LastUpdateTime />
    </Product>
    <Product>
      <PriceUpdateDate>2018/12/17 10:51</PriceUpdateDate>
      <ItemCode>7290011912642</ItemCode>
      <ItemType>1</ItemType>
      <ItemName>ליסטרין טאגד  500 מ"ל</ItemName>
      <ManufactureName>שקד תבל בעמ</ManufactureName>
      <ManufactureCountry />
      <ManufactureItemDescription />
      <UnitQty>י"ח</UnitQty>
      <Quantity>500</Quantity>
      <UnitMeasure>ל  מ"ל</UnitMeasure>
      <BisWeighted>0</BisWeighted>
      <QtyInPackage>1</QtyInPackage>
      <ItemPrice>26.90</ItemPrice>
      <UnitOfMeasurePrice>5.38</UnitOfMeasurePrice>
      <AllowDiscount>1</AllowDiscount>
      <itemStatus>1</itemStatus>
      <LastUpdateDate />
      <LastUpdateTime />
    </Product>
    <Product>
      <PriceUpdateDate>2018/05/31 11:07</PriceUpdateDate>
      <ItemCode>7290011915346</ItemCode>
      <ItemType>1</ItemType>
      <ItemName>טורטיות 8 יח`330גר` המותג</ItemName>
      <ManufactureName>דין שיווק *****</ManufactureName>
      <ManufactureCountry />
      <ManufactureItemDescription />
      <UnitQty>י"ח</UnitQty>
      <Quantity>330</Quantity>
      <UnitMeasure>ל  גרם</UnitMeasure>
      <BisWeighted>0</BisWeighted>
      <QtyInPackage>1</QtyInPackage>
      <ItemPrice>9.90</ItemPrice>
      <UnitOfMeasurePrice>3</UnitOfMeasurePrice>
      <AllowDiscount>1</AllowDiscount>
      <itemStatus>1</itemStatus>
      <LastUpdateDate />
      <LastUpdateTime />
    </Product>
    <Product>
      <PriceUpdateDate>2019/06/28 08:40</PriceUpdateDate>
      <ItemCode>7290011947262</ItemCode>
      <ItemType>1</ItemType>
      <ItemName>זית ירוק בתיבול גלילי 217גר רבנות</ItemName>
      <ManufactureName>תה ויסוצקי (ישראל)בעמ</ManufactureName>
      <ManufactureCountry />
      <ManufactureItemDescription />
      <UnitQty>י"ח</UnitQty>
      <Quantity>560</Quantity>
      <UnitMeasure>ל  גרם</UnitMeasure>
      <BisWeighted>0</BisWeighted>
      <QtyInPackage>1</QtyInPackage>
      <ItemPrice>14.90</ItemPrice>
      <UnitOfMeasurePrice>2.66</UnitOfMeasurePrice>
      <AllowDiscount>1</AllowDiscount>
      <itemStatus>1</itemStatus>
      <LastUpdateDate />
      <LastUpdateTime />
    </Product>
    <Product>
      <PriceUpdateDate>2019/06/28 08:40</PriceUpdateDate>
      <ItemCode>7290011947279</ItemCode>
      <ItemType>1</ItemType>
      <ItemName>זית ירוק בתיבול איטלקי 217גר רבנות</ItemName>
      <ManufactureName>תה ויסוצקי (ישראל)בעמ</ManufactureName>
      <ManufactureCountry />
      <ManufactureItemDescription />
      <UnitQty>י"ח</UnitQty>
      <Quantity>217</Quantity>
      <UnitMeasure>ל  גרם</UnitMeasure>
      <BisWeighted>0</BisWeighted>
      <QtyInPackage>1</QtyInPackage>
      <ItemPrice>14.90</ItemPrice>
      <UnitOfMeasurePrice>6.87</UnitOfMeasurePrice>
      <AllowDiscount>1</AllowDiscount>
      <itemStatus>1</itemStatus>
      <LastUpdateDate />
      <LastUpdateTime />
    </Product>
    <Product>
      <PriceUpdateDate>2017/11/20 10:38</PriceUpdateDate>
      <ItemCode>7290011947309</ItemCode>
      <ItemType>1</ItemType>
      <ItemName>זית סורי מבוקע עם לימון כבוש  220גר</ItemName>
      <ManufactureName>תה ויסוצקי (ישראל)בעמ</ManufactureName>
      <ManufactureCountry />
      <ManufactureItemDescription />
      <UnitQty>י"ח</UnitQty>
      <Quantity>560</Quantity>
      <UnitMeasure>ל  גרם</UnitMeasure>
      <BisWeighted>0</BisWeighted>
      <QtyInPackage>1</QtyInPackage>
      <ItemPrice>14.90</ItemPrice>
      <UnitOfMeasurePrice>2.66</UnitOfMeasurePrice>
      <AllowDiscount>1</AllowDiscount>
      <itemStatus>1</itemStatus>
      <LastUpdateDate />
      <LastUpdateTime />
    </Product>
    <Product>
      <PriceUpdateDate>2017/11/20 10:38</PriceUpdateDate>
      <ItemCode>7290011947316</ItemCode>
      <ItemType>1</ItemType>
      <ItemName>זית קלמטה</ItemName>
      <ManufactureName>תה ויסוצקי (ישראל)בעמ</ManufactureName>
      <ManufactureCountry />
      <ManufactureItemDescription />
      <UnitQty>י"ח</UnitQty>
      <Quantity>200</Quantity>
      <UnitMeasure>ל  גרם</UnitMeasure>
      <BisWeighted>0</BisWeighted>
      <QtyInPackage>1</QtyInPackage>
      <ItemPrice>14.90</ItemPrice>
      <UnitOfMeasurePrice>7.45</UnitOfMeasurePrice>
      <AllowDiscount>1</AllowDiscount>
      <itemStatus>1</itemStatus>
      <LastUpdateDate />
      <LastUpdateTime />
    </Product>
    <Product>
      <PriceUpdateDate>2017/02/14 09:53</PriceUpdateDate>
      <ItemCode>7290011947521</ItemCode>
      <ItemType>1</ItemType>
      <ItemName>שמן זית  זיתא כתית מעולה טעם מודגש 750</ItemName>
      <ManufactureName>תה ויסוצקי (ישראל)בעמ</ManufactureName>
      <ManufactureCountry />
      <ManufactureItemDescription />
      <UnitQty>י"ח</UnitQty>
      <Quantity>750</Quantity>
      <UnitMeasure>ל  מ"ל</UnitMeasure>
      <BisWeighted>0</BisWeighted>
      <QtyInPackage>1</QtyInPackage>
      <ItemPrice>37.90</ItemPrice>
      <UnitOfMeasurePrice>5.05</UnitOfMeasurePrice>
      <AllowDiscount>1</AllowDiscount>
      <itemStatus>1</itemStatus>
      <LastUpdateDate />
      <LastUpdateTime />
    </Product>
    <Product>
      <PriceUpdateDate>2017/10/10 11:52</PriceUpdateDate>
      <ItemCode>7290011947583</ItemCode>
      <ItemType>1</ItemType>
      <ItemName>זית מיקס 215גר זיתא</ItemName>
      <ManufactureName>תה ויסוצקי (ישראל)בעמ</ManufactureName>
      <ManufactureCountry />
      <ManufactureItemDescription />
      <UnitQty>י"ח</UnitQty>
      <Quantity>215</Quantity>
      <UnitMeasure>ל  גרם</UnitMeasure>
      <BisWeighted>0</BisWeighted>
      <QtyInPackage>1</QtyInPackage>
      <ItemPrice>14.90</ItemPrice>
      <UnitOfMeasurePrice>6.93</UnitOfMeasurePrice>
      <AllowDiscount>1</AllowDiscount>
      <itemStatus>1</itemStatus>
      <LastUpdateDate />
      <LastUpdateTime />
    </Product>
    <Product>
      <PriceUpdateDate>2017/11/20 10:38</PriceUpdateDate>
      <ItemCode>7290011947620</ItemCode>
      <ItemType>1</ItemType>
      <ItemName>זית מיקס טעמי השוק 215גר ק</ItemName>
      <ManufactureName>תה ויסוצקי (ישראל)בעמ</ManufactureName>
      <ManufactureCountry />
      <ManufactureItemDescription />
      <UnitQty>י"ח</UnitQty>
      <Quantity>215</Quantity>
      <UnitMeasure>ל  גרם</UnitMeasure>
      <BisWeighted>0</BisWeighted>
      <QtyInPackage>1</QtyInPackage>
      <ItemPrice>14.90</ItemPrice>
      <UnitOfMeasurePrice>6.93</UnitOfMeasurePrice>
      <AllowDiscount>1</AllowDiscount>
      <itemStatus>1</itemStatus>
      <LastUpdateDate />
      <LastUpdateTime />
    </Product>
    <Product>
      <PriceUpdateDate>2019/01/15 08:38</PriceUpdateDate>
      <ItemCode>7290011947712</ItemCode>
      <ItemType>1</ItemType>
      <ItemName>זית טאסוס</ItemName>
      <ManufactureName>תה ויסוצקי (ישראל)בעמ</ManufactureName>
      <ManufactureCountry />
      <ManufactureItemDescription />
      <UnitQty>י"ח</UnitQty>
      <Quantity>200</Quantity>
      <UnitMeasure>ל  גרם</UnitMeasure>
      <BisWeighted>0</BisWeighted>
      <QtyInPackage>1</QtyInPackage>
      <ItemPrice>14.90</ItemPrice>
      <UnitOfMeasurePrice>7.45</UnitOfMeasurePrice>
      <AllowDiscount>1</AllowDiscount>
      <itemStatus>1</itemStatus>
      <LastUpdateDate />
      <LastUpdateTime />
    </Product>
    <Product>
      <PriceUpdateDate>2019/08/21 08:47</PriceUpdateDate>
      <ItemCode>7290011947729</ItemCode>
      <ItemType>1</ItemType>
      <ItemName>זית גראנדה 215 גרם</ItemName>
      <ManufactureName>תה ויסוצקי (ישראל)בעמ</ManufactureName>
      <ManufactureCountry />
      <ManufactureItemDescription />
      <UnitQty>י"ח</UnitQty>
      <Quantity>200</Quantity>
      <UnitMeasure>ל  גרם</UnitMeasure>
      <BisWeighted>0</BisWeighted>
      <QtyInPackage>1</QtyInPackage>
      <ItemPrice>14.90</ItemPrice>
      <UnitOfMeasurePrice>7.45</UnitOfMeasurePrice>
      <AllowDiscount>1</AllowDiscount>
      <itemStatus>1</itemStatus>
      <LastUpdateDate />
      <LastUpdateTime />
    </Product>
    <Product>
      <PriceUpdateDate>2019/12/17 10:06</PriceUpdateDate>
      <ItemCode>7290011947743</ItemCode>
      <ItemType>1</ItemType>
      <ItemName>מיקס זית ירוק וזית קלמטה 215ג</ItemName>
      <ManufactureName>תה ויסוצקי (ישראל)בעמ</ManufactureName>
      <ManufactureCountry />
      <ManufactureItemDescription />
      <UnitQty>י"ח</UnitQty>
      <Quantity>215</Quantity>
      <UnitMeasure>ל  גרם</UnitMeasure>
      <BisWeighted>0</BisWeighted>
      <QtyInPackage>1</QtyInPackage>
      <ItemPrice>14.90</ItemPrice>
      <UnitOfMeasurePrice>6.93</UnitOfMeasurePrice>
      <AllowDiscount>1</AllowDiscount>
      <itemStatus>1</itemStatus>
      <LastUpdateDate />
      <LastUpdateTime />
    </Product>
    <Product>
      <PriceUpdateDate>2019/12/17 10:06</PriceUpdateDate>
      <ItemCode>7290011947750</ItemCode>
      <ItemType>1</ItemType>
      <ItemName>זית סורי בתיבול חריף 215ג</ItemName>
      <ManufactureName>תה ויסוצקי (ישראל)בעמ</ManufactureName>
      <ManufactureCountry />
      <ManufactureItemDescription />
      <UnitQty>י"ח</UnitQty>
      <Quantity>215</Quantity>
      <UnitMeasure>ל  גרם</UnitMeasure>
      <BisWeighted>0</BisWeighted>
      <QtyInPackage>1</QtyInPackage>
      <ItemPrice>14.90</ItemPrice>
      <UnitOfMeasurePrice>6.93</UnitOfMeasurePrice>
      <AllowDiscount>1</AllowDiscount>
      <itemStatus>1</itemStatus>
      <LastUpdateDate />
      <LastUpdateTime />
    </Product>
    <Product>
      <PriceUpdateDate>2014/01/19 10:41</PriceUpdateDate>
      <ItemCode>7290012071041</ItemCode>
      <ItemType>1</ItemType>
      <ItemName>אלכוהול שמירה על ידיים</ItemName>
      <ManufactureName>פישר תעשיות פרמבצטיות בעמ</ManufactureName>
      <ManufactureCountry />
      <ManufactureItemDescription />
      <UnitQty>י"ח</UnitQty>
      <Quantity>60</Quantity>
      <UnitMeasure>ל  מ"ל</UnitMeasure>
      <BisWeighted>0</BisWeighted>
      <QtyInPackage>1</QtyInPackage>
      <ItemPrice>15</ItemPrice>
      <UnitOfMeasurePrice>25</UnitOfMeasurePrice>
      <AllowDiscount>1</AllowDiscount>
      <itemStatus>1</itemStatus>
      <LastUpdateDate />
      <LastUpdateTime />
    </Product>
    <Product>
      <PriceUpdateDate>2019/07/17 08:12</PriceUpdateDate>
      <ItemCode>7290012116193</ItemCode>
      <ItemType>1</ItemType>
      <ItemName>סנובון לאסלה לבנדר סנו 3 יחידות</ItemName>
      <ManufactureName>החב הדרומית לשיווק</ManufactureName>
      <ManufactureCountry />
      <ManufactureItemDescription />
      <UnitQty>י"ח</UnitQty>
      <Quantity>0</Quantity>
      <UnitMeasure>י"ח</UnitMeasure>
      <BisWeighted>0</BisWeighted>
      <QtyInPackage>1</QtyInPackage>
      <ItemPrice>14.90</ItemPrice>
      <UnitOfMeasurePrice>14.90</UnitOfMeasurePrice>
      <AllowDiscount>1</AllowDiscount>
      <itemStatus>1</itemStatus>
      <LastUpdateDate />
      <LastUpdateTime />
    </Product>
    <Product>
      <PriceUpdateDate>2020/01/13 10:05</PriceUpdateDate>
      <ItemCode>7290012116360</ItemCode>
      <ItemType>1</ItemType>
      <ItemName>פוליווקס 2 ל  גרניט פורצל</ItemName>
      <ManufactureName>החב הדרומית לשיווק</ManufactureName>
      <ManufactureCountry />
      <ManufactureItemDescription />
      <UnitQty>י"ח</UnitQty>
      <Quantity>2</Quantity>
      <UnitMeasure>ליטר</UnitMeasure>
      <BisWeighted>0</BisWeighted>
      <QtyInPackage>1</QtyInPackage>
      <ItemPrice>19.90</ItemPrice>
      <UnitOfMeasurePrice>9.95</UnitOfMeasurePrice>
      <AllowDiscount>1</AllowDiscount>
      <itemStatus>1</itemStatus>
      <LastUpdateDate />
      <LastUpdateTime />
    </Product>
    <Product>
      <PriceUpdateDate>2019/12/04 13:48</PriceUpdateDate>
      <ItemCode>7290012116612</ItemCode>
      <ItemType>1</ItemType>
      <ItemName>אורביטול מברשות שיניים רביעיות</ItemName>
      <ManufactureName>החב הדרומית לשיווק</ManufactureName>
      <ManufactureCountry />
      <ManufactureItemDescription />
      <UnitQty>י"ח</UnitQty>
      <Quantity>1</Quantity>
      <UnitMeasure />
      <BisWeighted>0</BisWeighted>
      <QtyInPackage>1</QtyInPackage>
      <ItemPrice>11.90</ItemPrice>
      <UnitOfMeasurePrice>11.90</UnitOfMeasurePrice>
      <AllowDiscount>1</AllowDiscount>
      <itemStatus>1</itemStatus>
      <LastUpdateDate />
      <LastUpdateTime />
    </Product>
    <Product>
      <PriceUpdateDate>2020/01/12 13:26</PriceUpdateDate>
      <ItemCode>7290012116674</ItemCode>
      <ItemType>1</ItemType>
      <ItemName>ק.מן  דאו`ג`ל קול 75</ItemName>
      <ManufactureName>החב הדרומית לשיווק</ManufactureName>
      <ManufactureCountry />
      <ManufactureItemDescription />
      <UnitQty>י"ח</UnitQty>
      <Quantity>7500</Quantity>
      <UnitMeasure>ל  מ"ל</UnitMeasure>
      <BisWeighted>0</BisWeighted>
      <QtyInPackage>1</QtyInPackage>
      <ItemPrice>14.90</ItemPrice>
      <UnitOfMeasurePrice>0.20</UnitOfMeasurePrice>
      <AllowDiscount>1</AllowDiscount>
      <itemStatus>1</itemStatus>
      <LastUpdateDate />
      <LastUpdateTime />
    </Product>
    <Product>
      <PriceUpdateDate>2020/01/12 13:26</PriceUpdateDate>
      <ItemCode>7290012116681</ItemCode>
      <ItemType>1</ItemType>
      <ItemName>ק. מן  דאו`ג`ל קלאם 75</ItemName>
      <ManufactureName>החב הדרומית לשיווק</ManufactureName>
      <ManufactureCountry />
      <ManufactureItemDescription />
      <UnitQty>י"ח</UnitQty>
      <Quantity>7500</Quantity>
      <UnitMeasure>ל  מ"ל</UnitMeasure>
      <BisWeighted>0</BisWeighted>
      <QtyInPackage>1</QtyInPackage>
      <ItemPrice>14.90</ItemPrice>
      <UnitOfMeasurePrice>0.20</UnitOfMeasurePrice>
      <AllowDiscount>1</AllowDiscount>
      <itemStatus>1</itemStatus>
      <LastUpdateDate />
      <LastUpdateTime />
    </Product>
    <Product>
      <PriceUpdateDate>2016/08/25 08:16</PriceUpdateDate>
      <ItemCode>7290012116698</ItemCode>
      <ItemType>1</ItemType>
      <ItemName>ק.מן  דאו`ג`ל אולטימי</ItemName>
      <ManufactureName>החב הדרומית לשיווק</ManufactureName>
      <ManufactureCountry />
      <ManufactureItemDescription />
      <UnitQty>י"ח</UnitQty>
      <Quantity>7500</Quantity>
      <UnitMeasure>ל  מ"ל</UnitMeasure>
      <BisWeighted>0</BisWeighted>
      <QtyInPackage>1</QtyInPackage>
      <ItemPrice>14.90</ItemPrice>
      <UnitOfMeasurePrice>0.20</UnitOfMeasurePrice>
      <AllowDiscount>1</AllowDiscount>
      <itemStatus>1</itemStatus>
      <LastUpdateDate />
      <LastUpdateTime />
    </Product>
    <Product>
      <PriceUpdateDate>2016/08/25 08:16</PriceUpdateDate>
      <ItemCode>7290012116704</ItemCode>
      <ItemType>1</ItemType>
      <ItemName>ק.מן  דאו`ג`ל פאוור</ItemName>
      <ManufactureName>החב הדרומית לשיווק</ManufactureName>
      <ManufactureCountry />
      <ManufactureItemDescription />
      <UnitQty>י"ח</UnitQty>
      <Quantity>7500</Quantity>
      <UnitMeasure>ל  מ"ל</UnitMeasure>
      <BisWeighted>0</BisWeighted>
      <QtyInPackage>1</QtyInPackage>
      <ItemPrice>14.90</ItemPrice>
      <UnitOfMeasurePrice>0.20</UnitOfMeasurePrice>
      <AllowDiscount>1</AllowDiscount>
      <itemStatus>1</itemStatus>
      <LastUpdateDate />
      <LastUpdateTime />
    </Product>
    <Product>
      <PriceUpdateDate>2019/12/04 13:48</PriceUpdateDate>
      <ItemCode>7290012117039</ItemCode>
      <ItemType>1</ItemType>
      <ItemName>סנו 00 לאמבטיה 1 ל`.</ItemName>
      <ManufactureName>החב הדרומית לשיווק</ManufactureName>
      <ManufactureCountry />
      <ManufactureItemDescription />
      <UnitQty>י"ח</UnitQty>
      <Quantity>1</Quantity>
      <UnitMeasure>ליטר</UnitMeasure>
      <BisWeighted>0</BisWeighted>
      <QtyInPackage>1</QtyInPackage>
      <ItemPrice>9.90</ItemPrice>
      <UnitOfMeasurePrice>9.90</UnitOfMeasurePrice>
      <AllowDiscount>1</AllowDiscount>
      <itemStatus>1</itemStatus>
      <LastUpdateDate />
      <LastUpdateTime />
    </Product>
    <Product>
      <PriceUpdateDate>2019/12/04 13:48</PriceUpdateDate>
      <ItemCode>7290012117091</ItemCode>
      <ItemType>1</ItemType>
      <ItemName>סנו מקסימה סנסיטיב 6 ק"ג</ItemName>
      <ManufactureName>החב הדרומית לשיווק</ManufactureName>
      <ManufactureCountry />
      <ManufactureItemDescription />
      <UnitQty>י"ח</UnitQty>
      <Quantity>6</Quantity>
      <UnitMeasure>קוב</UnitMeasure>
      <BisWeighted>0</BisWeighted>
      <QtyInPackage>1</QtyInPackage>
      <ItemPrice>44.90</ItemPrice>
      <UnitOfMeasurePrice>7.48</UnitOfMeasurePrice>
      <AllowDiscount>1</AllowDiscount>
      <itemStatus>1</itemStatus>
      <LastUpdateDate />
      <LastUpdateTime />
    </Product>
    <Product>
      <PriceUpdateDate>2019/12/04 13:48</PriceUpdateDate>
      <ItemCode>7290012117534</ItemCode>
      <ItemType>1</ItemType>
      <ItemName>מרכך מקסימה סופר מרוכז COOL 1 ליטר</ItemName>
      <ManufactureName>החב הדרומית לשיווק</ManufactureName>
      <ManufactureCountry />
      <ManufactureItemDescription />
      <UnitQty>י"ח</UnitQty>
      <Quantity>1</Quantity>
      <UnitMeasure>ליטר</UnitMeasure>
      <BisWeighted>0</BisWeighted>
      <QtyInPackage>1</QtyInPackage>
      <ItemPrice>15.90</ItemPrice>
      <UnitOfMeasurePrice>15.90</UnitOfMeasurePrice>
      <AllowDiscount>1</AllowDiscount>
      <itemStatus>1</itemStatus>
      <LastUpdateDate />
      <LastUpdateTime />
    </Product>
    <Product>
      <PriceUpdateDate>2019/12/04 13:48</PriceUpdateDate>
      <ItemCode>7290012117541</ItemCode>
      <ItemType>1</ItemType>
      <ItemName>מרכך מקסימה סופר מרוכז ZEN 1ליטר</ItemName>
      <ManufactureName>החב הדרומית לשיווק</ManufactureName>
      <ManufactureCountry />
      <ManufactureItemDescription />
      <UnitQty>י"ח</UnitQty>
      <Quantity>1</Quantity>
      <UnitMeasure>ליטר</UnitMeasure>
      <BisWeighted>0</BisWeighted>
      <QtyInPackage>1</QtyInPackage>
      <ItemPrice>15.90</ItemPrice>
      <UnitOfMeasurePrice>15.90</UnitOfMeasurePrice>
      <AllowDiscount>1</AllowDiscount>
      <itemStatus>1</itemStatus>
      <LastUpdateDate />
      <LastUpdateTime />
    </Product>
    <Product>
      <PriceUpdateDate>2019/12/04 13:48</PriceUpdateDate>
      <ItemCode>7290012117558</ItemCode>
      <ItemType>1</ItemType>
      <ItemName>מרכך מקסימה סופר מרוכז מאסק 1 ליטר</ItemName>
      <ManufactureName>החב הדרומית לשיווק</ManufactureName>
      <ManufactureCountry />
      <ManufactureItemDescription />
      <UnitQty>י"ח</UnitQty>
      <Quantity>1</Quantity>
      <UnitMeasure>ליטר</UnitMeasure>
      <BisWeighted>0</BisWeighted>
      <QtyInPackage>1</QtyInPackage>
      <ItemPrice>15.90</ItemPrice>
      <UnitOfMeasurePrice>15.90</UnitOfMeasurePrice>
      <AllowDiscount>1</AllowDiscount>
      <itemStatus>1</itemStatus>
      <LastUpdateDate />
      <LastUpdateTime />
    </Product>
    <Product>
      <PriceUpdateDate>2020/04/14 07:52</PriceUpdateDate>
      <ItemCode>7290012117565</ItemCode>
      <ItemType>1</ItemType>
      <ItemName>סנו סושי כפפות לטקס 100 יח`S</ItemName>
      <ManufactureName>החב הדרומית לשיווק</ManufactureName>
      <ManufactureCountry />
      <ManufactureItemDescription />
      <UnitQty>י"ח</UnitQty>
      <Quantity>1</Quantity>
      <UnitMeasure />
      <BisWeighted>0</BisWeighted>
      <QtyInPackage>1</QtyInPackage>
      <ItemPrice>25.90</ItemPrice>
      <UnitOfMeasurePrice>25.90</UnitOfMeasurePrice>
      <AllowDiscount>1</AllowDiscount>
      <itemStatus>1</itemStatus>
      <LastUpdateDate />
      <LastUpdateTime />
    </Product>
    <Product>
      <PriceUpdateDate>2020/04/14 07:52</PriceUpdateDate>
      <ItemCode>7290012117572</ItemCode>
      <ItemType>1</ItemType>
      <ItemName>סנו סושי כפפות לטקס 100 יח`M</ItemName>
      <ManufactureName>החב הדרומית לשיווק</ManufactureName>
      <ManufactureCountry />
      <ManufactureItemDescription />
      <UnitQty>י"ח</UnitQty>
      <Quantity>1</Quantity>
      <UnitMeasure />
      <BisWeighted>0</BisWeighted>
      <QtyInPackage>1</QtyInPackage>
      <ItemPrice>25.90</ItemPrice>
      <UnitOfMeasurePrice>25.90</UnitOfMeasurePrice>
      <AllowDiscount>1</AllowDiscount>
      <itemStatus>1</itemStatus>
      <LastUpdateDate />
      <LastUpdateTime />
    </Product>
    <Product>
      <PriceUpdateDate>2020/04/14 07:52</PriceUpdateDate>
      <ItemCode>7290012117589</ItemCode>
      <ItemType>1</ItemType>
      <ItemName>סנו סושי כפפות לטקס 100 יח`L</ItemName>
      <ManufactureName>החב הדרומית לשיווק</ManufactureName>
      <ManufactureCountry />
      <ManufactureItemDescription />
      <UnitQty>י"ח</UnitQty>
      <Quantity>1</Quantity>
      <UnitMeasure />
      <BisWeighted>0</BisWeighted>
      <QtyInPackage>1</QtyInPackage>
      <ItemPrice>25.90</ItemPrice>
      <UnitOfMeasurePrice>25.90</UnitOfMeasurePrice>
      <AllowDiscount>1</AllowDiscount>
      <itemStatus>1</itemStatus>
      <LastUpdateDate />
      <LastUpdateTime />
    </Product>
    <Product>
      <PriceUpdateDate>2019/08/28 13:26</PriceUpdateDate>
      <ItemCode>7290012117626</ItemCode>
      <ItemType>1</ItemType>
      <ItemName>אורביטול קיד מי פה בב ספוג 250 מ"ל</ItemName>
      <ManufactureName>החב הדרומית לשיווק</ManufactureName>
      <ManufactureCountry />
      <ManufactureItemDescription />
      <UnitQty>י"ח</UnitQty>
      <Quantity>250</Quantity>
      <UnitMeasure>ל  מ"ל</UnitMeasure>
      <BisWeighted>0</BisWeighted>
      <QtyInPackage>1</QtyInPackage>
      <ItemPrice>11.90</ItemPrice>
      <UnitOfMeasurePrice>4.76</UnitOfMeasurePrice>
      <AllowDiscount>1</AllowDiscount>
      <itemStatus>1</itemStatus>
      <LastUpdateDate />
      <LastUpdateTime />
    </Product>
    <Product>
      <PriceUpdateDate>2020/04/30 10:45</PriceUpdateDate>
      <ItemCode>7290012173615</ItemCode>
      <ItemType>1</ItemType>
      <ItemName>פקאן סיני 150 גרם</ItemName>
      <ManufactureName>זארובי פיצוחי הגליל</ManufactureName>
      <ManufactureCountry />
      <ManufactureItemDescription />
      <UnitQty>י"ח</UnitQty>
      <Quantity>150</Quantity>
      <UnitMeasure>ל  גרם</UnitMeasure>
      <BisWeighted>0</BisWeighted>
      <QtyInPackage>1</QtyInPackage>
      <ItemPrice>21.90</ItemPrice>
      <UnitOfMeasurePrice>14.60</UnitOfMeasurePrice>
      <AllowDiscount>1</AllowDiscount>
      <itemStatus>1</itemStatus>
      <LastUpdateDate />
      <LastUpdateTime />
    </Product>
    <Product>
      <PriceUpdateDate>2020/04/30 10:45</PriceUpdateDate>
      <ItemCode>7290012173837</ItemCode>
      <ItemType>1</ItemType>
      <ItemName>קשיו 170גר</ItemName>
      <ManufactureName>זארובי פיצוחי הגליל</ManufactureName>
      <ManufactureCountry />
      <ManufactureItemDescription />
      <UnitQty>י"ח</UnitQty>
      <Quantity>170</Quantity>
      <UnitMeasure>ל  גרם</UnitMeasure>
      <BisWeighted>0</BisWeighted>
      <QtyInPackage>1</QtyInPackage>
      <ItemPrice>14.90</ItemPrice>
      <UnitOfMeasurePrice>8.76</UnitOfMeasurePrice>
      <AllowDiscount>1</AllowDiscount>
      <itemStatus>1</itemStatus>
      <LastUpdateDate />
      <LastUpdateTime />
    </Product>
    <Product>
      <PriceUpdateDate>2018/11/26 10:37</PriceUpdateDate>
      <ItemCode>7290012173844</ItemCode>
      <ItemType>1</ItemType>
      <ItemName>שקד קלוי 170גר</ItemName>
      <ManufactureName>זארובי פיצוחי הגליל</ManufactureName>
      <ManufactureCountry />
      <ManufactureItemDescription />
      <UnitQty>י"ח</UnitQty>
      <Quantity>170</Quantity>
      <UnitMeasure>ל  גרם</UnitMeasure>
      <BisWeighted>0</BisWeighted>
      <QtyInPackage>1</QtyInPackage>
      <ItemPrice>15.90</ItemPrice>
      <UnitOfMeasurePrice>9.35</UnitOfMeasurePrice>
      <AllowDiscount>1</AllowDiscount>
      <itemStatus>1</itemStatus>
      <LastUpdateDate />
      <LastUpdateTime />
    </Product>
    <Product>
      <PriceUpdateDate>2014/06/16 10:01</PriceUpdateDate>
      <ItemCode>7290012191084</ItemCode>
      <ItemType>1</ItemType>
      <ItemName>גפרורים 10 יחידות</ItemName>
      <ManufactureName>הנמל אריזות ושווק בעמ</ManufactureName>
      <ManufactureCountry />
      <ManufactureItemDescription />
      <UnitQty>י"ח</UnitQty>
      <Quantity>10</Quantity>
      <UnitMeasure>י"ח</UnitMeasure>
      <BisWeighted>0</BisWeighted>
      <QtyInPackage>1</QtyInPackage>
      <ItemPrice>4</ItemPrice>
      <UnitOfMeasurePrice>0.40</UnitOfMeasurePrice>
      <AllowDiscount>1</AllowDiscount>
      <itemStatus>1</itemStatus>
      <LastUpdateDate />
      <LastUpdateTime />
    </Product>
    <Product>
      <PriceUpdateDate>2018/12/18 08:15</PriceUpdateDate>
      <ItemCode>7290012193415</ItemCode>
      <ItemType>1</ItemType>
      <ItemName>טואלט דאק ג`ל אסלה</ItemName>
      <ManufactureName>דנשר (1963) בעמ</ManufactureName>
      <ManufactureCountry />
      <ManufactureItemDescription />
      <UnitQty>י"ח</UnitQty>
      <Quantity>1</Quantity>
      <UnitMeasure />
      <BisWeighted>0</BisWeighted>
      <QtyInPackage>1</QtyInPackage>
      <ItemPrice>11.90</ItemPrice>
      <UnitOfMeasurePrice>11.90</UnitOfMeasurePrice>
      <AllowDiscount>1</AllowDiscount>
      <itemStatus>1</itemStatus>
      <LastUpdateDate />
      <LastUpdateTime />
    </Product>
    <Product>
      <PriceUpdateDate>2019/03/06 08:56</PriceUpdateDate>
      <ItemCode>7290012226007</ItemCode>
      <ItemType>1</ItemType>
      <ItemName>נקניקיות מרגז 400גר`</ItemName>
      <ManufactureName>זוגלובק שיווק בעמ</ManufactureName>
      <ManufactureCountry />
      <ManufactureItemDescription />
      <UnitQty>י"ח</UnitQty>
      <Quantity>400</Quantity>
      <UnitMeasure>ל  גרם</UnitMeasure>
      <BisWeighted>0</BisWeighted>
      <QtyInPackage>1</QtyInPackage>
      <ItemPrice>22.90</ItemPrice>
      <UnitOfMeasurePrice>5.73</UnitOfMeasurePrice>
      <AllowDiscount>1</AllowDiscount>
      <itemStatus>1</itemStatus>
      <LastUpdateDate />
      <LastUpdateTime />
    </Product>
    <Product>
      <PriceUpdateDate>2014/01/03 13:46</PriceUpdateDate>
      <ItemCode>7290012226021</ItemCode>
      <ItemType>1</ItemType>
      <ItemName>סלמי מעושן פראג 400 ג`</ItemName>
      <ManufactureName>זוגלובק שיווק בעמ</ManufactureName>
      <ManufactureCountry />
      <ManufactureItemDescription />
      <UnitQty>י"ח</UnitQty>
      <Quantity>400</Quantity>
      <UnitMeasure>ל  גרם</UnitMeasure>
      <BisWeighted>0</BisWeighted>
      <QtyInPackage>1</QtyInPackage>
      <ItemPrice>20.90</ItemPrice>
      <UnitOfMeasurePrice>5.23</UnitOfMeasurePrice>
      <AllowDiscount>1</AllowDiscount>
      <itemStatus>1</itemStatus>
      <LastUpdateDate />
      <LastUpdateTime />
    </Product>
    <Product>
      <PriceUpdateDate>2019/03/06 08:56</PriceUpdateDate>
      <ItemCode>7290012226977</ItemCode>
      <ItemType>1</ItemType>
      <ItemName>המבורגר בקר 100% רכיבים טבעיים 400גרם</ItemName>
      <ManufactureName>זוגלובק שיווק בעמ</ManufactureName>
      <ManufactureCountry />
      <ManufactureItemDescription />
      <UnitQty>י"ח</UnitQty>
      <Quantity>400</Quantity>
      <UnitMeasure>ל  גרם</UnitMeasure>
      <BisWeighted>0</BisWeighted>
      <QtyInPackage>1</QtyInPackage>
      <ItemPrice>22.90</ItemPrice>
      <UnitOfMeasurePrice>5.73</UnitOfMeasurePrice>
      <AllowDiscount>1</AllowDiscount>
      <itemStatus>1</itemStatus>
      <LastUpdateDate />
      <LastUpdateTime />
    </Product>
    <Product>
      <PriceUpdateDate>2014/01/03 13:46</PriceUpdateDate>
      <ItemCode>7290012227172</ItemCode>
      <ItemType>1</ItemType>
      <ItemName>מארז פסטרמה כפרית חרמון 300גר+300גר</ItemName>
      <ManufactureName>זוגלובק שיווק בעמ</ManufactureName>
      <ManufactureCountry />
      <ManufactureItemDescription />
      <UnitQty>י"ח</UnitQty>
      <Quantity>600</Quantity>
      <UnitMeasure>ל  גרם</UnitMeasure>
      <BisWeighted>0</BisWeighted>
      <QtyInPackage>1</QtyInPackage>
      <ItemPrice>34.90</ItemPrice>
      <UnitOfMeasurePrice>5.82</UnitOfMeasurePrice>
      <AllowDiscount>1</AllowDiscount>
      <itemStatus>1</itemStatus>
      <LastUpdateDate />
      <LastUpdateTime />
    </Product>
    <Product>
      <PriceUpdateDate>2019/01/13 12:20</PriceUpdateDate>
      <ItemCode>7290012227325</ItemCode>
      <ItemType>1</ItemType>
      <ItemName>סלמי מעושן איטלקי דק דק דק 120גר`</ItemName>
      <ManufactureName>זוגלובק שיווק בעמ</ManufactureName>
      <ManufactureCountry />
      <ManufactureItemDescription />
      <UnitQty>י"ח</UnitQty>
      <Quantity>120</Quantity>
      <UnitMeasure>ל  גרם</UnitMeasure>
      <BisWeighted>0</BisWeighted>
      <QtyInPackage>1</QtyInPackage>
      <ItemPrice>13.90</ItemPrice>
      <UnitOfMeasurePrice>11.58</UnitOfMeasurePrice>
      <AllowDiscount>1</AllowDiscount>
      <itemStatus>1</itemStatus>
      <LastUpdateDate />
      <LastUpdateTime />
    </Product>
    <Product>
      <PriceUpdateDate>2014/10/01 10:10</PriceUpdateDate>
      <ItemCode>7290012227592</ItemCode>
      <ItemType>1</ItemType>
      <ItemName>זוג חברון כפרית ותה 2*350גר מחפוד</ItemName>
      <ManufactureName>זוגלובק שיווק בעמ</ManufactureName>
      <ManufactureCountry />
      <ManufactureItemDescription />
      <UnitQty>י"ח</UnitQty>
      <Quantity>700</Quantity>
      <UnitMeasure>ל  גרם</UnitMeasure>
      <BisWeighted>0</BisWeighted>
      <QtyInPackage>1</QtyInPackage>
      <ItemPrice>33.90</ItemPrice>
      <UnitOfMeasurePrice>4.84</UnitOfMeasurePrice>
      <AllowDiscount>1</AllowDiscount>
      <itemStatus>1</itemStatus>
      <LastUpdateDate />
      <LastUpdateTime />
    </Product>
    <Product>
      <PriceUpdateDate>2014/10/01 10:10</PriceUpdateDate>
      <ItemCode>7290012227608</ItemCode>
      <ItemType>1</ItemType>
      <ItemName>זוג חרמון כפרית וכפרית ברביקיו 2*300 מחפ</ItemName>
      <ManufactureName>זוגלובק שיווק בעמ</ManufactureName>
      <ManufactureCountry />
      <ManufactureItemDescription />
      <UnitQty>י"ח</UnitQty>
      <Quantity>600</Quantity>
      <UnitMeasure>ל  גרם</UnitMeasure>
      <BisWeighted>0</BisWeighted>
      <QtyInPackage>1</QtyInPackage>
      <ItemPrice>36.90</ItemPrice>
      <UnitOfMeasurePrice>6.15</UnitOfMeasurePrice>
      <AllowDiscount>1</AllowDiscount>
      <itemStatus>1</itemStatus>
      <LastUpdateDate />
      <LastUpdateTime />
    </Product>
    <Product>
      <PriceUpdateDate>2014/10/01 10:10</PriceUpdateDate>
      <ItemCode>7290012227615</ItemCode>
      <ItemType>1</ItemType>
      <ItemName>נקניקיות עוף 800גר</ItemName>
      <ManufactureName>זוגלובק שיווק בעמ</ManufactureName>
      <ManufactureCountry />
      <ManufactureItemDescription />
      <UnitQty>י"ח</UnitQty>
      <Quantity>800</Quantity>
      <UnitMeasure>ל  גרם</UnitMeasure>
      <BisWeighted>0</BisWeighted>
      <QtyInPackage>1</QtyInPackage>
      <ItemPrice>24.90</ItemPrice>
      <UnitOfMeasurePrice>3.11</UnitOfMeasurePrice>
      <AllowDiscount>1</AllowDiscount>
      <itemStatus>1</itemStatus>
      <LastUpdateDate />
      <LastUpdateTime />
    </Product>
    <Product>
      <PriceUpdateDate>2014/10/01 10:10</PriceUpdateDate>
      <ItemCode>7290012227622</ItemCode>
      <ItemType>1</ItemType>
      <ItemName>חרמון כפרית דבש 400גר מחפוד</ItemName>
      <ManufactureName>זוגלובק שיווק בעמ</ManufactureName>
      <ManufactureCountry />
      <ManufactureItemDescription />
      <UnitQty>י"ח</UnitQty>
      <Quantity>400</Quantity>
      <UnitMeasure>ל  גרם</UnitMeasure>
      <BisWeighted>0</BisWeighted>
      <QtyInPackage>1</QtyInPackage>
      <ItemPrice>21.90</ItemPrice>
      <UnitOfMeasurePrice>5.48</UnitOfMeasurePrice>
      <AllowDiscount>1</AllowDiscount>
      <itemStatus>1</itemStatus>
      <LastUpdateDate />
      <LastUpdateTime />
    </Product>
    <Product>
      <PriceUpdateDate>2015/02/26 08:35</PriceUpdateDate>
      <ItemCode>7290012227769</ItemCode>
      <ItemType>1</ItemType>
      <ItemName>פסטרמה ברביקיו 400גר מחפוד</ItemName>
      <ManufactureName>זוגלובק שיווק בעמ</ManufactureName>
      <ManufactureCountry />
      <ManufactureItemDescription />
      <UnitQty>י"ח</UnitQty>
      <Quantity>400</Quantity>
      <UnitMeasure>ל  גרם</UnitMeasure>
      <BisWeighted>0</BisWeighted>
      <QtyInPackage>1</QtyInPackage>
      <ItemPrice>20.90</ItemPrice>
      <UnitOfMeasurePrice>5.23</UnitOfMeasurePrice>
      <AllowDiscount>1</AllowDiscount>
      <itemStatus>1</itemStatus>
      <LastUpdateDate />
      <LastUpdateTime />
    </Product>
    <Product>
      <PriceUpdateDate>2015/02/25 08:04</PriceUpdateDate>
      <ItemCode>7290012227776</ItemCode>
      <ItemType>1</ItemType>
      <ItemName>פסטרמה הודו 400גר מחפוד</ItemName>
      <ManufactureName>זוגלובק שיווק בעמ</ManufactureName>
      <ManufactureCountry />
      <ManufactureItemDescription />
      <UnitQty>י"ח</UnitQty>
      <Quantity>400</Quantity>
      <UnitMeasure>ל  גרם</UnitMeasure>
      <BisWeighted>0</BisWeighted>
      <QtyInPackage>1</QtyInPackage>
      <ItemPrice>20.90</ItemPrice>
      <UnitOfMeasurePrice>5.23</UnitOfMeasurePrice>
      <AllowDiscount>1</AllowDiscount>
      <itemStatus>1</itemStatus>
      <LastUpdateDate />
      <LastUpdateTime />
    </Product>
    <Product>
      <PriceUpdateDate>2015/02/25 08:04</PriceUpdateDate>
      <ItemCode>7290012227783</ItemCode>
      <ItemType>1</ItemType>
      <ItemName>תה מעושן 400גר מחפוד</ItemName>
      <ManufactureName>זוגלובק שיווק בעמ</ManufactureName>
      <ManufactureCountry />
      <ManufactureItemDescription />
      <UnitQty>י"ח</UnitQty>
      <Quantity>400</Quantity>
      <UnitMeasure>ל  גרם</UnitMeasure>
      <BisWeighted>0</BisWeighted>
      <QtyInPackage>1</QtyInPackage>
      <ItemPrice>20.90</ItemPrice>
      <UnitOfMeasurePrice>5.23</UnitOfMeasurePrice>
      <AllowDiscount>1</AllowDiscount>
      <itemStatus>1</itemStatus>
      <LastUpdateDate />
      <LastUpdateTime />
    </Product>
    <Product>
      <PriceUpdateDate>2016/07/26 09:48</PriceUpdateDate>
      <ItemCode>7290012227851</ItemCode>
      <ItemType>1</ItemType>
      <ItemName>קריספי סטיקס פלאפל 500גר</ItemName>
      <ManufactureName>זוגלובק שיווק בעמ</ManufactureName>
      <ManufactureCountry />
      <ManufactureItemDescription />
      <UnitQty>י"ח</UnitQty>
      <Quantity>500</Quantity>
      <UnitMeasure>ל  גרם</UnitMeasure>
      <BisWeighted>0</BisWeighted>
      <QtyInPackage>1</QtyInPackage>
      <ItemPrice>16.90</ItemPrice>
      <UnitOfMeasurePrice>3.38</UnitOfMeasurePrice>
      <AllowDiscount>1</AllowDiscount>
      <itemStatus>1</itemStatus>
      <LastUpdateDate />
      <LastUpdateTime />
    </Product>
    <Product>
      <PriceUpdateDate>2017/04/24 08:16</PriceUpdateDate>
      <ItemCode>7290012227882</ItemCode>
      <ItemType>1</ItemType>
      <ItemName>קריספי סטיקס גריל 500גר</ItemName>
      <ManufactureName>זוגלובק שיווק בעמ</ManufactureName>
      <ManufactureCountry />
      <ManufactureItemDescription />
      <UnitQty>י"ח</UnitQty>
      <Quantity>500</Quantity>
      <UnitMeasure>ל  גרם</UnitMeasure>
      <BisWeighted>0</BisWeighted>
      <QtyInPackage>1</QtyInPackage>
      <ItemPrice>16.90</ItemPrice>
      <UnitOfMeasurePrice>3.38</UnitOfMeasurePrice>
      <AllowDiscount>1</AllowDiscount>
      <itemStatus>1</itemStatus>
      <LastUpdateDate />
      <LastUpdateTime />
    </Product>
    <Product>
      <PriceUpdateDate>2019/01/13 12:20</PriceUpdateDate>
      <ItemCode>7290012227974</ItemCode>
      <ItemType>1</ItemType>
      <ItemName>פסטרמה בדבש  120גר`</ItemName>
      <ManufactureName>זוגלובק שיווק בעמ</ManufactureName>
      <ManufactureCountry />
      <ManufactureItemDescription />
      <UnitQty>י"ח</UnitQty>
      <Quantity>120</Quantity>
      <UnitMeasure>ל  גרם</UnitMeasure>
      <BisWeighted>0</BisWeighted>
      <QtyInPackage>1</QtyInPackage>
      <ItemPrice>13.90</ItemPrice>
      <UnitOfMeasurePrice>11.58</UnitOfMeasurePrice>
      <AllowDiscount>1</AllowDiscount>
      <itemStatus>1</itemStatus>
      <LastUpdateDate />
      <LastUpdateTime />
    </Product>
    <Product>
      <PriceUpdateDate>2019/01/13 12:20</PriceUpdateDate>
      <ItemCode>7290012227981</ItemCode>
      <ItemType>1</ItemType>
      <ItemName>פסטרמה ברביקיו 120גר`</ItemName>
      <ManufactureName>זוגלובק שיווק בעמ</ManufactureName>
      <ManufactureCountry />
      <ManufactureItemDescription />
      <UnitQty>י"ח</UnitQty>
      <Quantity>120</Quantity>
      <UnitMeasure>ל  גרם</UnitMeasure>
      <BisWeighted>0</BisWeighted>
      <QtyInPackage>1</QtyInPackage>
      <ItemPrice>13.90</ItemPrice>
      <UnitOfMeasurePrice>11.58</UnitOfMeasurePrice>
      <AllowDiscount>1</AllowDiscount>
      <itemStatus>1</itemStatus>
      <LastUpdateDate />
      <LastUpdateTime />
    </Product>
    <Product>
      <PriceUpdateDate>2019/01/13 12:20</PriceUpdateDate>
      <ItemCode>7290012227998</ItemCode>
      <ItemType>1</ItemType>
      <ItemName>חזה בקר 120גר`</ItemName>
      <ManufactureName>זוגלובק שיווק בעמ</ManufactureName>
      <ManufactureCountry />
      <ManufactureItemDescription />
      <UnitQty>י"ח</UnitQty>
      <Quantity>120</Quantity>
      <UnitMeasure>ל  גרם</UnitMeasure>
      <BisWeighted>0</BisWeighted>
      <QtyInPackage>1</QtyInPackage>
      <ItemPrice>13.90</ItemPrice>
      <UnitOfMeasurePrice>11.58</UnitOfMeasurePrice>
      <AllowDiscount>1</AllowDiscount>
      <itemStatus>1</itemStatus>
      <LastUpdateDate />
      <LastUpdateTime />
    </Product>
    <Product>
      <PriceUpdateDate>2017/11/22 08:54</PriceUpdateDate>
      <ItemCode>7290012228186</ItemCode>
      <ItemType>1</ItemType>
      <ItemName>בורקס מיני גבינה 400 גרם</ItemName>
      <ManufactureName>זוגלובק שיווק בעמ</ManufactureName>
      <ManufactureCountry />
      <ManufactureItemDescription />
      <UnitQty>י"ח</UnitQty>
      <Quantity>400</Quantity>
      <UnitMeasure>ל  גרם</UnitMeasure>
      <BisWeighted>0</BisWeighted>
      <QtyInPackage>1</QtyInPackage>
      <ItemPrice>13.90</ItemPrice>
      <UnitOfMeasurePrice>3.48</UnitOfMeasurePrice>
      <AllowDiscount>1</AllowDiscount>
      <itemStatus>1</itemStatus>
      <LastUpdateDate />
      <LastUpdateTime />
    </Product>
    <Product>
      <PriceUpdateDate>2017/11/22 08:54</PriceUpdateDate>
      <ItemCode>7290012228193</ItemCode>
      <ItemType>1</ItemType>
      <ItemName>בורקס מיני תפו"א 400 גרם</ItemName>
      <ManufactureName>זוגלובק שיווק בעמ</ManufactureName>
      <ManufactureCountry />
      <ManufactureItemDescription />
      <UnitQty>י"ח</UnitQty>
      <Quantity>400</Quantity>
      <UnitMeasure>ל  גרם</UnitMeasure>
      <BisWeighted>0</BisWeighted>
      <QtyInPackage>1</QtyInPackage>
      <ItemPrice>13.90</ItemPrice>
      <UnitOfMeasurePrice>3.48</UnitOfMeasurePrice>
      <AllowDiscount>1</AllowDiscount>
      <itemStatus>1</itemStatus>
      <LastUpdateDate />
      <LastUpdateTime />
    </Product>
    <Product>
      <PriceUpdateDate>2019/01/13 12:20</PriceUpdateDate>
      <ItemCode>7290012228230</ItemCode>
      <ItemType>1</ItemType>
      <ItemName>פסטרמה חזה עוף 120גר`</ItemName>
      <ManufactureName>זוגלובק שיווק בעמ</ManufactureName>
      <ManufactureCountry />
      <ManufactureItemDescription />
      <UnitQty>י"ח</UnitQty>
      <Quantity>120</Quantity>
      <UnitMeasure>ל  גרם</UnitMeasure>
      <BisWeighted>0</BisWeighted>
      <QtyInPackage>1</QtyInPackage>
      <ItemPrice>13.90</ItemPrice>
      <UnitOfMeasurePrice>11.58</UnitOfMeasurePrice>
      <AllowDiscount>1</AllowDiscount>
      <itemStatus>1</itemStatus>
      <LastUpdateDate />
      <LastUpdateTime />
    </Product>
    <Product>
      <PriceUpdateDate>2019/06/27 08:25</PriceUpdateDate>
      <ItemCode>7290012228247</ItemCode>
      <ItemType>1</ItemType>
      <ItemName>המבורגר טקסס 1.4 קג מגשית</ItemName>
      <ManufactureName>זוגלובק שיווק בעמ</ManufactureName>
      <ManufactureCountry />
      <ManufactureItemDescription />
      <UnitQty>י"ח</UnitQty>
      <Quantity>1.40</Quantity>
      <UnitMeasure>ק"ג</UnitMeasure>
      <BisWeighted>0</BisWeighted>
      <QtyInPackage>1</QtyInPackage>
      <ItemPrice>49.90</ItemPrice>
      <UnitOfMeasurePrice>35.64</UnitOfMeasurePrice>
      <AllowDiscount>1</AllowDiscount>
      <itemStatus>1</itemStatus>
      <LastUpdateDate />
      <LastUpdateTime />
    </Product>
    <Product>
      <PriceUpdateDate>2017/04/24 08:16</PriceUpdateDate>
      <ItemCode>7290012228322</ItemCode>
      <ItemType>1</ItemType>
      <ItemName>קריספי סטיקס תירס בטעם פיצה 500גר</ItemName>
      <ManufactureName>זוגלובק שיווק בעמ</ManufactureName>
      <ManufactureCountry />
      <ManufactureItemDescription />
      <UnitQty>י"ח</UnitQty>
      <Quantity>500</Quantity>
      <UnitMeasure>ל  גרם</UnitMeasure>
      <BisWeighted>0</BisWeighted>
      <QtyInPackage>1</QtyInPackage>
      <ItemPrice>16.90</ItemPrice>
      <UnitOfMeasurePrice>3.38</UnitOfMeasurePrice>
      <AllowDiscount>1</AllowDiscount>
      <itemStatus>1</itemStatus>
      <LastUpdateDate />
      <LastUpdateTime />
    </Product>
    <Product>
      <PriceUpdateDate>2019/12/18 08:01</PriceUpdateDate>
      <ItemCode>7290012228407</ItemCode>
      <ItemType>1</ItemType>
      <ItemName>נקניקיות ג`מבו מחפוד 1.5 ק``ג</ItemName>
      <ManufactureName>זוגלובק שיווק בעמ</ManufactureName>
      <ManufactureCountry />
      <ManufactureItemDescription />
      <UnitQty>י"ח</UnitQty>
      <Quantity>1.50</Quantity>
      <UnitMeasure>ק"ג</UnitMeasure>
      <BisWeighted>0</BisWeighted>
      <QtyInPackage>1</QtyInPackage>
      <ItemPrice>39.90</ItemPrice>
      <UnitOfMeasurePrice>26.60</UnitOfMeasurePrice>
      <AllowDiscount>1</AllowDiscount>
      <itemStatus>1</itemStatus>
      <LastUpdateDate />
      <LastUpdateTime />
    </Product>
    <Product>
      <PriceUpdateDate>2019/12/03 07:53</PriceUpdateDate>
      <ItemCode>7290012228421</ItemCode>
      <ItemType>1</ItemType>
      <ItemName>פסטרמה בדבש  120גר`</ItemName>
      <ManufactureName>זוגלובק שיווק בעמ</ManufactureName>
      <ManufactureCountry />
      <ManufactureItemDescription />
      <UnitQty>י"ח</UnitQty>
      <Quantity>120</Quantity>
      <UnitMeasure>ל  גרם</UnitMeasure>
      <BisWeighted>0</BisWeighted>
      <QtyInPackage>1</QtyInPackage>
      <ItemPrice>13.90</ItemPrice>
      <UnitOfMeasurePrice>11.58</UnitOfMeasurePrice>
      <AllowDiscount>1</AllowDiscount>
      <itemStatus>1</itemStatus>
      <LastUpdateDate />
      <LastUpdateTime />
    </Product>
    <Product>
      <PriceUpdateDate>2018/05/24 14:20</PriceUpdateDate>
      <ItemCode>7290012228520</ItemCode>
      <ItemType>1</ItemType>
      <ItemName>ריבועי בצק עלים 400ג</ItemName>
      <ManufactureName>זוגלובק שיווק בעמ</ManufactureName>
      <ManufactureCountry />
      <ManufactureItemDescription />
      <UnitQty>י"ח</UnitQty>
      <Quantity>400</Quantity>
      <UnitMeasure>ל  גרם</UnitMeasure>
      <BisWeighted>0</BisWeighted>
      <QtyInPackage>1</QtyInPackage>
      <ItemPrice>14.90</ItemPrice>
      <UnitOfMeasurePrice>3.73</UnitOfMeasurePrice>
      <AllowDiscount>1</AllowDiscount>
      <itemStatus>1</itemStatus>
      <LastUpdateDate />
      <LastUpdateTime />
    </Product>
    <Product>
      <PriceUpdateDate>2018/04/25 12:28</PriceUpdateDate>
      <ItemCode>7290012228605</ItemCode>
      <ItemType>1</ItemType>
      <ItemName>זוג ח.הודו ועוף 350+סלמי תה 350ג</ItemName>
      <ManufactureName>זוגלובק שיווק בעמ</ManufactureName>
      <ManufactureCountry />
      <ManufactureItemDescription />
      <UnitQty>י"ח</UnitQty>
      <Quantity>700</Quantity>
      <UnitMeasure>ל  גרם</UnitMeasure>
      <BisWeighted>0</BisWeighted>
      <QtyInPackage>1</QtyInPackage>
      <ItemPrice>32.90</ItemPrice>
      <UnitOfMeasurePrice>4.70</UnitOfMeasurePrice>
      <AllowDiscount>1</AllowDiscount>
      <itemStatus>1</itemStatus>
      <LastUpdateDate />
      <LastUpdateTime />
    </Product>
    <Product>
      <PriceUpdateDate>2018/04/25 12:28</PriceUpdateDate>
      <ItemCode>7290012228612</ItemCode>
      <ItemType>1</ItemType>
      <ItemName>זוג ח.הודו ועוף +300ח.ברביקיו 300ג.</ItemName>
      <ManufactureName>זוגלובק שיווק בעמ</ManufactureName>
      <ManufactureCountry />
      <ManufactureItemDescription />
      <UnitQty>י"ח</UnitQty>
      <Quantity>600</Quantity>
      <UnitMeasure>ל  גרם</UnitMeasure>
      <BisWeighted>0</BisWeighted>
      <QtyInPackage>1</QtyInPackage>
      <ItemPrice>36.90</ItemPrice>
      <UnitOfMeasurePrice>6.15</UnitOfMeasurePrice>
      <AllowDiscount>1</AllowDiscount>
      <itemStatus>1</itemStatus>
      <LastUpdateDate />
      <LastUpdateTime />
    </Product>
    <Product>
      <PriceUpdateDate>2018/04/25 12:28</PriceUpdateDate>
      <ItemCode>7290012228629</ItemCode>
      <ItemType>1</ItemType>
      <ItemName>נקניק. עוף 800ג קהילות</ItemName>
      <ManufactureName>זוגלובק שיווק בעמ</ManufactureName>
      <ManufactureCountry />
      <ManufactureItemDescription />
      <UnitQty>י"ח</UnitQty>
      <Quantity>800</Quantity>
      <UnitMeasure>ל  גרם</UnitMeasure>
      <BisWeighted>0</BisWeighted>
      <QtyInPackage>1</QtyInPackage>
      <ItemPrice>24.90</ItemPrice>
      <UnitOfMeasurePrice>3.11</UnitOfMeasurePrice>
      <AllowDiscount>1</AllowDiscount>
      <itemStatus>1</itemStatus>
      <LastUpdateDate />
      <LastUpdateTime />
    </Product>
    <Product>
      <PriceUpdateDate>2018/07/26 08:43</PriceUpdateDate>
      <ItemCode>7290012228650</ItemCode>
      <ItemType>1</ItemType>
      <ItemName>פסטרממיה כפרית טעם של פעם 330ג</ItemName>
      <ManufactureName>זוגלובק שיווק בעמ</ManufactureName>
      <ManufactureCountry />
      <ManufactureItemDescription />
      <UnitQty>י"ח</UnitQty>
      <Quantity>330</Quantity>
      <UnitMeasure>ל  גרם</UnitMeasure>
      <BisWeighted>0</BisWeighted>
      <QtyInPackage>1</QtyInPackage>
      <ItemPrice>26.90</ItemPrice>
      <UnitOfMeasurePrice>8.15</UnitOfMeasurePrice>
      <AllowDiscount>1</AllowDiscount>
      <itemStatus>1</itemStatus>
      <LastUpdateDate />
      <LastUpdateTime />
    </Product>
    <Product>
      <PriceUpdateDate>2019/11/27 07:58</PriceUpdateDate>
      <ItemCode>7290012228759</ItemCode>
      <ItemType>1</ItemType>
      <ItemName>פסטרמה בדבש גריל מופחת נתרן 330גר`</ItemName>
      <ManufactureName>זוגלובק שיווק בעמ</ManufactureName>
      <ManufactureCountry />
      <ManufactureItemDescription />
      <UnitQty>י"ח</UnitQty>
      <Quantity>330</Quantity>
      <UnitMeasure>ל  גרם</UnitMeasure>
      <BisWeighted>0</BisWeighted>
      <QtyInPackage>1</QtyInPackage>
      <ItemPrice>26.90</ItemPrice>
      <UnitOfMeasurePrice>8.15</UnitOfMeasurePrice>
      <AllowDiscount>1</AllowDiscount>
      <itemStatus>1</itemStatus>
      <LastUpdateDate />
      <LastUpdateTime />
    </Product>
    <Product>
      <PriceUpdateDate>2019/12/11 09:26</PriceUpdateDate>
      <ItemCode>7290012228803</ItemCode>
      <ItemType>1</ItemType>
      <ItemName>נשנושים פסטרמה הודו עם פסטו 130גר</ItemName>
      <ManufactureName>זוגלובק שיווק בעמ</ManufactureName>
      <ManufactureCountry />
      <ManufactureItemDescription />
      <UnitQty>י"ח</UnitQty>
      <Quantity>130</Quantity>
      <UnitMeasure>ל  גרם</UnitMeasure>
      <BisWeighted>0</BisWeighted>
      <QtyInPackage>1</QtyInPackage>
      <ItemPrice>14.90</ItemPrice>
      <UnitOfMeasurePrice>11.46</UnitOfMeasurePrice>
      <AllowDiscount>1</AllowDiscount>
      <itemStatus>1</itemStatus>
      <LastUpdateDate />
      <LastUpdateTime />
    </Product>
    <Product>
      <PriceUpdateDate>2019/12/11 09:26</PriceUpdateDate>
      <ItemCode>7290012228810</ItemCode>
      <ItemType>1</ItemType>
      <ItemName>נשנושים פסטרמה הודו עם צ`ילי מתוק 130גר</ItemName>
      <ManufactureName>זוגלובק שיווק בעמ</ManufactureName>
      <ManufactureCountry />
      <ManufactureItemDescription />
      <UnitQty>י"ח</UnitQty>
      <Quantity>130</Quantity>
      <UnitMeasure>ל  גרם</UnitMeasure>
      <BisWeighted>0</BisWeighted>
      <QtyInPackage>1</QtyInPackage>
      <ItemPrice>14.90</ItemPrice>
      <UnitOfMeasurePrice>11.46</UnitOfMeasurePrice>
      <AllowDiscount>1</AllowDiscount>
      <itemStatus>1</itemStatus>
      <LastUpdateDate />
      <LastUpdateTime />
    </Product>
    <Product>
      <PriceUpdateDate>2019/12/11 09:26</PriceUpdateDate>
      <ItemCode>7290012228827</ItemCode>
      <ItemType>1</ItemType>
      <ItemName>נשנושים פסטרמה הודו עם עשבי תיבול 130ג</ItemName>
      <ManufactureName>זוגלובק שיווק בעמ</ManufactureName>
      <ManufactureCountry />
      <ManufactureItemDescription />
      <UnitQty>י"ח</UnitQty>
      <Quantity>130</Quantity>
      <UnitMeasure>ל  גרם</UnitMeasure>
      <BisWeighted>0</BisWeighted>
      <QtyInPackage>1</QtyInPackage>
      <ItemPrice>14.90</ItemPrice>
      <UnitOfMeasurePrice>11.46</UnitOfMeasurePrice>
      <AllowDiscount>1</AllowDiscount>
      <itemStatus>1</itemStatus>
      <LastUpdateDate />
      <LastUpdateTime />
    </Product>
    <Product>
      <PriceUpdateDate>2020/01/05 07:57</PriceUpdateDate>
      <ItemCode>7290012228834</ItemCode>
      <ItemType>1</ItemType>
      <ItemName>אקטיב פסטרמה הודו קלאסי 125גר</ItemName>
      <ManufactureName>זוגלובק שיווק בעמ</ManufactureName>
      <ManufactureCountry />
      <ManufactureItemDescription />
      <UnitQty>י"ח</UnitQty>
      <Quantity>125</Quantity>
      <UnitMeasure>ל  גרם</UnitMeasure>
      <BisWeighted>0</BisWeighted>
      <QtyInPackage>1</QtyInPackage>
      <ItemPrice>17.90</ItemPrice>
      <UnitOfMeasurePrice>14.32</UnitOfMeasurePrice>
      <AllowDiscount>1</AllowDiscount>
      <itemStatus>1</itemStatus>
      <LastUpdateDate />
      <LastUpdateTime />
    </Product>
    <Product>
      <PriceUpdateDate>2020/01/05 07:57</PriceUpdateDate>
      <ItemCode>7290012228841</ItemCode>
      <ItemType>1</ItemType>
      <ItemName>אקטיב פסטרמה הודו בדבש 125גר</ItemName>
      <ManufactureName>זוגלובק שיווק בעמ</ManufactureName>
      <ManufactureCountry />
      <ManufactureItemDescription />
      <UnitQty>י"ח</UnitQty>
      <Quantity>125</Quantity>
      <UnitMeasure>ל  גרם</UnitMeasure>
      <BisWeighted>0</BisWeighted>
      <QtyInPackage>1</QtyInPackage>
      <ItemPrice>17.90</ItemPrice>
      <UnitOfMeasurePrice>14.32</UnitOfMeasurePrice>
      <AllowDiscount>1</AllowDiscount>
      <itemStatus>1</itemStatus>
      <LastUpdateDate />
      <LastUpdateTime />
    </Product>
    <Product>
      <PriceUpdateDate>2020/01/05 07:57</PriceUpdateDate>
      <ItemCode>7290012228858</ItemCode>
      <ItemType>1</ItemType>
      <ItemName>אקטיב פסטרמה הודו ברביקיו 125גר</ItemName>
      <ManufactureName>זוגלובק שיווק בעמ</ManufactureName>
      <ManufactureCountry />
      <ManufactureItemDescription />
      <UnitQty>י"ח</UnitQty>
      <Quantity>125</Quantity>
      <UnitMeasure>ל  גרם</UnitMeasure>
      <BisWeighted>0</BisWeighted>
      <QtyInPackage>1</QtyInPackage>
      <ItemPrice>17.90</ItemPrice>
      <UnitOfMeasurePrice>14.32</UnitOfMeasurePrice>
      <AllowDiscount>1</AllowDiscount>
      <itemStatus>1</itemStatus>
      <LastUpdateDate />
      <LastUpdateTime />
    </Product>
    <Product>
      <PriceUpdateDate>2014/06/11 19:01</PriceUpdateDate>
      <ItemCode>7290012309328</ItemCode>
      <ItemType>1</ItemType>
      <ItemName>אורז יסמין 1קג</ItemName>
      <ManufactureName>דין שיווק וקליהבעמ</ManufactureName>
      <ManufactureCountry />
      <ManufactureItemDescription />
      <UnitQty>י"ח</UnitQty>
      <Quantity>1</Quantity>
      <UnitMeasure>ק"ג</UnitMeasure>
      <BisWeighted>0</BisWeighted>
      <QtyInPackage>1</QtyInPackage>
      <ItemPrice>9.90</ItemPrice>
      <UnitOfMeasurePrice>9.90</UnitOfMeasurePrice>
      <AllowDiscount>1</AllowDiscount>
      <itemStatus>1</itemStatus>
      <LastUpdateDate />
      <LastUpdateTime />
    </Product>
    <Product>
      <PriceUpdateDate>2015/06/10 10:03</PriceUpdateDate>
      <ItemCode>7290012309458</ItemCode>
      <ItemType>1</ItemType>
      <ItemName>שקד מולבן טחון 100גר</ItemName>
      <ManufactureName>דין שיווק וקליהבעמ</ManufactureName>
      <ManufactureCountry />
      <ManufactureItemDescription />
      <UnitQty>י"ח</UnitQty>
      <Quantity>100</Quantity>
      <UnitMeasure>ל  גרם</UnitMeasure>
      <BisWeighted>0</BisWeighted>
      <QtyInPackage>1</QtyInPackage>
      <ItemPrice>11.80</ItemPrice>
      <UnitOfMeasurePrice>11.80</UnitOfMeasurePrice>
      <AllowDiscount>1</AllowDiscount>
      <itemStatus>1</itemStatus>
      <LastUpdateDate />
      <LastUpdateTime />
    </Product>
    <Product>
      <PriceUpdateDate>2015/06/10 10:03</PriceUpdateDate>
      <ItemCode>7290012309465</ItemCode>
      <ItemType>1</ItemType>
      <ItemName>שקד מולבן פרוס 100גר</ItemName>
      <ManufactureName>דין שיווק וקליהבעמ</ManufactureName>
      <ManufactureCountry />
      <ManufactureItemDescription />
      <UnitQty>י"ח</UnitQty>
      <Quantity>100</Quantity>
      <UnitMeasure>ל  גרם</UnitMeasure>
      <BisWeighted>0</BisWeighted>
      <QtyInPackage>1</QtyInPackage>
      <ItemPrice>11.80</ItemPrice>
      <UnitOfMeasurePrice>11.80</UnitOfMeasurePrice>
      <AllowDiscount>1</AllowDiscount>
      <itemStatus>1</itemStatus>
      <LastUpdateDate />
      <LastUpdateTime />
    </Product>
    <Product>
      <PriceUpdateDate>2015/06/10 10:03</PriceUpdateDate>
      <ItemCode>7290012309472</ItemCode>
      <ItemType>1</ItemType>
      <ItemName>שקד מולבן חצוי 100גר</ItemName>
      <ManufactureName>דין שיווק וקליהבעמ</ManufactureName>
      <ManufactureCountry />
      <ManufactureItemDescription />
      <UnitQty>י"ח</UnitQty>
      <Quantity>100</Quantity>
      <UnitMeasure>ל  גרם</UnitMeasure>
      <BisWeighted>0</BisWeighted>
      <QtyInPackage>1</QtyInPackage>
      <ItemPrice>11.80</ItemPrice>
      <UnitOfMeasurePrice>11.80</UnitOfMeasurePrice>
      <AllowDiscount>1</AllowDiscount>
      <itemStatus>1</itemStatus>
      <LastUpdateDate />
      <LastUpdateTime />
    </Product>
    <Product>
      <PriceUpdateDate>2015/06/10 10:03</PriceUpdateDate>
      <ItemCode>7290012309489</ItemCode>
      <ItemType>1</ItemType>
      <ItemName>שקד מולבן שלם 100גר</ItemName>
      <ManufactureName>דין שיווק וקליהבעמ</ManufactureName>
      <ManufactureCountry />
      <ManufactureItemDescription />
      <UnitQty>י"ח</UnitQty>
      <Quantity>100</Quantity>
      <UnitMeasure>ל  גרם</UnitMeasure>
      <BisWeighted>0</BisWeighted>
      <QtyInPackage>1</QtyInPackage>
      <ItemPrice>11.80</ItemPrice>
      <UnitOfMeasurePrice>11.80</UnitOfMeasurePrice>
      <AllowDiscount>1</AllowDiscount>
      <itemStatus>1</itemStatus>
      <LastUpdateDate />
      <LastUpdateTime />
    </Product>
    <Product>
      <PriceUpdateDate>2015/06/10 10:03</PriceUpdateDate>
      <ItemCode>7290012309540</ItemCode>
      <ItemType>1</ItemType>
      <ItemName>שקד מולבן משובב 100גר</ItemName>
      <ManufactureName>דין שיווק וקליהבעמ</ManufactureName>
      <ManufactureCountry />
      <ManufactureItemDescription />
      <UnitQty>י"ח</UnitQty>
      <Quantity>100</Quantity>
      <UnitMeasure>ל  גרם</UnitMeasure>
      <BisWeighted>0</BisWeighted>
      <QtyInPackage>1</QtyInPackage>
      <ItemPrice>11.80</ItemPrice>
      <UnitOfMeasurePrice>11.80</UnitOfMeasurePrice>
      <AllowDiscount>1</AllowDiscount>
      <itemStatus>1</itemStatus>
      <LastUpdateDate />
      <LastUpdateTime />
    </Product>
    <Product>
      <PriceUpdateDate>2018/07/03 14:34</PriceUpdateDate>
      <ItemCode>7290012313141</ItemCode>
      <ItemType>1</ItemType>
      <ItemName>פרוסות מלפפונים במלח  יבנה</ItemName>
      <ManufactureName>קבוצת יבנה מוצרי מזון בעמ</ManufactureName>
      <ManufactureCountry />
      <ManufactureItemDescription />
      <UnitQty>י"ח</UnitQty>
      <Quantity>540</Quantity>
      <UnitMeasure>ל  גרם</UnitMeasure>
      <BisWeighted>0</BisWeighted>
      <QtyInPackage>1</QtyInPackage>
      <ItemPrice>4.80</ItemPrice>
      <UnitOfMeasurePrice>0.89</UnitOfMeasurePrice>
      <AllowDiscount>1</AllowDiscount>
      <itemStatus>1</itemStatus>
      <LastUpdateDate />
      <LastUpdateTime />
    </Product>
    <Product>
      <PriceUpdateDate>2016/05/24 10:12</PriceUpdateDate>
      <ItemCode>7290012333828</ItemCode>
      <ItemType>1</ItemType>
      <ItemName>ספגטי 500 גר`המותג</ItemName>
      <ManufactureName>דין שיווק *****</ManufactureName>
      <ManufactureCountry />
      <ManufactureItemDescription />
      <UnitQty>י"ח</UnitQty>
      <Quantity>500</Quantity>
      <UnitMeasure>ל  גרם</UnitMeasure>
      <BisWeighted>0</BisWeighted>
      <QtyInPackage>1</QtyInPackage>
      <ItemPrice>3.50</ItemPrice>
      <UnitOfMeasurePrice>0.70</UnitOfMeasurePrice>
      <AllowDiscount>1</AllowDiscount>
      <itemStatus>1</itemStatus>
      <LastUpdateDate />
      <LastUpdateTime />
    </Product>
    <Product>
      <PriceUpdateDate>2016/05/24 10:12</PriceUpdateDate>
      <ItemCode>7290012333835</ItemCode>
      <ItemType>1</ItemType>
      <ItemName>פסטה איטריות דקות  500 גר`המותג</ItemName>
      <ManufactureName>דין שיווק וקליהבעמ</ManufactureName>
      <ManufactureCountry />
      <ManufactureItemDescription />
      <UnitQty>י"ח</UnitQty>
      <Quantity>500</Quantity>
      <UnitMeasure>ל  גרם</UnitMeasure>
      <BisWeighted>0</BisWeighted>
      <QtyInPackage>1</QtyInPackage>
      <ItemPrice>3.50</ItemPrice>
      <UnitOfMeasurePrice>0.70</UnitOfMeasurePrice>
      <AllowDiscount>1</AllowDiscount>
      <itemStatus>1</itemStatus>
      <LastUpdateDate />
      <LastUpdateTime />
    </Product>
    <Product>
      <PriceUpdateDate>2016/05/24 10:12</PriceUpdateDate>
      <ItemCode>7290012333842</ItemCode>
      <ItemType>1</ItemType>
      <ItemName>פסטה פתיתים בצורת גלגל 500 גר`המותג</ItemName>
      <ManufactureName>דין שיווק *****</ManufactureName>
      <ManufactureCountry />
      <ManufactureItemDescription />
      <UnitQty>י"ח</UnitQty>
      <Quantity>500</Quantity>
      <UnitMeasure>ל  גרם</UnitMeasure>
      <BisWeighted>0</BisWeighted>
      <QtyInPackage>1</QtyInPackage>
      <ItemPrice>3.50</ItemPrice>
      <UnitOfMeasurePrice>0.70</UnitOfMeasurePrice>
      <AllowDiscount>1</AllowDiscount>
      <itemStatus>1</itemStatus>
      <LastUpdateDate />
      <LastUpdateTime />
    </Product>
    <Product>
      <PriceUpdateDate>2016/05/24 10:12</PriceUpdateDate>
      <ItemCode>7290012333859</ItemCode>
      <ItemType>1</ItemType>
      <ItemName>פסטה פרפר גדול 500 גר`המותג</ItemName>
      <ManufactureName>דין שיווק *****</ManufactureName>
      <ManufactureCountry />
      <ManufactureItemDescription />
      <UnitQty>י"ח</UnitQty>
      <Quantity>500</Quantity>
      <UnitMeasure>ל  גרם</UnitMeasure>
      <BisWeighted>0</BisWeighted>
      <QtyInPackage>1</QtyInPackage>
      <ItemPrice>3.50</ItemPrice>
      <UnitOfMeasurePrice>0.70</UnitOfMeasurePrice>
      <AllowDiscount>1</AllowDiscount>
      <itemStatus>1</itemStatus>
      <LastUpdateDate />
      <LastUpdateTime />
    </Product>
    <Product>
      <PriceUpdateDate>2016/05/24 10:12</PriceUpdateDate>
      <ItemCode>7290012333866</ItemCode>
      <ItemType>1</ItemType>
      <ItemName>פסטה בצורות כובע 500 גר`המותג</ItemName>
      <ManufactureName>דין שיווק *****</ManufactureName>
      <ManufactureCountry />
      <ManufactureItemDescription />
      <UnitQty>י"ח</UnitQty>
      <Quantity>500</Quantity>
      <UnitMeasure>ל  גרם</UnitMeasure>
      <BisWeighted>0</BisWeighted>
      <QtyInPackage>1</QtyInPackage>
      <ItemPrice>3.50</ItemPrice>
      <UnitOfMeasurePrice>0.70</UnitOfMeasurePrice>
      <AllowDiscount>1</AllowDiscount>
      <itemStatus>1</itemStatus>
      <LastUpdateDate />
      <LastUpdateTime />
    </Product>
    <Product>
      <PriceUpdateDate>2016/05/24 10:12</PriceUpdateDate>
      <ItemCode>7290012333873</ItemCode>
      <ItemType>1</ItemType>
      <ItemName>פסטה פנה  500 גר`המותג</ItemName>
      <ManufactureName>דין שיווק *****</ManufactureName>
      <ManufactureCountry />
      <ManufactureItemDescription />
      <UnitQty>י"ח</UnitQty>
      <Quantity>500</Quantity>
      <UnitMeasure>ל  גרם</UnitMeasure>
      <BisWeighted>0</BisWeighted>
      <QtyInPackage>1</QtyInPackage>
      <ItemPrice>3.50</ItemPrice>
      <UnitOfMeasurePrice>0.70</UnitOfMeasurePrice>
      <AllowDiscount>1</AllowDiscount>
      <itemStatus>1</itemStatus>
      <LastUpdateDate />
      <LastUpdateTime />
    </Product>
    <Product>
      <PriceUpdateDate>2016/05/24 10:12</PriceUpdateDate>
      <ItemCode>7290012333880</ItemCode>
      <ItemType>1</ItemType>
      <ItemName>פסטה גליל 500 גר`המותג</ItemName>
      <ManufactureName>דין שיווק *****</ManufactureName>
      <ManufactureCountry />
      <ManufactureItemDescription />
      <UnitQty>י"ח</UnitQty>
      <Quantity>500</Quantity>
      <UnitMeasure>ל  גרם</UnitMeasure>
      <BisWeighted>0</BisWeighted>
      <QtyInPackage>1</QtyInPackage>
      <ItemPrice>3.50</ItemPrice>
      <UnitOfMeasurePrice>0.70</UnitOfMeasurePrice>
      <AllowDiscount>1</AllowDiscount>
      <itemStatus>1</itemStatus>
      <LastUpdateDate />
      <LastUpdateTime />
    </Product>
    <Product>
      <PriceUpdateDate>2016/05/24 10:12</PriceUpdateDate>
      <ItemCode>7290012333897</ItemCode>
      <ItemType>1</ItemType>
      <ItemName>פסטה חצי ירח 500 גר`המותג</ItemName>
      <ManufactureName>דין שיווק *****</ManufactureName>
      <ManufactureCountry />
      <ManufactureItemDescription />
      <UnitQty>י"ח</UnitQty>
      <Quantity>500</Quantity>
      <UnitMeasure>ל  גרם</UnitMeasure>
      <BisWeighted>0</BisWeighted>
      <QtyInPackage>1</QtyInPackage>
      <ItemPrice>3.50</ItemPrice>
      <UnitOfMeasurePrice>0.70</UnitOfMeasurePrice>
      <AllowDiscount>1</AllowDiscount>
      <itemStatus>1</itemStatus>
      <LastUpdateDate />
      <LastUpdateTime />
    </Product>
    <Product>
      <PriceUpdateDate>2016/05/24 10:12</PriceUpdateDate>
      <ItemCode>7290012333903</ItemCode>
      <ItemType>1</ItemType>
      <ItemName>פסטה מסולסל קטן 500 גר`המותג</ItemName>
      <ManufactureName>דין שיווק *****</ManufactureName>
      <ManufactureCountry />
      <ManufactureItemDescription />
      <UnitQty>י"ח</UnitQty>
      <Quantity>500</Quantity>
      <UnitMeasure>ל  גרם</UnitMeasure>
      <BisWeighted>0</BisWeighted>
      <QtyInPackage>1</QtyInPackage>
      <ItemPrice>3.50</ItemPrice>
      <UnitOfMeasurePrice>0.70</UnitOfMeasurePrice>
      <AllowDiscount>1</AllowDiscount>
      <itemStatus>1</itemStatus>
      <LastUpdateDate />
      <LastUpdateTime />
    </Product>
    <Product>
      <PriceUpdateDate>2016/05/24 10:12</PriceUpdateDate>
      <ItemCode>7290012333910</ItemCode>
      <ItemType>1</ItemType>
      <ItemName>פסטה צדף גדול 500 גר`המותג</ItemName>
      <ManufactureName>דין שיווק *****</ManufactureName>
      <ManufactureCountry />
      <ManufactureItemDescription />
      <UnitQty>י"ח</UnitQty>
      <Quantity>500</Quantity>
      <UnitMeasure>ל  גרם</UnitMeasure>
      <BisWeighted>0</BisWeighted>
      <QtyInPackage>1</QtyInPackage>
      <ItemPrice>3.50</ItemPrice>
      <UnitOfMeasurePrice>0.70</UnitOfMeasurePrice>
      <AllowDiscount>1</AllowDiscount>
      <itemStatus>1</itemStatus>
      <LastUpdateDate />
      <LastUpdateTime />
    </Product>
    <Product>
      <PriceUpdateDate>2016/05/24 10:12</PriceUpdateDate>
      <ItemCode>7290012333927</ItemCode>
      <ItemType>1</ItemType>
      <ItemName>פסטה פתיתים בצורת כוכבים 500 גר`המותג</ItemName>
      <ManufactureName>דין שיווק וקליהבעמ</ManufactureName>
      <ManufactureCountry />
      <ManufactureItemDescription />
      <UnitQty>י"ח</UnitQty>
      <Quantity>500</Quantity>
      <UnitMeasure>ל  גרם</UnitMeasure>
      <BisWeighted>0</BisWeighted>
      <QtyInPackage>1</QtyInPackage>
      <ItemPrice>3.50</ItemPrice>
      <UnitOfMeasurePrice>0.70</UnitOfMeasurePrice>
      <AllowDiscount>1</AllowDiscount>
      <itemStatus>1</itemStatus>
      <LastUpdateDate />
      <LastUpdateTime />
    </Product>
    <Product>
      <PriceUpdateDate>2016/05/24 10:12</PriceUpdateDate>
      <ItemCode>7290012333934</ItemCode>
      <ItemType>1</ItemType>
      <ItemName>פסטה פתיתים מאורכים 500 גר`המותג</ItemName>
      <ManufactureName>דין שיווק וקליהבעמ</ManufactureName>
      <ManufactureCountry />
      <ManufactureItemDescription />
      <UnitQty>י"ח</UnitQty>
      <Quantity>500</Quantity>
      <UnitMeasure>ל  גרם</UnitMeasure>
      <BisWeighted>0</BisWeighted>
      <QtyInPackage>1</QtyInPackage>
      <ItemPrice>3.50</ItemPrice>
      <UnitOfMeasurePrice>0.70</UnitOfMeasurePrice>
      <AllowDiscount>1</AllowDiscount>
      <itemStatus>1</itemStatus>
      <LastUpdateDate />
      <LastUpdateTime />
    </Product>
    <Product>
      <PriceUpdateDate>2016/05/24 10:12</PriceUpdateDate>
      <ItemCode>7290012333941</ItemCode>
      <ItemType>1</ItemType>
      <ItemName>פסטה פתיתים עגולים 500 גר`המותג</ItemName>
      <ManufactureName>דין שיווק וקליהבעמ</ManufactureName>
      <ManufactureCountry />
      <ManufactureItemDescription />
      <UnitQty>י"ח</UnitQty>
      <Quantity>500</Quantity>
      <UnitMeasure>ל  גרם</UnitMeasure>
      <BisWeighted>0</BisWeighted>
      <QtyInPackage>1</QtyInPackage>
      <ItemPrice>3.50</ItemPrice>
      <UnitOfMeasurePrice>0.70</UnitOfMeasurePrice>
      <AllowDiscount>1</AllowDiscount>
      <itemStatus>1</itemStatus>
      <LastUpdateDate />
      <LastUpdateTime />
    </Product>
    <Product>
      <PriceUpdateDate>2016/05/24 10:12</PriceUpdateDate>
      <ItemCode>7290012333958</ItemCode>
      <ItemType>1</ItemType>
      <ItemName>פסטה  פתיתים צורת פרפר קטן 500ג</ItemName>
      <ManufactureName>דין שיווק *****</ManufactureName>
      <ManufactureCountry />
      <ManufactureItemDescription />
      <UnitQty>י"ח</UnitQty>
      <Quantity>500</Quantity>
      <UnitMeasure>ל  גרם</UnitMeasure>
      <BisWeighted>0</BisWeighted>
      <QtyInPackage>1</QtyInPackage>
      <ItemPrice>3.50</ItemPrice>
      <UnitOfMeasurePrice>0.70</UnitOfMeasurePrice>
      <AllowDiscount>1</AllowDiscount>
      <itemStatus>1</itemStatus>
      <LastUpdateDate />
      <LastUpdateTime />
    </Product>
    <Product>
      <PriceUpdateDate>2016/05/24 10:12</PriceUpdateDate>
      <ItemCode>7290012333965</ItemCode>
      <ItemType>1</ItemType>
      <ItemName>פסטה מסולסל גדול 500 גר`המותג</ItemName>
      <ManufactureName>דין שיווק *****</ManufactureName>
      <ManufactureCountry />
      <ManufactureItemDescription />
      <UnitQty>י"ח</UnitQty>
      <Quantity>500</Quantity>
      <UnitMeasure>ל  גרם</UnitMeasure>
      <BisWeighted>0</BisWeighted>
      <QtyInPackage>1</QtyInPackage>
      <ItemPrice>3.50</ItemPrice>
      <UnitOfMeasurePrice>0.70</UnitOfMeasurePrice>
      <AllowDiscount>1</AllowDiscount>
      <itemStatus>1</itemStatus>
      <LastUpdateDate />
      <LastUpdateTime />
    </Product>
    <Product>
      <PriceUpdateDate>2016/03/29 13:26</PriceUpdateDate>
      <ItemCode>7290012367717</ItemCode>
      <ItemType>1</ItemType>
      <ItemName>קרם ידיים ד"ר פישר אפקטיב קר 150מ"ל</ItemName>
      <ManufactureName>פישר תעשיות פרמבצטיות בעמ</ManufactureName>
      <ManufactureCountry />
      <ManufactureItemDescription />
      <UnitQty>י"ח</UnitQty>
      <Quantity>12</Quantity>
      <UnitMeasure>ליטר</UnitMeasure>
      <BisWeighted>0</BisWeighted>
      <QtyInPackage>1</QtyInPackage>
      <ItemPrice>16.90</ItemPrice>
      <UnitOfMeasurePrice>1.41</UnitOfMeasurePrice>
      <AllowDiscount>1</AllowDiscount>
      <itemStatus>1</itemStatus>
      <LastUpdateDate />
      <LastUpdateTime />
    </Product>
    <Product>
      <PriceUpdateDate>2018/10/29 09:22</PriceUpdateDate>
      <ItemCode>7290012404146</ItemCode>
      <ItemType>1</ItemType>
      <ItemName>שוופס מוגז פירות תפוחים 1.5 ליטר</ItemName>
      <ManufactureName>יפאורה שותפות מוגבלת לשיווק</ManufactureName>
      <ManufactureCountry />
      <ManufactureItemDescription />
      <UnitQty>י"ח</UnitQty>
      <Quantity>1.50</Quantity>
      <UnitMeasure>ליטר</UnitMeasure>
      <BisWeighted>0</BisWeighted>
      <QtyInPackage>1</QtyInPackage>
      <ItemPrice>7.50</ItemPrice>
      <UnitOfMeasurePrice>5</UnitOfMeasurePrice>
      <AllowDiscount>1</AllowDiscount>
      <itemStatus>1</itemStatus>
      <LastUpdateDate />
      <LastUpdateTime />
    </Product>
    <Product>
      <PriceUpdateDate>2018/10/29 09:22</PriceUpdateDate>
      <ItemCode>7290012404160</ItemCode>
      <ItemType>1</ItemType>
      <ItemName>שוופס מ.פירות  אשכולית אדומה 1.5 ליטר</ItemName>
      <ManufactureName>יפאורה שותפות מוגבלת לשיווק</ManufactureName>
      <ManufactureCountry />
      <ManufactureItemDescription />
      <UnitQty>י"ח</UnitQty>
      <Quantity>1.50</Quantity>
      <UnitMeasure>ליטר</UnitMeasure>
      <BisWeighted>0</BisWeighted>
      <QtyInPackage>1</QtyInPackage>
      <ItemPrice>7.50</ItemPrice>
      <UnitOfMeasurePrice>5</UnitOfMeasurePrice>
      <AllowDiscount>1</AllowDiscount>
      <itemStatus>1</itemStatus>
      <LastUpdateDate />
      <LastUpdateTime />
    </Product>
    <Product>
      <PriceUpdateDate>2017/05/21 13:13</PriceUpdateDate>
      <ItemCode>7290012404177</ItemCode>
      <ItemType>1</ItemType>
      <ItemName>שוופס מוגז תפוחים 330מ"ל</ItemName>
      <ManufactureName>יפאורה שותפות מוגבלת לשיווק</ManufactureName>
      <ManufactureCountry />
      <ManufactureItemDescription />
      <UnitQty>י"ח</UnitQty>
      <Quantity>330</Quantity>
      <UnitMeasure>ל  מ"ל</UnitMeasure>
      <BisWeighted>0</BisWeighted>
      <QtyInPackage>1</QtyInPackage>
      <ItemPrice>4.90</ItemPrice>
      <UnitOfMeasurePrice>1.39</UnitOfMeasurePrice>
      <AllowDiscount>1</AllowDiscount>
      <itemStatus>1</itemStatus>
      <LastUpdateDate />
      <LastUpdateTime />
    </Product>
    <Product>
      <PriceUpdateDate>2017/05/21 13:13</PriceUpdateDate>
      <ItemCode>7290012404184</ItemCode>
      <ItemType>1</ItemType>
      <ItemName>שוופס מוגז לימונים 330מ"ל</ItemName>
      <ManufactureName>יפאורה שותפות מוגבלת לשיווק</ManufactureName>
      <ManufactureCountry />
      <ManufactureItemDescription />
      <UnitQty>י"ח</UnitQty>
      <Quantity>330</Quantity>
      <UnitMeasure>ל  מ"ל</UnitMeasure>
      <BisWeighted>0</BisWeighted>
      <QtyInPackage>1</QtyInPackage>
      <ItemPrice>4.90</ItemPrice>
      <UnitOfMeasurePrice>1.39</UnitOfMeasurePrice>
      <AllowDiscount>1</AllowDiscount>
      <itemStatus>1</itemStatus>
      <LastUpdateDate />
      <LastUpdateTime />
    </Product>
    <Product>
      <PriceUpdateDate>2017/05/21 13:13</PriceUpdateDate>
      <ItemCode>7290012404191</ItemCode>
      <ItemType>1</ItemType>
      <ItemName>שוופס מוגז אשכולית אדומה 330מ"ל</ItemName>
      <ManufactureName>יפאורה שותפות מוגבלת לשיווק</ManufactureName>
      <ManufactureCountry />
      <ManufactureItemDescription />
      <UnitQty>י"ח</UnitQty>
      <Quantity>250</Quantity>
      <UnitMeasure>ל  מ"ל</UnitMeasure>
      <BisWeighted>0</BisWeighted>
      <QtyInPackage>1</QtyInPackage>
      <ItemPrice>4.90</ItemPrice>
      <UnitOfMeasurePrice>1.84</UnitOfMeasurePrice>
      <AllowDiscount>1</AllowDiscount>
      <itemStatus>1</itemStatus>
      <LastUpdateDate />
      <LastUpdateTime />
    </Product>
    <Product>
      <PriceUpdateDate>2018/07/15 15:22</PriceUpdateDate>
      <ItemCode>7290012404238</ItemCode>
      <ItemType>1</ItemType>
      <ItemName>שוופס  RUSSCHIAN</ItemName>
      <ManufactureName>יפאורה שותפות מוגבלת לשיווק</ManufactureName>
      <ManufactureCountry />
      <ManufactureItemDescription />
      <UnitQty>י"ח</UnitQty>
      <Quantity>1</Quantity>
      <UnitMeasure />
      <BisWeighted>0</BisWeighted>
      <QtyInPackage>1</QtyInPackage>
      <ItemPrice>10.90</ItemPrice>
      <UnitOfMeasurePrice>10.90</UnitOfMeasurePrice>
      <AllowDiscount>1</AllowDiscount>
      <itemStatus>1</itemStatus>
      <LastUpdateDate />
      <LastUpdateTime />
    </Product>
    <Product>
      <PriceUpdateDate>2018/11/06 10:28</PriceUpdateDate>
      <ItemCode>7290012404283</ItemCode>
      <ItemType>1</ItemType>
      <ItemName>תפוזינה 1.5  מנגו עסיסי</ItemName>
      <ManufactureName>יפאורה שותפות מוגבלת לשיווק</ManufactureName>
      <ManufactureCountry />
      <ManufactureItemDescription />
      <UnitQty>י"ח</UnitQty>
      <Quantity>1.50</Quantity>
      <UnitMeasure>ליטר</UnitMeasure>
      <BisWeighted>0</BisWeighted>
      <QtyInPackage>1</QtyInPackage>
      <ItemPrice>6.20</ItemPrice>
      <UnitOfMeasurePrice>4.13</UnitOfMeasurePrice>
      <AllowDiscount>1</AllowDiscount>
      <itemStatus>1</itemStatus>
      <LastUpdateDate />
      <LastUpdateTime />
    </Product>
    <Product>
      <PriceUpdateDate>2018/10/29 09:22</PriceUpdateDate>
      <ItemCode>7290012404627</ItemCode>
      <ItemType>1</ItemType>
      <ItemName>ספרינג נקטר תפוח וגזר קרטונית 1 ל`</ItemName>
      <ManufactureName>יפאורה שותפות מוגבלת לשיווק</ManufactureName>
      <ManufactureCountry />
      <ManufactureItemDescription />
      <UnitQty>י"ח</UnitQty>
      <Quantity>1</Quantity>
      <UnitMeasure>ליטר</UnitMeasure>
      <BisWeighted>0</BisWeighted>
      <QtyInPackage>1</QtyInPackage>
      <ItemPrice>5.40</ItemPrice>
      <UnitOfMeasurePrice>5.40</UnitOfMeasurePrice>
      <AllowDiscount>1</AllowDiscount>
      <itemStatus>1</itemStatus>
      <LastUpdateDate />
      <LastUpdateTime />
    </Product>
    <Product>
      <PriceUpdateDate>2013/12/04 14:40</PriceUpdateDate>
      <ItemCode>7290012404863</ItemCode>
      <ItemType>1</ItemType>
      <ItemName>ספרינג "-Tטעם    נולד "1.5ל</ItemName>
      <ManufactureName>יפאורה שותפות מוגבלת לשיווק</ManufactureName>
      <ManufactureCountry />
      <ManufactureItemDescription />
      <UnitQty>י"ח</UnitQty>
      <Quantity>1.50</Quantity>
      <UnitMeasure>ליטר</UnitMeasure>
      <BisWeighted>0</BisWeighted>
      <QtyInPackage>1</QtyInPackage>
      <ItemPrice>7</ItemPrice>
      <UnitOfMeasurePrice>4.67</UnitOfMeasurePrice>
      <AllowDiscount>1</AllowDiscount>
      <itemStatus>1</itemStatus>
      <LastUpdateDate />
      <LastUpdateTime />
    </Product>
    <Product>
      <PriceUpdateDate>2014/01/08 14:56</PriceUpdateDate>
      <ItemCode>7290012404931</ItemCode>
      <ItemType>1</ItemType>
      <ItemName>ספרינג -Tמנגו   אפרסק 0.5 ל</ItemName>
      <ManufactureName>יפאורה שותפות מוגבלת לשיווק</ManufactureName>
      <ManufactureCountry />
      <ManufactureItemDescription />
      <UnitQty>י"ח</UnitQty>
      <Quantity>500</Quantity>
      <UnitMeasure>ל  מ"ל</UnitMeasure>
      <BisWeighted>0</BisWeighted>
      <QtyInPackage>1</QtyInPackage>
      <ItemPrice>5.80</ItemPrice>
      <UnitOfMeasurePrice>1.10</UnitOfMeasurePrice>
      <AllowDiscount>1</AllowDiscount>
      <itemStatus>1</itemStatus>
      <LastUpdateDate />
      <LastUpdateTime />
    </Product>
    <Product>
      <PriceUpdateDate>2018/11/23 08:39</PriceUpdateDate>
      <ItemCode>7290012404955</ItemCode>
      <ItemType>1</ItemType>
      <ItemName>ספרינג נקטר חמוציות 1.25</ItemName>
      <ManufactureName>יפאורה שותפות מוגבלת לשיווק</ManufactureName>
      <ManufactureCountry />
      <ManufactureItemDescription />
      <UnitQty>י"ח</UnitQty>
      <Quantity>1.25</Quantity>
      <UnitMeasure>ליטר</UnitMeasure>
      <BisWeighted>0</BisWeighted>
      <QtyInPackage>1</QtyInPackage>
      <ItemPrice>11.20</ItemPrice>
      <UnitOfMeasurePrice>8.72</UnitOfMeasurePrice>
      <AllowDiscount>1</AllowDiscount>
      <itemStatus>1</itemStatus>
      <LastUpdateDate />
      <LastUpdateTime />
    </Product>
    <Product>
      <PriceUpdateDate>2019/07/10 10:51</PriceUpdateDate>
      <ItemCode>7290012404962</ItemCode>
      <ItemType>1</ItemType>
      <ItemName>ספרינג נקטר פירות יער 1.25</ItemName>
      <ManufactureName>יפאורה שותפות מוגבלת לשיווק</ManufactureName>
      <ManufactureCountry />
      <ManufactureItemDescription />
      <UnitQty>י"ח</UnitQty>
      <Quantity>1.25</Quantity>
      <UnitMeasure>ליטר</UnitMeasure>
      <BisWeighted>0</BisWeighted>
      <QtyInPackage>1</QtyInPackage>
      <ItemPrice>11.20</ItemPrice>
      <UnitOfMeasurePrice>8.72</UnitOfMeasurePrice>
      <AllowDiscount>1</AllowDiscount>
      <itemStatus>1</itemStatus>
      <LastUpdateDate />
      <LastUpdateTime />
    </Product>
    <Product>
      <PriceUpdateDate>2019/07/10 10:51</PriceUpdateDate>
      <ItemCode>7290012404993</ItemCode>
      <ItemType>1</ItemType>
      <ItemName>ספרינג נקטר דיאט חמוציות 1.25</ItemName>
      <ManufactureName>יפאורה שותפות מוגבלת לשיווק</ManufactureName>
      <ManufactureCountry />
      <ManufactureItemDescription />
      <UnitQty>י"ח</UnitQty>
      <Quantity>1.25</Quantity>
      <UnitMeasure>ליטר</UnitMeasure>
      <BisWeighted>0</BisWeighted>
      <QtyInPackage>1</QtyInPackage>
      <ItemPrice>11.20</ItemPrice>
      <UnitOfMeasurePrice>8.72</UnitOfMeasurePrice>
      <AllowDiscount>1</AllowDiscount>
      <itemStatus>1</itemStatus>
      <LastUpdateDate />
      <LastUpdateTime />
    </Product>
    <Product>
      <PriceUpdateDate>2019/01/17 07:55</PriceUpdateDate>
      <ItemCode>7290012522581</ItemCode>
      <ItemType>1</ItemType>
      <ItemName>שניצל תירס ללא גלוטן טבעול 750 גרם</ItemName>
      <ManufactureName>קבוצת אוסם סחר-שות.מוגבלת</ManufactureName>
      <ManufactureCountry />
      <ManufactureItemDescription />
      <UnitQty>י"ח</UnitQty>
      <Quantity>750</Quantity>
      <UnitMeasure>ל  גרם</UnitMeasure>
      <BisWeighted>0</BisWeighted>
      <QtyInPackage>1</QtyInPackage>
      <ItemPrice>24.90</ItemPrice>
      <UnitOfMeasurePrice>3.32</UnitOfMeasurePrice>
      <AllowDiscount>1</AllowDiscount>
      <itemStatus>1</itemStatus>
      <LastUpdateDate />
      <LastUpdateTime />
    </Product>
    <Product>
      <PriceUpdateDate>2019/02/28 08:56</PriceUpdateDate>
      <ItemCode>7290012525452</ItemCode>
      <ItemType>1</ItemType>
      <ItemName>אקסטרים שוקו וניל</ItemName>
      <ManufactureName>נגה גלידות</ManufactureName>
      <ManufactureCountry />
      <ManufactureItemDescription />
      <UnitQty>י"ח</UnitQty>
      <Quantity>1</Quantity>
      <UnitMeasure />
      <BisWeighted>0</BisWeighted>
      <QtyInPackage>1</QtyInPackage>
      <ItemPrice>8.90</ItemPrice>
      <UnitOfMeasurePrice>8.90</UnitOfMeasurePrice>
      <AllowDiscount>1</AllowDiscount>
      <itemStatus>1</itemStatus>
      <LastUpdateDate />
      <LastUpdateTime />
    </Product>
    <Product>
      <PriceUpdateDate>2018/03/02 08:31</PriceUpdateDate>
      <ItemCode>7290012525681</ItemCode>
      <ItemType>1</ItemType>
      <ItemName>רולר כשל"פ</ItemName>
      <ManufactureName>נגה גלידות</ManufactureName>
      <ManufactureCountry />
      <ManufactureItemDescription />
      <UnitQty>י"ח</UnitQty>
      <Quantity>1</Quantity>
      <UnitMeasure />
      <BisWeighted>0</BisWeighted>
      <QtyInPackage>1</QtyInPackage>
      <ItemPrice>8.90</ItemPrice>
      <UnitOfMeasurePrice>8.90</UnitOfMeasurePrice>
      <AllowDiscount>1</AllowDiscount>
      <itemStatus>1</itemStatus>
      <LastUpdateDate />
      <LastUpdateTime />
    </Product>
    <Product>
      <PriceUpdateDate>2015/03/19 09:04</PriceUpdateDate>
      <ItemCode>7290012576416</ItemCode>
      <ItemType>1</ItemType>
      <ItemName>רזרב מלבק 750מ"ל</ItemName>
      <ManufactureName>טמפו משקאות בעמ</ManufactureName>
      <ManufactureCountry />
      <ManufactureItemDescription />
      <UnitQty>י"ח</UnitQty>
      <Quantity>750</Quantity>
      <UnitMeasure>ל  מ"ל</UnitMeasure>
      <BisWeighted>0</BisWeighted>
      <QtyInPackage>1</QtyInPackage>
      <ItemPrice>50.20</ItemPrice>
      <UnitOfMeasurePrice>6.65</UnitOfMeasurePrice>
      <AllowDiscount>1</AllowDiscount>
      <itemStatus>1</itemStatus>
      <LastUpdateDate />
      <LastUpdateTime />
    </Product>
    <Product>
      <PriceUpdateDate>2018/03/18 11:45</PriceUpdateDate>
      <ItemCode>7290012576591</ItemCode>
      <ItemType>1</ItemType>
      <ItemName>רזרב גוורצטרמינר 750מ"ל ברקן</ItemName>
      <ManufactureName>טמפו משקאות בעמ</ManufactureName>
      <ManufactureCountry />
      <ManufactureItemDescription />
      <UnitQty>י"ח</UnitQty>
      <Quantity>750</Quantity>
      <UnitMeasure>ל  מ"ל</UnitMeasure>
      <BisWeighted>0</BisWeighted>
      <QtyInPackage>1</QtyInPackage>
      <ItemPrice>47.90</ItemPrice>
      <UnitOfMeasurePrice>6.35</UnitOfMeasurePrice>
      <AllowDiscount>1</AllowDiscount>
      <itemStatus>1</itemStatus>
      <LastUpdateDate />
      <LastUpdateTime />
    </Product>
    <Product>
      <PriceUpdateDate>2014/02/17 12:47</PriceUpdateDate>
      <ItemCode>7290012576607</ItemCode>
      <ItemType>1</ItemType>
      <ItemName>יין פרימייר אדום קברנה סוביניון/מלבק</ItemName>
      <ManufactureName>טמפו משקאות בעמ</ManufactureName>
      <ManufactureCountry />
      <ManufactureItemDescription />
      <UnitQty>י"ח</UnitQty>
      <Quantity>750</Quantity>
      <UnitMeasure>ל  מ"ל</UnitMeasure>
      <BisWeighted>0</BisWeighted>
      <QtyInPackage>1</QtyInPackage>
      <ItemPrice>24.90</ItemPrice>
      <UnitOfMeasurePrice>3.28</UnitOfMeasurePrice>
      <AllowDiscount>1</AllowDiscount>
      <itemStatus>1</itemStatus>
      <LastUpdateDate />
      <LastUpdateTime />
    </Product>
    <Product>
      <PriceUpdateDate>2014/02/17 12:47</PriceUpdateDate>
      <ItemCode>7290012576614</ItemCode>
      <ItemType>1</ItemType>
      <ItemName>יין פרימייר לבן ריזלינג קולומברד</ItemName>
      <ManufactureName>טמפו משקאות בעמ</ManufactureName>
      <ManufactureCountry />
      <ManufactureItemDescription />
      <UnitQty>י"ח</UnitQty>
      <Quantity>750</Quantity>
      <UnitMeasure>ל  מ"ל</UnitMeasure>
      <BisWeighted>0</BisWeighted>
      <QtyInPackage>1</QtyInPackage>
      <ItemPrice>24.90</ItemPrice>
      <UnitOfMeasurePrice>3.28</UnitOfMeasurePrice>
      <AllowDiscount>1</AllowDiscount>
      <itemStatus>1</itemStatus>
      <LastUpdateDate />
      <LastUpdateTime />
    </Product>
    <Product>
      <PriceUpdateDate>2015/06/29 17:19</PriceUpdateDate>
      <ItemCode>7290012645297</ItemCode>
      <ItemType>1</ItemType>
      <ItemName>יוגורט  עיזים טבעי  150מ"ל</ItemName>
      <ManufactureName>שטראוס גרופ ***בעמ</ManufactureName>
      <ManufactureCountry />
      <ManufactureItemDescription />
      <UnitQty>י"ח</UnitQty>
      <Quantity>150</Quantity>
      <UnitMeasure>ל  מ"ל</UnitMeasure>
      <BisWeighted>0</BisWeighted>
      <QtyInPackage>1</QtyInPackage>
      <ItemPrice>5.90</ItemPrice>
      <UnitOfMeasurePrice>3.93</UnitOfMeasurePrice>
      <AllowDiscount>1</AllowDiscount>
      <itemStatus>1</itemStatus>
      <LastUpdateDate />
      <LastUpdateTime />
    </Product>
    <Product>
      <PriceUpdateDate>2015/06/29 17:19</PriceUpdateDate>
      <ItemCode>7290012645303</ItemCode>
      <ItemType>1</ItemType>
      <ItemName>יוגורט  עיזים עם תות 150מ"ל</ItemName>
      <ManufactureName>שטראוס גרופ ***בעמ</ManufactureName>
      <ManufactureCountry />
      <ManufactureItemDescription />
      <UnitQty>י"ח</UnitQty>
      <Quantity>150</Quantity>
      <UnitMeasure>ל  מ"ל</UnitMeasure>
      <BisWeighted>0</BisWeighted>
      <QtyInPackage>1</QtyInPackage>
      <ItemPrice>5.90</ItemPrice>
      <UnitOfMeasurePrice>3.93</UnitOfMeasurePrice>
      <AllowDiscount>1</AllowDiscount>
      <itemStatus>1</itemStatus>
      <LastUpdateDate />
      <LastUpdateTime />
    </Product>
    <Product>
      <PriceUpdateDate>2015/06/29 17:19</PriceUpdateDate>
      <ItemCode>7290012645310</ItemCode>
      <ItemType>1</ItemType>
      <ItemName>יוגורט  עיזים עם פירות יער  150מ"ל</ItemName>
      <ManufactureName>שטראוס גרופ ***בעמ</ManufactureName>
      <ManufactureCountry />
      <ManufactureItemDescription />
      <UnitQty>י"ח</UnitQty>
      <Quantity>150</Quantity>
      <UnitMeasure>ל  מ"ל</UnitMeasure>
      <BisWeighted>0</BisWeighted>
      <QtyInPackage>1</QtyInPackage>
      <ItemPrice>5.90</ItemPrice>
      <UnitOfMeasurePrice>3.93</UnitOfMeasurePrice>
      <AllowDiscount>1</AllowDiscount>
      <itemStatus>1</itemStatus>
      <LastUpdateDate />
      <LastUpdateTime />
    </Product>
    <Product>
      <PriceUpdateDate>2015/06/29 17:19</PriceUpdateDate>
      <ItemCode>7290012645389</ItemCode>
      <ItemType>1</ItemType>
      <ItemName>יוגורט עיזים  טבעי 1ל בקבוק</ItemName>
      <ManufactureName>שטראוס גרופ ***בעמ</ManufactureName>
      <ManufactureCountry />
      <ManufactureItemDescription />
      <UnitQty>י"ח</UnitQty>
      <Quantity>1</Quantity>
      <UnitMeasure>ליטר</UnitMeasure>
      <BisWeighted>0</BisWeighted>
      <QtyInPackage>1</QtyInPackage>
      <ItemPrice>21.90</ItemPrice>
      <UnitOfMeasurePrice>21.90</UnitOfMeasurePrice>
      <AllowDiscount>1</AllowDiscount>
      <itemStatus>1</itemStatus>
      <LastUpdateDate />
      <LastUpdateTime />
    </Product>
    <Product>
      <PriceUpdateDate>2018/12/07 08:41</PriceUpdateDate>
      <ItemCode>7290012696787</ItemCode>
      <ItemType>1</ItemType>
      <ItemName>שקיות אשפה +50*70שרוך 60 יח</ItemName>
      <ManufactureName>דין שיווק *****</ManufactureName>
      <ManufactureCountry />
      <ManufactureItemDescription />
      <UnitQty>י"ח</UnitQty>
      <Quantity>60</Quantity>
      <UnitMeasure>י"ח</UnitMeasure>
      <BisWeighted>0</BisWeighted>
      <QtyInPackage>1</QtyInPackage>
      <ItemPrice>16.90</ItemPrice>
      <UnitOfMeasurePrice>0.28</UnitOfMeasurePrice>
      <AllowDiscount>1</AllowDiscount>
      <itemStatus>1</itemStatus>
      <LastUpdateDate />
      <LastUpdateTime />
    </Product>
    <Product>
      <PriceUpdateDate>2013/12/24 14:36</PriceUpdateDate>
      <ItemCode>7290012696831</ItemCode>
      <ItemType>1</ItemType>
      <ItemName>שקיות אוכל בגליל 200 יח</ItemName>
      <ManufactureName>דין שיווק *****</ManufactureName>
      <ManufactureCountry />
      <ManufactureItemDescription />
      <UnitQty>י"ח</UnitQty>
      <Quantity>200</Quantity>
      <UnitMeasure>י"ח</UnitMeasure>
      <BisWeighted>0</BisWeighted>
      <QtyInPackage>1</QtyInPackage>
      <ItemPrice>8</ItemPrice>
      <UnitOfMeasurePrice>0.04</UnitOfMeasurePrice>
      <AllowDiscount>1</AllowDiscount>
      <itemStatus>1</itemStatus>
      <LastUpdateDate />
      <LastUpdateTime />
    </Product>
    <Product>
      <PriceUpdateDate>2013/12/24 14:35</PriceUpdateDate>
      <ItemCode>7290012803352</ItemCode>
      <ItemType>1</ItemType>
      <ItemName>רייד אקסטרה קוטל מעופפים</ItemName>
      <ManufactureName>דנשר (1963) בעמ</ManufactureName>
      <ManufactureCountry />
      <ManufactureItemDescription />
      <UnitQty>י"ח</UnitQty>
      <Quantity>400</Quantity>
      <UnitMeasure>ל  מ"ל</UnitMeasure>
      <BisWeighted>0</BisWeighted>
      <QtyInPackage>1</QtyInPackage>
      <ItemPrice>20.40</ItemPrice>
      <UnitOfMeasurePrice>5.10</UnitOfMeasurePrice>
      <AllowDiscount>1</AllowDiscount>
      <itemStatus>1</itemStatus>
      <LastUpdateDate />
      <LastUpdateTime />
    </Product>
    <Product>
      <PriceUpdateDate>2018/12/18 08:15</PriceUpdateDate>
      <ItemCode>7290012803475</ItemCode>
      <ItemType>1</ItemType>
      <ItemName>טואלט דאק ליים מנטרל ריחות 750מ"ל</ItemName>
      <ManufactureName>דנשר (1963) בעמ</ManufactureName>
      <ManufactureCountry />
      <ManufactureItemDescription />
      <UnitQty>י"ח</UnitQty>
      <Quantity>750</Quantity>
      <UnitMeasure>ל  מ"ל</UnitMeasure>
      <BisWeighted>0</BisWeighted>
      <QtyInPackage>1</QtyInPackage>
      <ItemPrice>11.90</ItemPrice>
      <UnitOfMeasurePrice>1.59</UnitOfMeasurePrice>
      <AllowDiscount>1</AllowDiscount>
      <itemStatus>1</itemStatus>
      <LastUpdateDate />
      <LastUpdateTime />
    </Product>
    <Product>
      <PriceUpdateDate>2018/07/15 15:22</PriceUpdateDate>
      <ItemCode>7290012803604</ItemCode>
      <ItemType>1</ItemType>
      <ItemName>שכבות ביסקוויט ושוקולד במילוי קרם</ItemName>
      <ManufactureName>דנשר (1963) בעמ</ManufactureName>
      <ManufactureCountry />
      <ManufactureItemDescription />
      <UnitQty>י"ח</UnitQty>
      <Quantity>180</Quantity>
      <UnitMeasure>ל  גרם</UnitMeasure>
      <BisWeighted>0</BisWeighted>
      <QtyInPackage>1</QtyInPackage>
      <ItemPrice>17.90</ItemPrice>
      <UnitOfMeasurePrice>9.94</UnitOfMeasurePrice>
      <AllowDiscount>1</AllowDiscount>
      <itemStatus>1</itemStatus>
      <LastUpdateDate />
      <LastUpdateTime />
    </Product>
    <Product>
      <PriceUpdateDate>2018/07/15 15:22</PriceUpdateDate>
      <ItemCode>7290012803703</ItemCode>
      <ItemType>1</ItemType>
      <ItemName>שכבות ביסקוויט ושוקולד במילוי קרם</ItemName>
      <ManufactureName>דנשר (1963) בעמ</ManufactureName>
      <ManufactureCountry />
      <ManufactureItemDescription />
      <UnitQty>י"ח</UnitQty>
      <Quantity>180</Quantity>
      <UnitMeasure>ל  גרם</UnitMeasure>
      <BisWeighted>0</BisWeighted>
      <QtyInPackage>1</QtyInPackage>
      <ItemPrice>17.90</ItemPrice>
      <UnitOfMeasurePrice>9.94</UnitOfMeasurePrice>
      <AllowDiscount>1</AllowDiscount>
      <itemStatus>1</itemStatus>
      <LastUpdateDate />
      <LastUpdateTime />
    </Product>
    <Product>
      <PriceUpdateDate>2019/12/17 10:06</PriceUpdateDate>
      <ItemCode>7290012823237</ItemCode>
      <ItemType>1</ItemType>
      <ItemName>תחליב רחצה תה ירוק קרמה</ItemName>
      <ManufactureName>החב הדרומית לשיווק</ManufactureName>
      <ManufactureCountry />
      <ManufactureItemDescription />
      <UnitQty>י"ח</UnitQty>
      <Quantity>750</Quantity>
      <UnitMeasure>ל  גרם</UnitMeasure>
      <BisWeighted>0</BisWeighted>
      <QtyInPackage>1</QtyInPackage>
      <ItemPrice>15.90</ItemPrice>
      <UnitOfMeasurePrice>2.12</UnitOfMeasurePrice>
      <AllowDiscount>1</AllowDiscount>
      <itemStatus>1</itemStatus>
      <LastUpdateDate />
      <LastUpdateTime />
    </Product>
    <Product>
      <PriceUpdateDate>2019/12/04 13:48</PriceUpdateDate>
      <ItemCode>7290012823251</ItemCode>
      <ItemType>1</ItemType>
      <ItemName>אל סבון כיף 1 ליטר יסמין</ItemName>
      <ManufactureName>החב הדרומית לשיווק</ManufactureName>
      <ManufactureCountry />
      <ManufactureItemDescription />
      <UnitQty>י"ח</UnitQty>
      <Quantity>1</Quantity>
      <UnitMeasure>ליטר</UnitMeasure>
      <BisWeighted>0</BisWeighted>
      <QtyInPackage>1</QtyInPackage>
      <ItemPrice>10.90</ItemPrice>
      <UnitOfMeasurePrice>10.90</UnitOfMeasurePrice>
      <AllowDiscount>1</AllowDiscount>
      <itemStatus>1</itemStatus>
      <LastUpdateDate />
      <LastUpdateTime />
    </Product>
    <Product>
      <PriceUpdateDate>2019/12/04 13:48</PriceUpdateDate>
      <ItemCode>7290012823381</ItemCode>
      <ItemType>1</ItemType>
      <ItemName>מרכך כביסה מקסימה 1 ליטר מרוכז</ItemName>
      <ManufactureName>החב הדרומית לשיווק</ManufactureName>
      <ManufactureCountry />
      <ManufactureItemDescription />
      <UnitQty>י"ח</UnitQty>
      <Quantity>1</Quantity>
      <UnitMeasure>ליטר</UnitMeasure>
      <BisWeighted>0</BisWeighted>
      <QtyInPackage>1</QtyInPackage>
      <ItemPrice>15.90</ItemPrice>
      <UnitOfMeasurePrice>15.90</UnitOfMeasurePrice>
      <AllowDiscount>1</AllowDiscount>
      <itemStatus>1</itemStatus>
      <LastUpdateDate />
      <LastUpdateTime />
    </Product>
    <Product>
      <PriceUpdateDate>2020/01/13 10:05</PriceUpdateDate>
      <ItemCode>7290012823404</ItemCode>
      <ItemType>1</ItemType>
      <ItemName>פרש אוטומטיק יסמין</ItemName>
      <ManufactureName>החב הדרומית לשיווק</ManufactureName>
      <ManufactureCountry />
      <ManufactureItemDescription />
      <UnitQty>י"ח</UnitQty>
      <Quantity>165</Quantity>
      <UnitMeasure>ל  גרם</UnitMeasure>
      <BisWeighted>0</BisWeighted>
      <QtyInPackage>1</QtyInPackage>
      <ItemPrice>15.90</ItemPrice>
      <UnitOfMeasurePrice>9.64</UnitOfMeasurePrice>
      <AllowDiscount>1</AllowDiscount>
      <itemStatus>1</itemStatus>
      <LastUpdateDate />
      <LastUpdateTime />
    </Product>
    <Product>
      <PriceUpdateDate>2019/12/04 13:48</PriceUpdateDate>
      <ItemCode>7290012823541</ItemCode>
      <ItemType>1</ItemType>
      <ItemName>מטליות לחות לריצפה ריצפז 10 יחידות</ItemName>
      <ManufactureName>החב הדרומית לשיווק</ManufactureName>
      <ManufactureCountry />
      <ManufactureItemDescription />
      <UnitQty>י"ח</UnitQty>
      <Quantity>1</Quantity>
      <UnitMeasure />
      <BisWeighted>0</BisWeighted>
      <QtyInPackage>1</QtyInPackage>
      <ItemPrice>10.90</ItemPrice>
      <UnitOfMeasurePrice>10.90</UnitOfMeasurePrice>
      <AllowDiscount>1</AllowDiscount>
      <itemStatus>1</itemStatus>
      <LastUpdateDate />
      <LastUpdateTime />
    </Product>
    <Product>
      <PriceUpdateDate>2019/12/04 13:48</PriceUpdateDate>
      <ItemCode>7290012823558</ItemCode>
      <ItemType>1</ItemType>
      <ItemName>מטליות לחות לרצפה ס.סושי 10 יחידות</ItemName>
      <ManufactureName>החב הדרומית לשיווק</ManufactureName>
      <ManufactureCountry />
      <ManufactureItemDescription />
      <UnitQty>י"ח</UnitQty>
      <Quantity>1</Quantity>
      <UnitMeasure />
      <BisWeighted>0</BisWeighted>
      <QtyInPackage>1</QtyInPackage>
      <ItemPrice>10.90</ItemPrice>
      <UnitOfMeasurePrice>10.90</UnitOfMeasurePrice>
      <AllowDiscount>1</AllowDiscount>
      <itemStatus>1</itemStatus>
      <LastUpdateDate />
      <LastUpdateTime />
    </Product>
    <Product>
      <PriceUpdateDate>2014/12/14 09:17</PriceUpdateDate>
      <ItemCode>7290012849985</ItemCode>
      <ItemType>1</ItemType>
      <ItemName>מחית תפו"ע 100ג</ItemName>
      <ManufactureName>שקד תבל בעמ</ManufactureName>
      <ManufactureCountry />
      <ManufactureItemDescription />
      <UnitQty>י"ח</UnitQty>
      <Quantity>100</Quantity>
      <UnitMeasure>ל  מ"ל</UnitMeasure>
      <BisWeighted>0</BisWeighted>
      <QtyInPackage>1</QtyInPackage>
      <ItemPrice>5</ItemPrice>
      <UnitOfMeasurePrice>5</UnitOfMeasurePrice>
      <AllowDiscount>1</AllowDiscount>
      <itemStatus>1</itemStatus>
      <LastUpdateDate />
      <LastUpdateTime />
    </Product>
    <Product>
      <PriceUpdateDate>2014/04/06 10:39</PriceUpdateDate>
      <ItemCode>7290012850011</ItemCode>
      <ItemType>1</ItemType>
      <ItemName>מחית תפוח עץ  190ג</ItemName>
      <ManufactureName>שקד תבל בעמ</ManufactureName>
      <ManufactureCountry />
      <ManufactureItemDescription />
      <UnitQty>י"ח</UnitQty>
      <Quantity>190</Quantity>
      <UnitMeasure>ל  מ"ל</UnitMeasure>
      <BisWeighted>0</BisWeighted>
      <QtyInPackage>1</QtyInPackage>
      <ItemPrice>5.90</ItemPrice>
      <UnitOfMeasurePrice>3.11</UnitOfMeasurePrice>
      <AllowDiscount>1</AllowDiscount>
      <itemStatus>1</itemStatus>
      <LastUpdateDate />
      <LastUpdateTime />
    </Product>
    <Product>
      <PriceUpdateDate>2014/04/06 10:39</PriceUpdateDate>
      <ItemCode>7290012850035</ItemCode>
      <ItemType>1</ItemType>
      <ItemName>מחית תפוח ואפרסק  190ג</ItemName>
      <ManufactureName>שקד תבל בעמ</ManufactureName>
      <ManufactureCountry />
      <ManufactureItemDescription />
      <UnitQty>י"ח</UnitQty>
      <Quantity>190</Quantity>
      <UnitMeasure>ל  מ"ל</UnitMeasure>
      <BisWeighted>0</BisWeighted>
      <QtyInPackage>1</QtyInPackage>
      <ItemPrice>5.90</ItemPrice>
      <UnitOfMeasurePrice>3.11</UnitOfMeasurePrice>
      <AllowDiscount>1</AllowDiscount>
      <itemStatus>1</itemStatus>
      <LastUpdateDate />
      <LastUpdateTime />
    </Product>
    <Product>
      <PriceUpdateDate>2014/04/06 10:39</PriceUpdateDate>
      <ItemCode>7290012850073</ItemCode>
      <ItemType>1</ItemType>
      <ItemName>מחית סלט פירות   190ג</ItemName>
      <ManufactureName>שקד תבל בעמ</ManufactureName>
      <ManufactureCountry />
      <ManufactureItemDescription />
      <UnitQty>י"ח</UnitQty>
      <Quantity>190</Quantity>
      <UnitMeasure>ל  מ"ל</UnitMeasure>
      <BisWeighted>0</BisWeighted>
      <QtyInPackage>1</QtyInPackage>
      <ItemPrice>5.90</ItemPrice>
      <UnitOfMeasurePrice>3.11</UnitOfMeasurePrice>
      <AllowDiscount>1</AllowDiscount>
      <itemStatus>1</itemStatus>
      <LastUpdateDate />
      <LastUpdateTime />
    </Product>
    <Product>
      <PriceUpdateDate>2019/08/11 12:53</PriceUpdateDate>
      <ItemCode>7290012931338</ItemCode>
      <ItemType>1</ItemType>
      <ItemName>מארז 3 מטליות מיקרופייבר לניקוי רצפות</ItemName>
      <ManufactureName>מ.א.ייצור ויבואהמותג</ManufactureName>
      <ManufactureCountry />
      <ManufactureItemDescription />
      <UnitQty>י"ח</UnitQty>
      <Quantity>5</Quantity>
      <UnitMeasure>י"ח</UnitMeasure>
      <BisWeighted>0</BisWeighted>
      <QtyInPackage>1</QtyInPackage>
      <ItemPrice>16.90</ItemPrice>
      <UnitOfMeasurePrice>3.38</UnitOfMeasurePrice>
      <AllowDiscount>1</AllowDiscount>
      <itemStatus>1</itemStatus>
      <LastUpdateDate />
      <LastUpdateTime />
    </Product>
    <Product>
      <PriceUpdateDate>2016/01/07 17:59</PriceUpdateDate>
      <ItemCode>7290012931840</ItemCode>
      <ItemType>1</ItemType>
      <ItemName>מטליות רב שמושות איכות משופרת 9יח</ItemName>
      <ManufactureName>מ.א.ייצור ויבואהמותג</ManufactureName>
      <ManufactureCountry />
      <ManufactureItemDescription />
      <UnitQty>י"ח</UnitQty>
      <Quantity>9</Quantity>
      <UnitMeasure>י"ח</UnitMeasure>
      <BisWeighted>0</BisWeighted>
      <QtyInPackage>1</QtyInPackage>
      <ItemPrice>7.90</ItemPrice>
      <UnitOfMeasurePrice>0.88</UnitOfMeasurePrice>
      <AllowDiscount>1</AllowDiscount>
      <itemStatus>1</itemStatus>
      <LastUpdateDate />
      <LastUpdateTime />
    </Product>
    <Product>
      <PriceUpdateDate>2015/01/21 09:56</PriceUpdateDate>
      <ItemCode>7290012938580</ItemCode>
      <ItemType>1</ItemType>
      <ItemName>סנסודיין הלבנה עדינה 75מ"ל</ItemName>
      <ManufactureName>גורי ע.ע.ע. בעמ</ManufactureName>
      <ManufactureCountry />
      <ManufactureItemDescription />
      <UnitQty>י"ח</UnitQty>
      <Quantity>75</Quantity>
      <UnitMeasure>ל  גרם</UnitMeasure>
      <BisWeighted>0</BisWeighted>
      <QtyInPackage>1</QtyInPackage>
      <ItemPrice>21.90</ItemPrice>
      <UnitOfMeasurePrice>29.20</UnitOfMeasurePrice>
      <AllowDiscount>1</AllowDiscount>
      <itemStatus>1</itemStatus>
      <LastUpdateDate />
      <LastUpdateTime />
    </Product>
    <Product>
      <PriceUpdateDate>2015/01/21 09:56</PriceUpdateDate>
      <ItemCode>7290012938597</ItemCode>
      <ItemType>1</ItemType>
      <ItemName>סנסודיין רפיד רליף 75 מ"ל</ItemName>
      <ManufactureName>גורי ע.ע.ע. בעמ</ManufactureName>
      <ManufactureCountry />
      <ManufactureItemDescription />
      <UnitQty>י"ח</UnitQty>
      <Quantity>75</Quantity>
      <UnitMeasure>ל  גרם</UnitMeasure>
      <BisWeighted>0</BisWeighted>
      <QtyInPackage>1</QtyInPackage>
      <ItemPrice>21.90</ItemPrice>
      <UnitOfMeasurePrice>29.20</UnitOfMeasurePrice>
      <AllowDiscount>1</AllowDiscount>
      <itemStatus>1</itemStatus>
      <LastUpdateDate />
      <LastUpdateTime />
    </Product>
    <Product>
      <PriceUpdateDate>2014/01/03 13:46</PriceUpdateDate>
      <ItemCode>7290012938740</ItemCode>
      <ItemType>1</ItemType>
      <ItemName>סנסודין מנטה 75מ"ל</ItemName>
      <ManufactureName>גורי ע.ע.ע. בעמ</ManufactureName>
      <ManufactureCountry />
      <ManufactureItemDescription />
      <UnitQty>י"ח</UnitQty>
      <Quantity>1</Quantity>
      <UnitMeasure />
      <BisWeighted>0</BisWeighted>
      <QtyInPackage>1</QtyInPackage>
      <ItemPrice>23</ItemPrice>
      <UnitOfMeasurePrice>23</UnitOfMeasurePrice>
      <AllowDiscount>1</AllowDiscount>
      <itemStatus>1</itemStatus>
      <LastUpdateDate />
      <LastUpdateTime />
    </Product>
    <Product>
      <PriceUpdateDate>2015/01/21 09:56</PriceUpdateDate>
      <ItemCode>7290012938924</ItemCode>
      <ItemType>1</ItemType>
      <ItemName>אקוה פרש מי פה 500מ"ל</ItemName>
      <ManufactureName>גורי ע.ע.ע. בעמ</ManufactureName>
      <ManufactureCountry />
      <ManufactureItemDescription />
      <UnitQty>י"ח</UnitQty>
      <Quantity>500</Quantity>
      <UnitMeasure>ל  גרם</UnitMeasure>
      <BisWeighted>0</BisWeighted>
      <QtyInPackage>1</QtyInPackage>
      <ItemPrice>19.90</ItemPrice>
      <UnitOfMeasurePrice>3.98</UnitOfMeasurePrice>
      <AllowDiscount>1</AllowDiscount>
      <itemStatus>1</itemStatus>
      <LastUpdateDate />
      <LastUpdateTime />
    </Product>
    <Product>
      <PriceUpdateDate>2014/08/07 16:36</PriceUpdateDate>
      <ItemCode>7290012962448</ItemCode>
      <ItemType>1</ItemType>
      <ItemName>מדליק פחמים נוזלי 250מ"ל עם פקק ביטחון</ItemName>
      <ManufactureName>אינטרסן (1996) בעמ</ManufactureName>
      <ManufactureCountry />
      <ManufactureItemDescription />
      <UnitQty>י"ח</UnitQty>
      <Quantity>250</Quantity>
      <UnitMeasure>ל  מ"ל</UnitMeasure>
      <BisWeighted>0</BisWeighted>
      <QtyInPackage>1</QtyInPackage>
      <ItemPrice>9.90</ItemPrice>
      <UnitOfMeasurePrice>3.96</UnitOfMeasurePrice>
      <AllowDiscount>1</AllowDiscount>
      <itemStatus>1</itemStatus>
      <LastUpdateDate />
      <LastUpdateTime />
    </Product>
    <Product>
      <PriceUpdateDate>2015/05/13 08:44</PriceUpdateDate>
      <ItemCode>7290012962592</ItemCode>
      <ItemType>1</ItemType>
      <ItemName>מדליק פחם אקולוגי מוצק 32יח</ItemName>
      <ManufactureName>אינטרסן (1996) בעמ</ManufactureName>
      <ManufactureCountry />
      <ManufactureItemDescription />
      <UnitQty>י"ח</UnitQty>
      <Quantity>32</Quantity>
      <UnitMeasure>י"ח</UnitMeasure>
      <BisWeighted>0</BisWeighted>
      <QtyInPackage>1</QtyInPackage>
      <ItemPrice>6.90</ItemPrice>
      <UnitOfMeasurePrice>0.22</UnitOfMeasurePrice>
      <AllowDiscount>1</AllowDiscount>
      <itemStatus>1</itemStatus>
      <LastUpdateDate />
      <LastUpdateTime />
    </Product>
    <Product>
      <PriceUpdateDate>2017/08/31 13:37</PriceUpdateDate>
      <ItemCode>7290012962677</ItemCode>
      <ItemType>1</ItemType>
      <ItemName>ניילון נצמד ללא 150מטר עם מתקן</ItemName>
      <ManufactureName>אינטרסן (1996) בעמ</ManufactureName>
      <ManufactureCountry />
      <ManufactureItemDescription />
      <UnitQty>י"ח</UnitQty>
      <Quantity>1.50</Quantity>
      <UnitMeasure>מטר</UnitMeasure>
      <BisWeighted>0</BisWeighted>
      <QtyInPackage>1</QtyInPackage>
      <ItemPrice>19.90</ItemPrice>
      <UnitOfMeasurePrice>13.27</UnitOfMeasurePrice>
      <AllowDiscount>1</AllowDiscount>
      <itemStatus>1</itemStatus>
      <LastUpdateDate />
      <LastUpdateTime />
    </Product>
    <Product>
      <PriceUpdateDate>2015/02/06 08:56</PriceUpdateDate>
      <ItemCode>7290012962684</ItemCode>
      <ItemType>1</ItemType>
      <ItemName>שקיות צליה גמבו 50/35ס"מ</ItemName>
      <ManufactureName>אינטרסן (1996) בעמ</ManufactureName>
      <ManufactureCountry />
      <ManufactureItemDescription />
      <UnitQty>י"ח</UnitQty>
      <Quantity>50</Quantity>
      <UnitMeasure>ס"מ</UnitMeasure>
      <BisWeighted>0</BisWeighted>
      <QtyInPackage>1</QtyInPackage>
      <ItemPrice>5</ItemPrice>
      <UnitOfMeasurePrice>10</UnitOfMeasurePrice>
      <AllowDiscount>1</AllowDiscount>
      <itemStatus>1</itemStatus>
      <LastUpdateDate />
      <LastUpdateTime />
    </Product>
    <Product>
      <PriceUpdateDate>2015/02/06 08:56</PriceUpdateDate>
      <ItemCode>7290012962721</ItemCode>
      <ItemType>1</ItemType>
      <ItemName>משטחי החתלה מרופדים 60/60ס"מ</ItemName>
      <ManufactureName>אינטרסן (1996) בעמ</ManufactureName>
      <ManufactureCountry />
      <ManufactureItemDescription />
      <UnitQty>י"ח</UnitQty>
      <Quantity>1.50</Quantity>
      <UnitMeasure>מטר</UnitMeasure>
      <BisWeighted>0</BisWeighted>
      <QtyInPackage>1</QtyInPackage>
      <ItemPrice>20.90</ItemPrice>
      <UnitOfMeasurePrice>13.93</UnitOfMeasurePrice>
      <AllowDiscount>1</AllowDiscount>
      <itemStatus>1</itemStatus>
      <LastUpdateDate />
      <LastUpdateTime />
    </Product>
    <Product>
      <PriceUpdateDate>2015/05/13 08:44</PriceUpdateDate>
      <ItemCode>7290012962776</ItemCode>
      <ItemType>1</ItemType>
      <ItemName>שקיות לאיחסון חלב אם 20יחידות</ItemName>
      <ManufactureName>אינטרסן (1996) בעמ</ManufactureName>
      <ManufactureCountry />
      <ManufactureItemDescription />
      <UnitQty>י"ח</UnitQty>
      <Quantity>20</Quantity>
      <UnitMeasure>י"ח</UnitMeasure>
      <BisWeighted>0</BisWeighted>
      <QtyInPackage>1</QtyInPackage>
      <ItemPrice>26.90</ItemPrice>
      <UnitOfMeasurePrice>1.35</UnitOfMeasurePrice>
      <AllowDiscount>1</AllowDiscount>
      <itemStatus>1</itemStatus>
      <LastUpdateDate />
      <LastUpdateTime />
    </Product>
    <Product>
      <PriceUpdateDate>2018/05/24 14:20</PriceUpdateDate>
      <ItemCode>7290013010322</ItemCode>
      <ItemType>1</ItemType>
      <ItemName>עגבניות שלמות A2.5</ItemName>
      <ManufactureName>זנלכל בעמ</ManufactureName>
      <ManufactureCountry />
      <ManufactureItemDescription />
      <UnitQty>י"ח</UnitQty>
      <Quantity>800</Quantity>
      <UnitMeasure>ל  גרם</UnitMeasure>
      <BisWeighted>0</BisWeighted>
      <QtyInPackage>1</QtyInPackage>
      <ItemPrice>6.90</ItemPrice>
      <UnitOfMeasurePrice>0.86</UnitOfMeasurePrice>
      <AllowDiscount>1</AllowDiscount>
      <itemStatus>1</itemStatus>
      <LastUpdateDate />
      <LastUpdateTime />
    </Product>
    <Product>
      <PriceUpdateDate>2018/05/24 14:20</PriceUpdateDate>
      <ItemCode>7290013010339</ItemCode>
      <ItemType>1</ItemType>
      <ItemName>עגבניות מרוסקות בצל A2.5</ItemName>
      <ManufactureName>זנלכל בעמ</ManufactureName>
      <ManufactureCountry />
      <ManufactureItemDescription />
      <UnitQty>י"ח</UnitQty>
      <Quantity>800</Quantity>
      <UnitMeasure>ל  גרם</UnitMeasure>
      <BisWeighted>0</BisWeighted>
      <QtyInPackage>1</QtyInPackage>
      <ItemPrice>6.90</ItemPrice>
      <UnitOfMeasurePrice>0.86</UnitOfMeasurePrice>
      <AllowDiscount>1</AllowDiscount>
      <itemStatus>1</itemStatus>
      <LastUpdateDate />
      <LastUpdateTime />
    </Product>
    <Product>
      <PriceUpdateDate>2018/05/24 14:20</PriceUpdateDate>
      <ItemCode>7290013010346</ItemCode>
      <ItemType>1</ItemType>
      <ItemName>עגבניות מרוסקות שום A2.5 800 ג</ItemName>
      <ManufactureName>זנלכל בעמ</ManufactureName>
      <ManufactureCountry />
      <ManufactureItemDescription />
      <UnitQty>י"ח</UnitQty>
      <Quantity>800</Quantity>
      <UnitMeasure>ל  גרם</UnitMeasure>
      <BisWeighted>0</BisWeighted>
      <QtyInPackage>1</QtyInPackage>
      <ItemPrice>6.90</ItemPrice>
      <UnitOfMeasurePrice>0.86</UnitOfMeasurePrice>
      <AllowDiscount>1</AllowDiscount>
      <itemStatus>1</itemStatus>
      <LastUpdateDate />
      <LastUpdateTime />
    </Product>
    <Product>
      <PriceUpdateDate>2018/05/24 14:20</PriceUpdateDate>
      <ItemCode>7290013010353</ItemCode>
      <ItemType>1</ItemType>
      <ItemName>עגבניות מרוסקות בזיליקום A2.5</ItemName>
      <ManufactureName>זנלכל בעמ</ManufactureName>
      <ManufactureCountry />
      <ManufactureItemDescription />
      <UnitQty>י"ח</UnitQty>
      <Quantity>800</Quantity>
      <UnitMeasure>ל  גרם</UnitMeasure>
      <BisWeighted>0</BisWeighted>
      <QtyInPackage>1</QtyInPackage>
      <ItemPrice>6.90</ItemPrice>
      <UnitOfMeasurePrice>0.86</UnitOfMeasurePrice>
      <AllowDiscount>1</AllowDiscount>
      <itemStatus>1</itemStatus>
      <LastUpdateDate />
      <LastUpdateTime />
    </Product>
    <Product>
      <PriceUpdateDate>2018/12/12 13:31</PriceUpdateDate>
      <ItemCode>7290013038005</ItemCode>
      <ItemType>1</ItemType>
      <ItemName>ג`אמפ תפוח 1.5 ליטר</ItemName>
      <ManufactureName>טמפו משקאות בעמ</ManufactureName>
      <ManufactureCountry />
      <ManufactureItemDescription />
      <UnitQty>י"ח</UnitQty>
      <Quantity>1.50</Quantity>
      <UnitMeasure>ליטר</UnitMeasure>
      <BisWeighted>0</BisWeighted>
      <QtyInPackage>1</QtyInPackage>
      <ItemPrice>5.90</ItemPrice>
      <UnitOfMeasurePrice>3.93</UnitOfMeasurePrice>
      <AllowDiscount>1</AllowDiscount>
      <itemStatus>1</itemStatus>
      <LastUpdateDate />
      <LastUpdateTime />
    </Product>
    <Product>
      <PriceUpdateDate>2014/01/19 10:41</PriceUpdateDate>
      <ItemCode>7290013095053</ItemCode>
      <ItemType>1</ItemType>
      <ItemName>מגבונים לילדים בריח מסטיק</ItemName>
      <ManufactureName>פישר תעשיות פרמבצטיות בעמ</ManufactureName>
      <ManufactureCountry />
      <ManufactureItemDescription />
      <UnitQty>י"ח</UnitQty>
      <Quantity>1</Quantity>
      <UnitMeasure />
      <BisWeighted>0</BisWeighted>
      <QtyInPackage>1</QtyInPackage>
      <ItemPrice>14</ItemPrice>
      <UnitOfMeasurePrice>14</UnitOfMeasurePrice>
      <AllowDiscount>1</AllowDiscount>
      <itemStatus>1</itemStatus>
      <LastUpdateDate />
      <LastUpdateTime />
    </Product>
    <Product>
      <PriceUpdateDate>2020/01/16 08:24</PriceUpdateDate>
      <ItemCode>7290013116109</ItemCode>
      <ItemType>1</ItemType>
      <ItemName>פריכיות מיני אורז מלא וכוסמת  80גר</ItemName>
      <ManufactureName>ציון תורגמן בעמ</ManufactureName>
      <ManufactureCountry />
      <ManufactureItemDescription />
      <UnitQty>י"ח</UnitQty>
      <Quantity>80</Quantity>
      <UnitMeasure>ל  גרם</UnitMeasure>
      <BisWeighted>0</BisWeighted>
      <QtyInPackage>1</QtyInPackage>
      <ItemPrice>5.90</ItemPrice>
      <UnitOfMeasurePrice>7.38</UnitOfMeasurePrice>
      <AllowDiscount>1</AllowDiscount>
      <itemStatus>1</itemStatus>
      <LastUpdateDate />
      <LastUpdateTime />
    </Product>
    <Product>
      <PriceUpdateDate>2020/01/16 08:24</PriceUpdateDate>
      <ItemCode>7290013116116</ItemCode>
      <ItemType>1</ItemType>
      <ItemName>פריכיות מיני אורז מלא  100גר</ItemName>
      <ManufactureName>ציון תורגמן בעמ</ManufactureName>
      <ManufactureCountry />
      <ManufactureItemDescription />
      <UnitQty>י"ח</UnitQty>
      <Quantity>100</Quantity>
      <UnitMeasure>ל  גרם</UnitMeasure>
      <BisWeighted>0</BisWeighted>
      <QtyInPackage>1</QtyInPackage>
      <ItemPrice>5.90</ItemPrice>
      <UnitOfMeasurePrice>5.90</UnitOfMeasurePrice>
      <AllowDiscount>1</AllowDiscount>
      <itemStatus>1</itemStatus>
      <LastUpdateDate />
      <LastUpdateTime />
    </Product>
    <Product>
      <PriceUpdateDate>2020/01/16 08:24</PriceUpdateDate>
      <ItemCode>7290013116123</ItemCode>
      <ItemType>1</ItemType>
      <ItemName>פריכיות מיני אורז מלא ותירס  80גר</ItemName>
      <ManufactureName>ציון תורגמן בעמ</ManufactureName>
      <ManufactureCountry />
      <ManufactureItemDescription />
      <UnitQty>י"ח</UnitQty>
      <Quantity>80</Quantity>
      <UnitMeasure>ל  גרם</UnitMeasure>
      <BisWeighted>0</BisWeighted>
      <QtyInPackage>1</QtyInPackage>
      <ItemPrice>5.90</ItemPrice>
      <UnitOfMeasurePrice>7.38</UnitOfMeasurePrice>
      <AllowDiscount>1</AllowDiscount>
      <itemStatus>1</itemStatus>
      <LastUpdateDate />
      <LastUpdateTime />
    </Product>
    <Product>
      <PriceUpdateDate>2018/07/01 11:51</PriceUpdateDate>
      <ItemCode>7290013117212</ItemCode>
      <ItemType>1</ItemType>
      <ItemName>בורקס פילו במילוי גבינה 600 גר`מעדנות</ItemName>
      <ManufactureName>תנובה בשר</ManufactureName>
      <ManufactureCountry />
      <ManufactureItemDescription />
      <UnitQty>י"ח</UnitQty>
      <Quantity>600</Quantity>
      <UnitMeasure>ל  גרם</UnitMeasure>
      <BisWeighted>0</BisWeighted>
      <QtyInPackage>1</QtyInPackage>
      <ItemPrice>19.90</ItemPrice>
      <UnitOfMeasurePrice>3.32</UnitOfMeasurePrice>
      <AllowDiscount>1</AllowDiscount>
      <itemStatus>1</itemStatus>
      <LastUpdateDate />
      <LastUpdateTime />
    </Product>
    <Product>
      <PriceUpdateDate>2018/07/01 11:51</PriceUpdateDate>
      <ItemCode>7290013117229</ItemCode>
      <ItemType>1</ItemType>
      <ItemName>בורקס פילו במילוי תפו"א 600גר`</ItemName>
      <ManufactureName>תנובה בשר</ManufactureName>
      <ManufactureCountry />
      <ManufactureItemDescription />
      <UnitQty>י"ח</UnitQty>
      <Quantity>600</Quantity>
      <UnitMeasure>ל  גרם</UnitMeasure>
      <BisWeighted>0</BisWeighted>
      <QtyInPackage>1</QtyInPackage>
      <ItemPrice>19.90</ItemPrice>
      <UnitOfMeasurePrice>3.32</UnitOfMeasurePrice>
      <AllowDiscount>1</AllowDiscount>
      <itemStatus>1</itemStatus>
      <LastUpdateDate />
      <LastUpdateTime />
    </Product>
    <Product>
      <PriceUpdateDate>2018/07/01 11:51</PriceUpdateDate>
      <ItemCode>7290013117236</ItemCode>
      <ItemType>1</ItemType>
      <ItemName>בורקס פילו פיצה 600גר`</ItemName>
      <ManufactureName>תנובה בשר</ManufactureName>
      <ManufactureCountry />
      <ManufactureItemDescription />
      <UnitQty>י"ח</UnitQty>
      <Quantity>600</Quantity>
      <UnitMeasure>ל  גרם</UnitMeasure>
      <BisWeighted>0</BisWeighted>
      <QtyInPackage>1</QtyInPackage>
      <ItemPrice>19.90</ItemPrice>
      <UnitOfMeasurePrice>3.32</UnitOfMeasurePrice>
      <AllowDiscount>1</AllowDiscount>
      <itemStatus>1</itemStatus>
      <LastUpdateDate />
      <LastUpdateTime />
    </Product>
    <Product>
      <PriceUpdateDate>2018/07/01 11:51</PriceUpdateDate>
      <ItemCode>7290013117243</ItemCode>
      <ItemType>1</ItemType>
      <ItemName>בורקס פילו בולגרית 600גר`</ItemName>
      <ManufactureName>תנובה בשר</ManufactureName>
      <ManufactureCountry />
      <ManufactureItemDescription />
      <UnitQty>י"ח</UnitQty>
      <Quantity>600</Quantity>
      <UnitMeasure>ל  גרם</UnitMeasure>
      <BisWeighted>0</BisWeighted>
      <QtyInPackage>1</QtyInPackage>
      <ItemPrice>19.90</ItemPrice>
      <UnitOfMeasurePrice>3.32</UnitOfMeasurePrice>
      <AllowDiscount>1</AllowDiscount>
      <itemStatus>1</itemStatus>
      <LastUpdateDate />
      <LastUpdateTime />
    </Product>
    <Product>
      <PriceUpdateDate>2018/07/01 11:51</PriceUpdateDate>
      <ItemCode>7290013117250</ItemCode>
      <ItemType>1</ItemType>
      <ItemName>בורקס פילו במילוי תרד וגבינה 600גר`</ItemName>
      <ManufactureName>תנובה בשר</ManufactureName>
      <ManufactureCountry />
      <ManufactureItemDescription />
      <UnitQty>י"ח</UnitQty>
      <Quantity>600</Quantity>
      <UnitMeasure>ל  גרם</UnitMeasure>
      <BisWeighted>0</BisWeighted>
      <QtyInPackage>1</QtyInPackage>
      <ItemPrice>19.90</ItemPrice>
      <UnitOfMeasurePrice>3.32</UnitOfMeasurePrice>
      <AllowDiscount>1</AllowDiscount>
      <itemStatus>1</itemStatus>
      <LastUpdateDate />
      <LastUpdateTime />
    </Product>
    <Product>
      <PriceUpdateDate>2013/12/18 18:56</PriceUpdateDate>
      <ItemCode>7290013117359</ItemCode>
      <ItemType>1</ItemType>
      <ItemName>בצק עלים  900גרם  }מעדנות{</ItemName>
      <ManufactureName>תנובה בשר</ManufactureName>
      <ManufactureCountry />
      <ManufactureItemDescription />
      <UnitQty>י"ח</UnitQty>
      <Quantity>900</Quantity>
      <UnitMeasure>ל  מ"ל</UnitMeasure>
      <BisWeighted>0</BisWeighted>
      <QtyInPackage>1</QtyInPackage>
      <ItemPrice>21.90</ItemPrice>
      <UnitOfMeasurePrice>2.43</UnitOfMeasurePrice>
      <AllowDiscount>1</AllowDiscount>
      <itemStatus>1</itemStatus>
      <LastUpdateDate />
      <LastUpdateTime />
    </Product>
    <Product>
      <PriceUpdateDate>2018/07/15 15:22</PriceUpdateDate>
      <ItemCode>7290013117410</ItemCode>
      <ItemType>1</ItemType>
      <ItemName>בצק עלים פריך   מתוק}מעדנות{900גר</ItemName>
      <ManufactureName>תנובה בשר</ManufactureName>
      <ManufactureCountry />
      <ManufactureItemDescription />
      <UnitQty>י"ח</UnitQty>
      <Quantity>900</Quantity>
      <UnitMeasure>ל  גרם</UnitMeasure>
      <BisWeighted>0</BisWeighted>
      <QtyInPackage>1</QtyInPackage>
      <ItemPrice>23.90</ItemPrice>
      <UnitOfMeasurePrice>2.66</UnitOfMeasurePrice>
      <AllowDiscount>1</AllowDiscount>
      <itemStatus>1</itemStatus>
      <LastUpdateDate />
      <LastUpdateTime />
    </Product>
    <Product>
      <PriceUpdateDate>2019/06/24 08:38</PriceUpdateDate>
      <ItemCode>7290013117427</ItemCode>
      <ItemType>1</ItemType>
      <ItemName>בצק עלים פריך   מלוח}מעדנות{900גר</ItemName>
      <ManufactureName>תנובה בשר</ManufactureName>
      <ManufactureCountry />
      <ManufactureItemDescription />
      <UnitQty>י"ח</UnitQty>
      <Quantity>900</Quantity>
      <UnitMeasure>ל  גרם</UnitMeasure>
      <BisWeighted>0</BisWeighted>
      <QtyInPackage>1</QtyInPackage>
      <ItemPrice>22.90</ItemPrice>
      <UnitOfMeasurePrice>2.54</UnitOfMeasurePrice>
      <AllowDiscount>1</AllowDiscount>
      <itemStatus>1</itemStatus>
      <LastUpdateDate />
      <LastUpdateTime />
    </Product>
    <Product>
      <PriceUpdateDate>2018/07/01 11:51</PriceUpdateDate>
      <ItemCode>7290013117441</ItemCode>
      <ItemType>1</ItemType>
      <ItemName>בורקס פילו במילוי פטריות 600גר`</ItemName>
      <ManufactureName>תנובה בשר</ManufactureName>
      <ManufactureCountry />
      <ManufactureItemDescription />
      <UnitQty>י"ח</UnitQty>
      <Quantity>600</Quantity>
      <UnitMeasure>ל  גרם</UnitMeasure>
      <BisWeighted>0</BisWeighted>
      <QtyInPackage>1</QtyInPackage>
      <ItemPrice>19.90</ItemPrice>
      <UnitOfMeasurePrice>3.32</UnitOfMeasurePrice>
      <AllowDiscount>1</AllowDiscount>
      <itemStatus>1</itemStatus>
      <LastUpdateDate />
      <LastUpdateTime />
    </Product>
    <Product>
      <PriceUpdateDate>2018/07/01 11:51</PriceUpdateDate>
      <ItemCode>7290013117502</ItemCode>
      <ItemType>1</ItemType>
      <ItemName>בורקס פילו במילוי תרד 600גרם</ItemName>
      <ManufactureName>תנובה בשר</ManufactureName>
      <ManufactureCountry />
      <ManufactureItemDescription />
      <UnitQty>י"ח</UnitQty>
      <Quantity>600</Quantity>
      <UnitMeasure>ל  גרם</UnitMeasure>
      <BisWeighted>0</BisWeighted>
      <QtyInPackage>1</QtyInPackage>
      <ItemPrice>19.90</ItemPrice>
      <UnitOfMeasurePrice>3.32</UnitOfMeasurePrice>
      <AllowDiscount>1</AllowDiscount>
      <itemStatus>1</itemStatus>
      <LastUpdateDate />
      <LastUpdateTime />
    </Product>
    <Product>
      <PriceUpdateDate>2015/08/31 10:51</PriceUpdateDate>
      <ItemCode>7290013117526</ItemCode>
      <ItemType>1</ItemType>
      <ItemName>בצק שמרים למאפים מתוקים 900גרם</ItemName>
      <ManufactureName>תנובה בשר</ManufactureName>
      <ManufactureCountry />
      <ManufactureItemDescription />
      <UnitQty>י"ח</UnitQty>
      <Quantity>900</Quantity>
      <UnitMeasure>ל  גרם</UnitMeasure>
      <BisWeighted>0</BisWeighted>
      <QtyInPackage>1</QtyInPackage>
      <ItemPrice>21.40</ItemPrice>
      <UnitOfMeasurePrice>2.38</UnitOfMeasurePrice>
      <AllowDiscount>1</AllowDiscount>
      <itemStatus>1</itemStatus>
      <LastUpdateDate />
      <LastUpdateTime />
    </Product>
    <Product>
      <PriceUpdateDate>2014/01/19 10:40</PriceUpdateDate>
      <ItemCode>7290013117601</ItemCode>
      <ItemType>1</ItemType>
      <ItemName>מארז 3 פיצות גבינה</ItemName>
      <ManufactureName>תנובה בשר</ManufactureName>
      <ManufactureCountry />
      <ManufactureItemDescription />
      <UnitQty>י"ח</UnitQty>
      <Quantity>1.20</Quantity>
      <UnitMeasure>ק"ג</UnitMeasure>
      <BisWeighted>0</BisWeighted>
      <QtyInPackage>1</QtyInPackage>
      <ItemPrice>40</ItemPrice>
      <UnitOfMeasurePrice>33.33</UnitOfMeasurePrice>
      <AllowDiscount>1</AllowDiscount>
      <itemStatus>1</itemStatus>
      <LastUpdateDate />
      <LastUpdateTime />
    </Product>
    <Product>
      <PriceUpdateDate>2015/09/02 09:35</PriceUpdateDate>
      <ItemCode>7290013117663</ItemCode>
      <ItemType>1</ItemType>
      <ItemName>בורקס פילו ארבע גבינות 500ג</ItemName>
      <ManufactureName>תנובה בשר</ManufactureName>
      <ManufactureCountry />
      <ManufactureItemDescription />
      <UnitQty>י"ח</UnitQty>
      <Quantity>800</Quantity>
      <UnitMeasure>ל  גרם</UnitMeasure>
      <BisWeighted>0</BisWeighted>
      <QtyInPackage>1</QtyInPackage>
      <ItemPrice>21.90</ItemPrice>
      <UnitOfMeasurePrice>2.74</UnitOfMeasurePrice>
      <AllowDiscount>1</AllowDiscount>
      <itemStatus>1</itemStatus>
      <LastUpdateDate />
      <LastUpdateTime />
    </Product>
    <Product>
      <PriceUpdateDate>2015/08/31 10:51</PriceUpdateDate>
      <ItemCode>7290013117670</ItemCode>
      <ItemType>1</ItemType>
      <ItemName>אצבעות פילו גבינה וניל</ItemName>
      <ManufactureName>תנובה בשר</ManufactureName>
      <ManufactureCountry />
      <ManufactureItemDescription />
      <UnitQty>י"ח</UnitQty>
      <Quantity>800</Quantity>
      <UnitMeasure>ל  גרם</UnitMeasure>
      <BisWeighted>0</BisWeighted>
      <QtyInPackage>1</QtyInPackage>
      <ItemPrice>15.90</ItemPrice>
      <UnitOfMeasurePrice>1.99</UnitOfMeasurePrice>
      <AllowDiscount>1</AllowDiscount>
      <itemStatus>1</itemStatus>
      <LastUpdateDate />
      <LastUpdateTime />
    </Product>
    <Product>
      <PriceUpdateDate>2014/01/03 13:46</PriceUpdateDate>
      <ItemCode>7290013117700</ItemCode>
      <ItemType>1</ItemType>
      <ItemName>מאפה פילו במילוי עוף 700גר</ItemName>
      <ManufactureName>תנובה בשר</ManufactureName>
      <ManufactureCountry />
      <ManufactureItemDescription />
      <UnitQty>י"ח</UnitQty>
      <Quantity>700</Quantity>
      <UnitMeasure>ל  גרם</UnitMeasure>
      <BisWeighted>0</BisWeighted>
      <QtyInPackage>1</QtyInPackage>
      <ItemPrice>35.90</ItemPrice>
      <UnitOfMeasurePrice>5.13</UnitOfMeasurePrice>
      <AllowDiscount>1</AllowDiscount>
      <itemStatus>1</itemStatus>
      <LastUpdateDate />
      <LastUpdateTime />
    </Product>
    <Product>
      <PriceUpdateDate>2014/01/03 13:46</PriceUpdateDate>
      <ItemCode>7290013117717</ItemCode>
      <ItemType>1</ItemType>
      <ItemName>מאפה פילו במילוי תפו"א 740גר</ItemName>
      <ManufactureName>תנובה בשר</ManufactureName>
      <ManufactureCountry />
      <ManufactureItemDescription />
      <UnitQty>י"ח</UnitQty>
      <Quantity>740</Quantity>
      <UnitMeasure>ל  גרם</UnitMeasure>
      <BisWeighted>0</BisWeighted>
      <QtyInPackage>1</QtyInPackage>
      <ItemPrice>25.50</ItemPrice>
      <UnitOfMeasurePrice>3.45</UnitOfMeasurePrice>
      <AllowDiscount>1</AllowDiscount>
      <itemStatus>1</itemStatus>
      <LastUpdateDate />
      <LastUpdateTime />
    </Product>
    <Product>
      <PriceUpdateDate>2014/01/03 13:46</PriceUpdateDate>
      <ItemCode>7290013117724</ItemCode>
      <ItemType>1</ItemType>
      <ItemName>פיצה טוסט גבינה 800ג</ItemName>
      <ManufactureName>תנובה בשר</ManufactureName>
      <ManufactureCountry />
      <ManufactureItemDescription />
      <UnitQty>י"ח</UnitQty>
      <Quantity>800</Quantity>
      <UnitMeasure>ל  גרם</UnitMeasure>
      <BisWeighted>0</BisWeighted>
      <QtyInPackage>1</QtyInPackage>
      <ItemPrice>28.50</ItemPrice>
      <UnitOfMeasurePrice>3.56</UnitOfMeasurePrice>
      <AllowDiscount>1</AllowDiscount>
      <itemStatus>1</itemStatus>
      <LastUpdateDate />
      <LastUpdateTime />
    </Product>
    <Product>
      <PriceUpdateDate>2014/01/03 13:46</PriceUpdateDate>
      <ItemCode>7290013117731</ItemCode>
      <ItemType>1</ItemType>
      <ItemName>פיצה טוסט גבינה וזיתים 800ג</ItemName>
      <ManufactureName>תנובה בשר</ManufactureName>
      <ManufactureCountry />
      <ManufactureItemDescription />
      <UnitQty>י"ח</UnitQty>
      <Quantity>800</Quantity>
      <UnitMeasure>ל  גרם</UnitMeasure>
      <BisWeighted>0</BisWeighted>
      <QtyInPackage>1</QtyInPackage>
      <ItemPrice>28.50</ItemPrice>
      <UnitOfMeasurePrice>3.56</UnitOfMeasurePrice>
      <AllowDiscount>1</AllowDiscount>
      <itemStatus>1</itemStatus>
      <LastUpdateDate />
      <LastUpdateTime />
    </Product>
    <Product>
      <PriceUpdateDate>2014/01/19 10:40</PriceUpdateDate>
      <ItemCode>7290013117823</ItemCode>
      <ItemType>1</ItemType>
      <ItemName>בצק לפיצה דק 400גר</ItemName>
      <ManufactureName>תנובה בשר</ManufactureName>
      <ManufactureCountry />
      <ManufactureItemDescription />
      <UnitQty>י"ח</UnitQty>
      <Quantity>900</Quantity>
      <UnitMeasure>ל  מ"ל</UnitMeasure>
      <BisWeighted>0</BisWeighted>
      <QtyInPackage>1</QtyInPackage>
      <ItemPrice>19</ItemPrice>
      <UnitOfMeasurePrice>2.11</UnitOfMeasurePrice>
      <AllowDiscount>1</AllowDiscount>
      <itemStatus>1</itemStatus>
      <LastUpdateDate />
      <LastUpdateTime />
    </Product>
    <Product>
      <PriceUpdateDate>2014/01/19 10:40</PriceUpdateDate>
      <ItemCode>7290013117830</ItemCode>
      <ItemType>1</ItemType>
      <ItemName>בצק לפיצה עבה 400גר</ItemName>
      <ManufactureName>תנובה בשר</ManufactureName>
      <ManufactureCountry />
      <ManufactureItemDescription />
      <UnitQty>י"ח</UnitQty>
      <Quantity>900</Quantity>
      <UnitMeasure>ל  מ"ל</UnitMeasure>
      <BisWeighted>0</BisWeighted>
      <QtyInPackage>1</QtyInPackage>
      <ItemPrice>19</ItemPrice>
      <UnitOfMeasurePrice>2.11</UnitOfMeasurePrice>
      <AllowDiscount>1</AllowDiscount>
      <itemStatus>1</itemStatus>
      <LastUpdateDate />
      <LastUpdateTime />
    </Product>
    <Product>
      <PriceUpdateDate>2016/03/07 09:13</PriceUpdateDate>
      <ItemCode>7290013144232</ItemCode>
      <ItemType>1</ItemType>
      <ItemName>פודינג וניל</ItemName>
      <ManufactureName>מימונס אפיה בעמ</ManufactureName>
      <ManufactureCountry />
      <ManufactureItemDescription />
      <UnitQty>י"ח</UnitQty>
      <Quantity>8500</Quantity>
      <UnitMeasure>ל  גרם</UnitMeasure>
      <BisWeighted>0</BisWeighted>
      <QtyInPackage>1</QtyInPackage>
      <ItemPrice>4.90</ItemPrice>
      <UnitOfMeasurePrice>0.06</UnitOfMeasurePrice>
      <AllowDiscount>1</AllowDiscount>
      <itemStatus>1</itemStatus>
      <LastUpdateDate />
      <LastUpdateTime />
    </Product>
    <Product>
      <PriceUpdateDate>2016/03/07 09:13</PriceUpdateDate>
      <ItemCode>7290013144249</ItemCode>
      <ItemType>1</ItemType>
      <ItemName>פודינג שוקולד</ItemName>
      <ManufactureName>מימונס אפיה בעמ</ManufactureName>
      <ManufactureCountry />
      <ManufactureItemDescription />
      <UnitQty>י"ח</UnitQty>
      <Quantity>1</Quantity>
      <UnitMeasure />
      <BisWeighted>0</BisWeighted>
      <QtyInPackage>1</QtyInPackage>
      <ItemPrice>4.90</ItemPrice>
      <UnitOfMeasurePrice>4.90</UnitOfMeasurePrice>
      <AllowDiscount>1</AllowDiscount>
      <itemStatus>1</itemStatus>
      <LastUpdateDate />
      <LastUpdateTime />
    </Product>
    <Product>
      <PriceUpdateDate>2019/01/20 12:34</PriceUpdateDate>
      <ItemCode>7290013144614</ItemCode>
      <ItemType>1</ItemType>
      <ItemName>סירופ מייפל אמיתי 100% 236מ"ל</ItemName>
      <ManufactureName>מימונס אפיה בעמ</ManufactureName>
      <ManufactureCountry />
      <ManufactureItemDescription />
      <UnitQty>י"ח</UnitQty>
      <Quantity>236</Quantity>
      <UnitMeasure>ל  מ"ל</UnitMeasure>
      <BisWeighted>0</BisWeighted>
      <QtyInPackage>1</QtyInPackage>
      <ItemPrice>32.90</ItemPrice>
      <UnitOfMeasurePrice>13.94</UnitOfMeasurePrice>
      <AllowDiscount>1</AllowDiscount>
      <itemStatus>1</itemStatus>
      <LastUpdateDate />
      <LastUpdateTime />
    </Product>
    <Product>
      <PriceUpdateDate>2018/01/04 13:29</PriceUpdateDate>
      <ItemCode>7290013145017</ItemCode>
      <ItemType>1</ItemType>
      <ItemName>אגוז מלך קלוף 100גר`</ItemName>
      <ManufactureName>מימונס אפיה בעמ</ManufactureName>
      <ManufactureCountry />
      <ManufactureItemDescription />
      <UnitQty>י"ח</UnitQty>
      <Quantity>100</Quantity>
      <UnitMeasure>ל  גרם</UnitMeasure>
      <BisWeighted>0</BisWeighted>
      <QtyInPackage>1</QtyInPackage>
      <ItemPrice>12.90</ItemPrice>
      <UnitOfMeasurePrice>12.90</UnitOfMeasurePrice>
      <AllowDiscount>1</AllowDiscount>
      <itemStatus>1</itemStatus>
      <LastUpdateDate />
      <LastUpdateTime />
    </Product>
    <Product>
      <PriceUpdateDate>2014/11/06 13:41</PriceUpdateDate>
      <ItemCode>7290013145024</ItemCode>
      <ItemType>1</ItemType>
      <ItemName>אגוז מלך טחון 100גר`</ItemName>
      <ManufactureName>מימונס אפיה בעמ</ManufactureName>
      <ManufactureCountry />
      <ManufactureItemDescription />
      <UnitQty>י"ח</UnitQty>
      <Quantity>100</Quantity>
      <UnitMeasure>ל  גרם</UnitMeasure>
      <BisWeighted>0</BisWeighted>
      <QtyInPackage>1</QtyInPackage>
      <ItemPrice>13.90</ItemPrice>
      <UnitOfMeasurePrice>13.90</UnitOfMeasurePrice>
      <AllowDiscount>1</AllowDiscount>
      <itemStatus>1</itemStatus>
      <LastUpdateDate />
      <LastUpdateTime />
    </Product>
    <Product>
      <PriceUpdateDate>2014/10/06 13:11</PriceUpdateDate>
      <ItemCode>7290013145031</ItemCode>
      <ItemType>1</ItemType>
      <ItemName>אגוזי לוז מסוכרים 100גר`</ItemName>
      <ManufactureName>מימונס אפיה בעמ</ManufactureName>
      <ManufactureCountry />
      <ManufactureItemDescription />
      <UnitQty>י"ח</UnitQty>
      <Quantity>100</Quantity>
      <UnitMeasure>ל  גרם</UnitMeasure>
      <BisWeighted>0</BisWeighted>
      <QtyInPackage>1</QtyInPackage>
      <ItemPrice>13.90</ItemPrice>
      <UnitOfMeasurePrice>13.90</UnitOfMeasurePrice>
      <AllowDiscount>1</AllowDiscount>
      <itemStatus>1</itemStatus>
      <LastUpdateDate />
      <LastUpdateTime />
    </Product>
    <Product>
      <PriceUpdateDate>2019/01/14 09:14</PriceUpdateDate>
      <ItemCode>7290013145062</ItemCode>
      <ItemType>1</ItemType>
      <ItemName>סירופ מייפל אמיתי 100% 187מ"ל</ItemName>
      <ManufactureName>מימונס אפיה בעמ</ManufactureName>
      <ManufactureCountry />
      <ManufactureItemDescription />
      <UnitQty>י"ח</UnitQty>
      <Quantity>187</Quantity>
      <UnitMeasure>ל  מ"ל</UnitMeasure>
      <BisWeighted>0</BisWeighted>
      <QtyInPackage>1</QtyInPackage>
      <ItemPrice>27.90</ItemPrice>
      <UnitOfMeasurePrice>14.92</UnitOfMeasurePrice>
      <AllowDiscount>1</AllowDiscount>
      <itemStatus>1</itemStatus>
      <LastUpdateDate />
      <LastUpdateTime />
    </Product>
    <Product>
      <PriceUpdateDate>2015/10/09 10:45</PriceUpdateDate>
      <ItemCode>7290013145079</ItemCode>
      <ItemType>1</ItemType>
      <ItemName>שקד טבעי גרוס 100גר`</ItemName>
      <ManufactureName>מימונס אפיה בעמ</ManufactureName>
      <ManufactureCountry />
      <ManufactureItemDescription />
      <UnitQty>י"ח</UnitQty>
      <Quantity>100</Quantity>
      <UnitMeasure>ל  גרם</UnitMeasure>
      <BisWeighted>0</BisWeighted>
      <QtyInPackage>1</QtyInPackage>
      <ItemPrice>12.90</ItemPrice>
      <UnitOfMeasurePrice>12.90</UnitOfMeasurePrice>
      <AllowDiscount>1</AllowDiscount>
      <itemStatus>1</itemStatus>
      <LastUpdateDate />
      <LastUpdateTime />
    </Product>
    <Product>
      <PriceUpdateDate>2015/10/09 10:45</PriceUpdateDate>
      <ItemCode>7290013145093</ItemCode>
      <ItemType>1</ItemType>
      <ItemName>שקד מולבן גרוס 100גר`</ItemName>
      <ManufactureName>מימונס אפיה בעמ</ManufactureName>
      <ManufactureCountry />
      <ManufactureItemDescription />
      <UnitQty>י"ח</UnitQty>
      <Quantity>100</Quantity>
      <UnitMeasure>ל  גרם</UnitMeasure>
      <BisWeighted>0</BisWeighted>
      <QtyInPackage>1</QtyInPackage>
      <ItemPrice>12.90</ItemPrice>
      <UnitOfMeasurePrice>12.90</UnitOfMeasurePrice>
      <AllowDiscount>1</AllowDiscount>
      <itemStatus>1</itemStatus>
      <LastUpdateDate />
      <LastUpdateTime />
    </Product>
    <Product>
      <PriceUpdateDate>2015/10/09 10:45</PriceUpdateDate>
      <ItemCode>7290013145109</ItemCode>
      <ItemType>1</ItemType>
      <ItemName>שקד מולבן טחון 100גר` מימונס</ItemName>
      <ManufactureName>מימונס אפיה בעמ</ManufactureName>
      <ManufactureCountry />
      <ManufactureItemDescription />
      <UnitQty>י"ח</UnitQty>
      <Quantity>100</Quantity>
      <UnitMeasure>ל  גרם</UnitMeasure>
      <BisWeighted>0</BisWeighted>
      <QtyInPackage>1</QtyInPackage>
      <ItemPrice>12.90</ItemPrice>
      <UnitOfMeasurePrice>12.90</UnitOfMeasurePrice>
      <AllowDiscount>1</AllowDiscount>
      <itemStatus>1</itemStatus>
      <LastUpdateDate />
      <LastUpdateTime />
    </Product>
    <Product>
      <PriceUpdateDate>2015/10/09 10:45</PriceUpdateDate>
      <ItemCode>7290013145116</ItemCode>
      <ItemType>1</ItemType>
      <ItemName>שקד מולבן מקלות 100גר`</ItemName>
      <ManufactureName>מימונס אפיה בעמ</ManufactureName>
      <ManufactureCountry />
      <ManufactureItemDescription />
      <UnitQty>י"ח</UnitQty>
      <Quantity>100</Quantity>
      <UnitMeasure>ל  גרם</UnitMeasure>
      <BisWeighted>0</BisWeighted>
      <QtyInPackage>1</QtyInPackage>
      <ItemPrice>12.90</ItemPrice>
      <UnitOfMeasurePrice>12.90</UnitOfMeasurePrice>
      <AllowDiscount>1</AllowDiscount>
      <itemStatus>1</itemStatus>
      <LastUpdateDate />
      <LastUpdateTime />
    </Product>
    <Product>
      <PriceUpdateDate>2015/10/09 10:45</PriceUpdateDate>
      <ItemCode>7290013145123</ItemCode>
      <ItemType>1</ItemType>
      <ItemName>שקד מולבן פרוס 100 גר`מימונס</ItemName>
      <ManufactureName>מימונס אפיה בעמ</ManufactureName>
      <ManufactureCountry />
      <ManufactureItemDescription />
      <UnitQty>י"ח</UnitQty>
      <Quantity>100</Quantity>
      <UnitMeasure>ל  גרם</UnitMeasure>
      <BisWeighted>0</BisWeighted>
      <QtyInPackage>1</QtyInPackage>
      <ItemPrice>12.90</ItemPrice>
      <UnitOfMeasurePrice>12.90</UnitOfMeasurePrice>
      <AllowDiscount>1</AllowDiscount>
      <itemStatus>1</itemStatus>
      <LastUpdateDate />
      <LastUpdateTime />
    </Product>
    <Product>
      <PriceUpdateDate>2015/10/09 10:45</PriceUpdateDate>
      <ItemCode>7290013145130</ItemCode>
      <ItemType>1</ItemType>
      <ItemName>שקד מולבן חצוי 100גר</ItemName>
      <ManufactureName>מימונס אפיה בעמ</ManufactureName>
      <ManufactureCountry />
      <ManufactureItemDescription />
      <UnitQty>י"ח</UnitQty>
      <Quantity>100</Quantity>
      <UnitMeasure>ל  גרם</UnitMeasure>
      <BisWeighted>0</BisWeighted>
      <QtyInPackage>1</QtyInPackage>
      <ItemPrice>12.90</ItemPrice>
      <UnitOfMeasurePrice>12.90</UnitOfMeasurePrice>
      <AllowDiscount>1</AllowDiscount>
      <itemStatus>1</itemStatus>
      <LastUpdateDate />
      <LastUpdateTime />
    </Product>
    <Product>
      <PriceUpdateDate>2020/05/03 15:08</PriceUpdateDate>
      <ItemCode>7290013145215</ItemCode>
      <ItemType>1</ItemType>
      <ItemName>שומשום 400 גר`מימונס</ItemName>
      <ManufactureName>מימונס אפיה בעמ</ManufactureName>
      <ManufactureCountry />
      <ManufactureItemDescription />
      <UnitQty>י"ח</UnitQty>
      <Quantity>400</Quantity>
      <UnitMeasure>ל  גרם</UnitMeasure>
      <BisWeighted>0</BisWeighted>
      <QtyInPackage>1</QtyInPackage>
      <ItemPrice>12.90</ItemPrice>
      <UnitOfMeasurePrice>3.23</UnitOfMeasurePrice>
      <AllowDiscount>0</AllowDiscount>
      <itemStatus>1</itemStatus>
      <LastUpdateDate />
      <LastUpdateTime />
    </Product>
    <Product>
      <PriceUpdateDate>2015/04/21 08:58</PriceUpdateDate>
      <ItemCode>7290013145826</ItemCode>
      <ItemType>1</ItemType>
      <ItemName>פודינג וניל לבן במיוחד 80גר</ItemName>
      <ManufactureName>מימונס אפיה בעמ</ManufactureName>
      <ManufactureCountry />
      <ManufactureItemDescription />
      <UnitQty>י"ח</UnitQty>
      <Quantity>80</Quantity>
      <UnitMeasure>ל  גרם</UnitMeasure>
      <BisWeighted>0</BisWeighted>
      <QtyInPackage>1</QtyInPackage>
      <ItemPrice>4.90</ItemPrice>
      <UnitOfMeasurePrice>6.13</UnitOfMeasurePrice>
      <AllowDiscount>1</AllowDiscount>
      <itemStatus>1</itemStatus>
      <LastUpdateDate />
      <LastUpdateTime />
    </Product>
    <Product>
      <PriceUpdateDate>2015/04/21 08:58</PriceUpdateDate>
      <ItemCode>7290013145833</ItemCode>
      <ItemType>1</ItemType>
      <ItemName>פודינג שוקולד אמיתי 80גר</ItemName>
      <ManufactureName>מימונס אפיה בעמ</ManufactureName>
      <ManufactureCountry />
      <ManufactureItemDescription />
      <UnitQty>י"ח</UnitQty>
      <Quantity>80</Quantity>
      <UnitMeasure>ל  גרם</UnitMeasure>
      <BisWeighted>0</BisWeighted>
      <QtyInPackage>1</QtyInPackage>
      <ItemPrice>4.90</ItemPrice>
      <UnitOfMeasurePrice>6.13</UnitOfMeasurePrice>
      <AllowDiscount>1</AllowDiscount>
      <itemStatus>1</itemStatus>
      <LastUpdateDate />
      <LastUpdateTime />
    </Product>
    <Product>
      <PriceUpdateDate>2016/08/05 11:38</PriceUpdateDate>
      <ItemCode>7290013146298</ItemCode>
      <ItemType>1</ItemType>
      <ItemName>תחתיות בצק פריך למילוי 120ג</ItemName>
      <ManufactureName>מימונס אפיה בעמ</ManufactureName>
      <ManufactureCountry />
      <ManufactureItemDescription />
      <UnitQty>י"ח</UnitQty>
      <Quantity>120</Quantity>
      <UnitMeasure>ל  גרם</UnitMeasure>
      <BisWeighted>0</BisWeighted>
      <QtyInPackage>1</QtyInPackage>
      <ItemPrice>21.90</ItemPrice>
      <UnitOfMeasurePrice>18.25</UnitOfMeasurePrice>
      <AllowDiscount>1</AllowDiscount>
      <itemStatus>1</itemStatus>
      <LastUpdateDate />
      <LastUpdateTime />
    </Product>
    <Product>
      <PriceUpdateDate>2019/08/21 08:47</PriceUpdateDate>
      <ItemCode>7290013146403</ItemCode>
      <ItemType>1</ItemType>
      <ItemName>סירופ בטעם קרמל מלוח 500 גרם</ItemName>
      <ManufactureName>מימונס אפיה בעמ</ManufactureName>
      <ManufactureCountry />
      <ManufactureItemDescription />
      <UnitQty>י"ח</UnitQty>
      <Quantity>50</Quantity>
      <UnitMeasure>ל  גרם</UnitMeasure>
      <BisWeighted>0</BisWeighted>
      <QtyInPackage>1</QtyInPackage>
      <ItemPrice>16.90</ItemPrice>
      <UnitOfMeasurePrice>33.80</UnitOfMeasurePrice>
      <AllowDiscount>1</AllowDiscount>
      <itemStatus>1</itemStatus>
      <LastUpdateDate />
      <LastUpdateTime />
    </Product>
    <Product>
      <PriceUpdateDate>2019/08/21 08:47</PriceUpdateDate>
      <ItemCode>7290013146861</ItemCode>
      <ItemType>1</ItemType>
      <ItemName>נייר אפיה 20 מטר בגליל</ItemName>
      <ManufactureName>מימונס אפיה בעמ</ManufactureName>
      <ManufactureCountry />
      <ManufactureItemDescription />
      <UnitQty>י"ח</UnitQty>
      <Quantity>1</Quantity>
      <UnitMeasure />
      <BisWeighted>0</BisWeighted>
      <QtyInPackage>1</QtyInPackage>
      <ItemPrice>19.90</ItemPrice>
      <UnitOfMeasurePrice>19.90</UnitOfMeasurePrice>
      <AllowDiscount>1</AllowDiscount>
      <itemStatus>1</itemStatus>
      <LastUpdateDate />
      <LastUpdateTime />
    </Product>
    <Product>
      <PriceUpdateDate>2016/11/28 08:30</PriceUpdateDate>
      <ItemCode>7290013153548</ItemCode>
      <ItemType>1</ItemType>
      <ItemName>מיץ תפוזים 100% מתקתק 2ל</ItemName>
      <ManufactureName>*חברה המרכזית להפצתמשקאותבעמ*</ManufactureName>
      <ManufactureCountry />
      <ManufactureItemDescription />
      <UnitQty>י"ח</UnitQty>
      <Quantity>2</Quantity>
      <UnitMeasure>ליטר</UnitMeasure>
      <BisWeighted>0</BisWeighted>
      <QtyInPackage>1</QtyInPackage>
      <ItemPrice>20.90</ItemPrice>
      <UnitOfMeasurePrice>10.45</UnitOfMeasurePrice>
      <AllowDiscount>1</AllowDiscount>
      <itemStatus>1</itemStatus>
      <LastUpdateDate />
      <LastUpdateTime />
    </Product>
    <Product>
      <PriceUpdateDate>2019/05/24 09:31</PriceUpdateDate>
      <ItemCode>7290013153555</ItemCode>
      <ItemType>1</ItemType>
      <ItemName>מיץ תפוזים 100% חמצמץ 2ל</ItemName>
      <ManufactureName>*חברה המרכזית להפצתמשקאותבעמ*</ManufactureName>
      <ManufactureCountry />
      <ManufactureItemDescription />
      <UnitQty>י"ח</UnitQty>
      <Quantity>2</Quantity>
      <UnitMeasure>ליטר</UnitMeasure>
      <BisWeighted>0</BisWeighted>
      <QtyInPackage>1</QtyInPackage>
      <ItemPrice>20.90</ItemPrice>
      <UnitOfMeasurePrice>10.45</UnitOfMeasurePrice>
      <AllowDiscount>1</AllowDiscount>
      <itemStatus>1</itemStatus>
      <LastUpdateDate />
      <LastUpdateTime />
    </Product>
    <Product>
      <PriceUpdateDate>2015/01/15 09:52</PriceUpdateDate>
      <ItemCode>7290013224798</ItemCode>
      <ItemType>1</ItemType>
      <ItemName>אקונומיקה ריחנית פרחים 4 ליטר  המותג</ItemName>
      <ManufactureName>סאסאטק אגשח בעמ</ManufactureName>
      <ManufactureCountry />
      <ManufactureItemDescription />
      <UnitQty>י"ח</UnitQty>
      <Quantity>4</Quantity>
      <UnitMeasure>ליטר</UnitMeasure>
      <BisWeighted>0</BisWeighted>
      <QtyInPackage>1</QtyInPackage>
      <ItemPrice>9.90</ItemPrice>
      <UnitOfMeasurePrice>2.48</UnitOfMeasurePrice>
      <AllowDiscount>1</AllowDiscount>
      <itemStatus>1</itemStatus>
      <LastUpdateDate />
      <LastUpdateTime />
    </Product>
    <Product>
      <PriceUpdateDate>2015/06/01 08:31</PriceUpdateDate>
      <ItemCode>7290013267726</ItemCode>
      <ItemType>1</ItemType>
      <ItemName>מגנום דאבל שוקולד עם נוגט</ItemName>
      <ManufactureName>גלידות שטראוס בעמ</ManufactureName>
      <ManufactureCountry />
      <ManufactureItemDescription />
      <UnitQty>י"ח</UnitQty>
      <Quantity>90</Quantity>
      <UnitMeasure>ל  גרם</UnitMeasure>
      <BisWeighted>0</BisWeighted>
      <QtyInPackage>1</QtyInPackage>
      <ItemPrice>10</ItemPrice>
      <UnitOfMeasurePrice>11.11</UnitOfMeasurePrice>
      <AllowDiscount>1</AllowDiscount>
      <itemStatus>1</itemStatus>
      <LastUpdateDate />
      <LastUpdateTime />
    </Product>
    <Product>
      <PriceUpdateDate>2019/12/16 08:33</PriceUpdateDate>
      <ItemCode>7290013268013</ItemCode>
      <ItemType>1</ItemType>
      <ItemName>מרכך כביסה מקסימה 1 ליטר מרוכז</ItemName>
      <ManufactureName>החב הדרומית לשיווק</ManufactureName>
      <ManufactureCountry />
      <ManufactureItemDescription />
      <UnitQty>י"ח</UnitQty>
      <Quantity>1</Quantity>
      <UnitMeasure>ליטר</UnitMeasure>
      <BisWeighted>0</BisWeighted>
      <QtyInPackage>1</QtyInPackage>
      <ItemPrice>15.90</ItemPrice>
      <UnitOfMeasurePrice>15.90</UnitOfMeasurePrice>
      <AllowDiscount>1</AllowDiscount>
      <itemStatus>1</itemStatus>
      <LastUpdateDate />
      <LastUpdateTime />
    </Product>
    <Product>
      <PriceUpdateDate>2019/12/04 13:48</PriceUpdateDate>
      <ItemCode>7290013268037</ItemCode>
      <ItemType>1</ItemType>
      <ItemName>מרכך כביסה מקסימה 1 ליטר מרוכז</ItemName>
      <ManufactureName>החב הדרומית לשיווק</ManufactureName>
      <ManufactureCountry />
      <ManufactureItemDescription />
      <UnitQty>י"ח</UnitQty>
      <Quantity>1</Quantity>
      <UnitMeasure>ליטר</UnitMeasure>
      <BisWeighted>0</BisWeighted>
      <QtyInPackage>1</QtyInPackage>
      <ItemPrice>15.90</ItemPrice>
      <UnitOfMeasurePrice>15.90</UnitOfMeasurePrice>
      <AllowDiscount>1</AllowDiscount>
      <itemStatus>1</itemStatus>
      <LastUpdateDate />
      <LastUpdateTime />
    </Product>
    <Product>
      <PriceUpdateDate>2019/12/17 10:06</PriceUpdateDate>
      <ItemCode>7290013268228</ItemCode>
      <ItemType>1</ItemType>
      <ItemName>קרמה ספריי קלאסי  150מ"ל</ItemName>
      <ManufactureName>החב הדרומית לשיווק</ManufactureName>
      <ManufactureCountry />
      <ManufactureItemDescription />
      <UnitQty>י"ח</UnitQty>
      <Quantity>80</Quantity>
      <UnitMeasure>ל  מ"ל</UnitMeasure>
      <BisWeighted>0</BisWeighted>
      <QtyInPackage>1</QtyInPackage>
      <ItemPrice>13.90</ItemPrice>
      <UnitOfMeasurePrice>17.38</UnitOfMeasurePrice>
      <AllowDiscount>1</AllowDiscount>
      <itemStatus>1</itemStatus>
      <LastUpdateDate />
      <LastUpdateTime />
    </Product>
    <Product>
      <PriceUpdateDate>2017/04/09 21:00</PriceUpdateDate>
      <ItemCode>7290013268235</ItemCode>
      <ItemType>1</ItemType>
      <ItemName>קרמה רולאון קלאסי  75מ"ל</ItemName>
      <ManufactureName>החב הדרומית לשיווק</ManufactureName>
      <ManufactureCountry />
      <ManufactureItemDescription />
      <UnitQty>י"ח</UnitQty>
      <Quantity>80</Quantity>
      <UnitMeasure>ל  מ"ל</UnitMeasure>
      <BisWeighted>0</BisWeighted>
      <QtyInPackage>1</QtyInPackage>
      <ItemPrice>12.90</ItemPrice>
      <UnitOfMeasurePrice>16.13</UnitOfMeasurePrice>
      <AllowDiscount>1</AllowDiscount>
      <itemStatus>1</itemStatus>
      <LastUpdateDate />
      <LastUpdateTime />
    </Product>
    <Product>
      <PriceUpdateDate>2019/12/17 10:06</PriceUpdateDate>
      <ItemCode>7290013268266</ItemCode>
      <ItemType>1</ItemType>
      <ItemName>קרמה תחליב רחצה 750מ"ל</ItemName>
      <ManufactureName>החב הדרומית לשיווק</ManufactureName>
      <ManufactureCountry />
      <ManufactureItemDescription />
      <UnitQty>י"ח</UnitQty>
      <Quantity>750</Quantity>
      <UnitMeasure>ל  מ"ל</UnitMeasure>
      <BisWeighted>0</BisWeighted>
      <QtyInPackage>1</QtyInPackage>
      <ItemPrice>15.90</ItemPrice>
      <UnitOfMeasurePrice>2.12</UnitOfMeasurePrice>
      <AllowDiscount>1</AllowDiscount>
      <itemStatus>1</itemStatus>
      <LastUpdateDate />
      <LastUpdateTime />
    </Product>
    <Product>
      <PriceUpdateDate>2016/08/25 08:16</PriceUpdateDate>
      <ItemCode>7290013268525</ItemCode>
      <ItemType>1</ItemType>
      <ItemName>ספיד סטיק קול 75 מ"ל</ItemName>
      <ManufactureName>החב הדרומית לשיווק</ManufactureName>
      <ManufactureCountry />
      <ManufactureItemDescription />
      <UnitQty>י"ח</UnitQty>
      <Quantity>7500</Quantity>
      <UnitMeasure>ל  מ"ל</UnitMeasure>
      <BisWeighted>0</BisWeighted>
      <QtyInPackage>1</QtyInPackage>
      <ItemPrice>14.90</ItemPrice>
      <UnitOfMeasurePrice>0.20</UnitOfMeasurePrice>
      <AllowDiscount>1</AllowDiscount>
      <itemStatus>1</itemStatus>
      <LastUpdateDate />
      <LastUpdateTime />
    </Product>
    <Product>
      <PriceUpdateDate>2016/08/25 08:16</PriceUpdateDate>
      <ItemCode>7290013268549</ItemCode>
      <ItemType>1</ItemType>
      <ItemName>ספיד סטיק אולטרה  75 מ"ל</ItemName>
      <ManufactureName>החב הדרומית לשיווק</ManufactureName>
      <ManufactureCountry />
      <ManufactureItemDescription />
      <UnitQty>י"ח</UnitQty>
      <Quantity>7500</Quantity>
      <UnitMeasure>ל  מ"ל</UnitMeasure>
      <BisWeighted>0</BisWeighted>
      <QtyInPackage>1</QtyInPackage>
      <ItemPrice>14.90</ItemPrice>
      <UnitOfMeasurePrice>0.20</UnitOfMeasurePrice>
      <AllowDiscount>1</AllowDiscount>
      <itemStatus>1</itemStatus>
      <LastUpdateDate />
      <LastUpdateTime />
    </Product>
    <Product>
      <PriceUpdateDate>2016/08/25 08:16</PriceUpdateDate>
      <ItemCode>7290013268556</ItemCode>
      <ItemType>1</ItemType>
      <ItemName>ספיד סטיק אולטרה  75 מ"ל</ItemName>
      <ManufactureName>החב הדרומית לשיווק</ManufactureName>
      <ManufactureCountry />
      <ManufactureItemDescription />
      <UnitQty>י"ח</UnitQty>
      <Quantity>7500</Quantity>
      <UnitMeasure>ל  מ"ל</UnitMeasure>
      <BisWeighted>0</BisWeighted>
      <QtyInPackage>1</QtyInPackage>
      <ItemPrice>14.90</ItemPrice>
      <UnitOfMeasurePrice>0.20</UnitOfMeasurePrice>
      <AllowDiscount>1</AllowDiscount>
      <itemStatus>1</itemStatus>
      <LastUpdateDate />
      <LastUpdateTime />
    </Product>
    <Product>
      <PriceUpdateDate>2020/01/12 13:26</PriceUpdateDate>
      <ItemCode>7290013268563</ItemCode>
      <ItemType>1</ItemType>
      <ItemName>דאו`ספריי קרמה</ItemName>
      <ManufactureName>החב הדרומית לשיווק</ManufactureName>
      <ManufactureCountry />
      <ManufactureItemDescription />
      <UnitQty>י"ח</UnitQty>
      <Quantity>7500</Quantity>
      <UnitMeasure>ל  מ"ל</UnitMeasure>
      <BisWeighted>0</BisWeighted>
      <QtyInPackage>1</QtyInPackage>
      <ItemPrice>13.90</ItemPrice>
      <UnitOfMeasurePrice>0.19</UnitOfMeasurePrice>
      <AllowDiscount>1</AllowDiscount>
      <itemStatus>1</itemStatus>
      <LastUpdateDate />
      <LastUpdateTime />
    </Product>
    <Product>
      <PriceUpdateDate>2020/01/12 13:26</PriceUpdateDate>
      <ItemCode>7290013268570</ItemCode>
      <ItemType>1</ItemType>
      <ItemName>דאו`ספריי קרמה</ItemName>
      <ManufactureName>החב הדרומית לשיווק</ManufactureName>
      <ManufactureCountry />
      <ManufactureItemDescription />
      <UnitQty>י"ח</UnitQty>
      <Quantity>7500</Quantity>
      <UnitMeasure>ל  מ"ל</UnitMeasure>
      <BisWeighted>0</BisWeighted>
      <QtyInPackage>1</QtyInPackage>
      <ItemPrice>13.90</ItemPrice>
      <UnitOfMeasurePrice>0.19</UnitOfMeasurePrice>
      <AllowDiscount>1</AllowDiscount>
      <itemStatus>1</itemStatus>
      <LastUpdateDate />
      <LastUpdateTime />
    </Product>
    <Product>
      <PriceUpdateDate>2020/01/12 13:26</PriceUpdateDate>
      <ItemCode>7290013268587</ItemCode>
      <ItemType>1</ItemType>
      <ItemName>דאו`ספריי קרמה</ItemName>
      <ManufactureName>החב הדרומית לשיווק</ManufactureName>
      <ManufactureCountry />
      <ManufactureItemDescription />
      <UnitQty>י"ח</UnitQty>
      <Quantity>7500</Quantity>
      <UnitMeasure>ל  מ"ל</UnitMeasure>
      <BisWeighted>0</BisWeighted>
      <QtyInPackage>1</QtyInPackage>
      <ItemPrice>13.90</ItemPrice>
      <UnitOfMeasurePrice>0.19</UnitOfMeasurePrice>
      <AllowDiscount>1</AllowDiscount>
      <itemStatus>1</itemStatus>
      <LastUpdateDate />
      <LastUpdateTime />
    </Product>
    <Product>
      <PriceUpdateDate>2020/01/12 13:26</PriceUpdateDate>
      <ItemCode>7290013268594</ItemCode>
      <ItemType>1</ItemType>
      <ItemName>דאו`ספריי קרמה</ItemName>
      <ManufactureName>החב הדרומית לשיווק</ManufactureName>
      <ManufactureCountry />
      <ManufactureItemDescription />
      <UnitQty>י"ח</UnitQty>
      <Quantity>7500</Quantity>
      <UnitMeasure>ל  מ"ל</UnitMeasure>
      <BisWeighted>0</BisWeighted>
      <QtyInPackage>1</QtyInPackage>
      <ItemPrice>13.90</ItemPrice>
      <UnitOfMeasurePrice>0.19</UnitOfMeasurePrice>
      <AllowDiscount>1</AllowDiscount>
      <itemStatus>1</itemStatus>
      <LastUpdateDate />
      <LastUpdateTime />
    </Product>
    <Product>
      <PriceUpdateDate>2019/07/18 10:04</PriceUpdateDate>
      <ItemCode>7290013268822</ItemCode>
      <ItemType>1</ItemType>
      <ItemName>אורביטול משחת שיניים BREATH CONTROL</ItemName>
      <ManufactureName>החב הדרומית לשיווק</ManufactureName>
      <ManufactureCountry />
      <ManufactureItemDescription />
      <UnitQty>י"ח</UnitQty>
      <Quantity>145</Quantity>
      <UnitMeasure>ל  גרם</UnitMeasure>
      <BisWeighted>0</BisWeighted>
      <QtyInPackage>1</QtyInPackage>
      <ItemPrice>9.90</ItemPrice>
      <UnitOfMeasurePrice>6.83</UnitOfMeasurePrice>
      <AllowDiscount>1</AllowDiscount>
      <itemStatus>1</itemStatus>
      <LastUpdateDate />
      <LastUpdateTime />
    </Product>
    <Product>
      <PriceUpdateDate>2019/12/04 13:48</PriceUpdateDate>
      <ItemCode>7290013268891</ItemCode>
      <ItemType>1</ItemType>
      <ItemName>סנו אוקסיגן  ג"ל 3ליטר</ItemName>
      <ManufactureName>החב הדרומית לשיווק</ManufactureName>
      <ManufactureCountry />
      <ManufactureItemDescription />
      <UnitQty>י"ח</UnitQty>
      <Quantity>3</Quantity>
      <UnitMeasure>ליטר</UnitMeasure>
      <BisWeighted>0</BisWeighted>
      <QtyInPackage>1</QtyInPackage>
      <ItemPrice>28.90</ItemPrice>
      <UnitOfMeasurePrice>9.63</UnitOfMeasurePrice>
      <AllowDiscount>1</AllowDiscount>
      <itemStatus>1</itemStatus>
      <LastUpdateDate />
      <LastUpdateTime />
    </Product>
    <Product>
      <PriceUpdateDate>2014/10/30 16:49</PriceUpdateDate>
      <ItemCode>7290013268907</ItemCode>
      <ItemType>1</ItemType>
      <ItemName>סנו ג ל כביסה 3ליטר ביו</ItemName>
      <ManufactureName>החב הדרומית לשיווק</ManufactureName>
      <ManufactureCountry />
      <ManufactureItemDescription />
      <UnitQty>י"ח</UnitQty>
      <Quantity>3</Quantity>
      <UnitMeasure>ליטר</UnitMeasure>
      <BisWeighted>0</BisWeighted>
      <QtyInPackage>1</QtyInPackage>
      <ItemPrice>29.90</ItemPrice>
      <UnitOfMeasurePrice>9.97</UnitOfMeasurePrice>
      <AllowDiscount>1</AllowDiscount>
      <itemStatus>1</itemStatus>
      <LastUpdateDate />
      <LastUpdateTime />
    </Product>
    <Product>
      <PriceUpdateDate>2019/12/04 13:48</PriceUpdateDate>
      <ItemCode>7290013268990</ItemCode>
      <ItemType>1</ItemType>
      <ItemName>מרכך כביסה ביו מקסימה 1 ליטר מרוכז</ItemName>
      <ManufactureName>החב הדרומית לשיווק</ManufactureName>
      <ManufactureCountry />
      <ManufactureItemDescription />
      <UnitQty>י"ח</UnitQty>
      <Quantity>1</Quantity>
      <UnitMeasure>ליטר</UnitMeasure>
      <BisWeighted>0</BisWeighted>
      <QtyInPackage>1</QtyInPackage>
      <ItemPrice>15.90</ItemPrice>
      <UnitOfMeasurePrice>15.90</UnitOfMeasurePrice>
      <AllowDiscount>1</AllowDiscount>
      <itemStatus>1</itemStatus>
      <LastUpdateDate />
      <LastUpdateTime />
    </Product>
    <Product>
      <PriceUpdateDate>2019/12/04 13:48</PriceUpdateDate>
      <ItemCode>7290013269003</ItemCode>
      <ItemType>1</ItemType>
      <ItemName>מרכך כביסה בייבי מקסימה 1 ליטר מרוכז</ItemName>
      <ManufactureName>החב הדרומית לשיווק</ManufactureName>
      <ManufactureCountry />
      <ManufactureItemDescription />
      <UnitQty>י"ח</UnitQty>
      <Quantity>1</Quantity>
      <UnitMeasure>ליטר</UnitMeasure>
      <BisWeighted>0</BisWeighted>
      <QtyInPackage>1</QtyInPackage>
      <ItemPrice>15.90</ItemPrice>
      <UnitOfMeasurePrice>15.90</UnitOfMeasurePrice>
      <AllowDiscount>1</AllowDiscount>
      <itemStatus>1</itemStatus>
      <LastUpdateDate />
      <LastUpdateTime />
    </Product>
    <Product>
      <PriceUpdateDate>2019/07/17 08:12</PriceUpdateDate>
      <ItemCode>7290013269263</ItemCode>
      <ItemType>1</ItemType>
      <ItemName>סנו ג ל כביסה 3ליטר קריסטל</ItemName>
      <ManufactureName>החב הדרומית לשיווק</ManufactureName>
      <ManufactureCountry />
      <ManufactureItemDescription />
      <UnitQty>י"ח</UnitQty>
      <Quantity>3</Quantity>
      <UnitMeasure>ליטר</UnitMeasure>
      <BisWeighted>0</BisWeighted>
      <QtyInPackage>1</QtyInPackage>
      <ItemPrice>29.90</ItemPrice>
      <UnitOfMeasurePrice>9.97</UnitOfMeasurePrice>
      <AllowDiscount>1</AllowDiscount>
      <itemStatus>1</itemStatus>
      <LastUpdateDate />
      <LastUpdateTime />
    </Product>
    <Product>
      <PriceUpdateDate>2019/07/17 08:12</PriceUpdateDate>
      <ItemCode>7290013269287</ItemCode>
      <ItemType>1</ItemType>
      <ItemName>סנו ג ל כביסה 3ליטר ביו</ItemName>
      <ManufactureName>החב הדרומית לשיווק</ManufactureName>
      <ManufactureCountry />
      <ManufactureItemDescription />
      <UnitQty>י"ח</UnitQty>
      <Quantity>3</Quantity>
      <UnitMeasure>ליטר</UnitMeasure>
      <BisWeighted>0</BisWeighted>
      <QtyInPackage>1</QtyInPackage>
      <ItemPrice>29.90</ItemPrice>
      <UnitOfMeasurePrice>9.97</UnitOfMeasurePrice>
      <AllowDiscount>1</AllowDiscount>
      <itemStatus>1</itemStatus>
      <LastUpdateDate />
      <LastUpdateTime />
    </Product>
    <Product>
      <PriceUpdateDate>2016/08/25 10:26</PriceUpdateDate>
      <ItemCode>7290013269485</ItemCode>
      <ItemType>1</ItemType>
      <ItemName>משחת שיניים אורביטול</ItemName>
      <ManufactureName>החב הדרומית לשיווק</ManufactureName>
      <ManufactureCountry />
      <ManufactureItemDescription />
      <UnitQty>י"ח</UnitQty>
      <Quantity>145</Quantity>
      <UnitMeasure>ל  גרם</UnitMeasure>
      <BisWeighted>0</BisWeighted>
      <QtyInPackage>1</QtyInPackage>
      <ItemPrice>9.90</ItemPrice>
      <UnitOfMeasurePrice>6.83</UnitOfMeasurePrice>
      <AllowDiscount>1</AllowDiscount>
      <itemStatus>1</itemStatus>
      <LastUpdateDate />
      <LastUpdateTime />
    </Product>
    <Product>
      <PriceUpdateDate>2019/12/04 13:48</PriceUpdateDate>
      <ItemCode>7290013269560</ItemCode>
      <ItemType>1</ItemType>
      <ItemName>תחליב רחצה 750קרמה מ"ל מאסק</ItemName>
      <ManufactureName>החב הדרומית לשיווק</ManufactureName>
      <ManufactureCountry />
      <ManufactureItemDescription />
      <UnitQty>י"ח</UnitQty>
      <Quantity>750</Quantity>
      <UnitMeasure>ל  מ"ל</UnitMeasure>
      <BisWeighted>0</BisWeighted>
      <QtyInPackage>1</QtyInPackage>
      <ItemPrice>15.90</ItemPrice>
      <UnitOfMeasurePrice>2.12</UnitOfMeasurePrice>
      <AllowDiscount>1</AllowDiscount>
      <itemStatus>1</itemStatus>
      <LastUpdateDate />
      <LastUpdateTime />
    </Product>
    <Product>
      <PriceUpdateDate>2018/10/15 08:21</PriceUpdateDate>
      <ItemCode>7290013269621</ItemCode>
      <ItemType>1</ItemType>
      <ItemName>ריצפז פרש הום  2ל לרצפה מלון בוטיק</ItemName>
      <ManufactureName>החב הדרומית לשיווק</ManufactureName>
      <ManufactureCountry />
      <ManufactureItemDescription />
      <UnitQty>י"ח</UnitQty>
      <Quantity>1.45</Quantity>
      <UnitMeasure>ליטר</UnitMeasure>
      <BisWeighted>0</BisWeighted>
      <QtyInPackage>1</QtyInPackage>
      <ItemPrice>19.90</ItemPrice>
      <UnitOfMeasurePrice>13.72</UnitOfMeasurePrice>
      <AllowDiscount>1</AllowDiscount>
      <itemStatus>1</itemStatus>
      <LastUpdateDate />
      <LastUpdateTime />
    </Product>
    <Product>
      <PriceUpdateDate>2015/11/22 09:49</PriceUpdateDate>
      <ItemCode>7290013269645</ItemCode>
      <ItemType>1</ItemType>
      <ItemName>מטליות לחות לרצפה מאסק 10 יחידות</ItemName>
      <ManufactureName>החב הדרומית לשיווק</ManufactureName>
      <ManufactureCountry />
      <ManufactureItemDescription />
      <UnitQty>י"ח</UnitQty>
      <Quantity>1</Quantity>
      <UnitMeasure />
      <BisWeighted>0</BisWeighted>
      <QtyInPackage>1</QtyInPackage>
      <ItemPrice>10.90</ItemPrice>
      <UnitOfMeasurePrice>10.90</UnitOfMeasurePrice>
      <AllowDiscount>1</AllowDiscount>
      <itemStatus>1</itemStatus>
      <LastUpdateDate />
      <LastUpdateTime />
    </Product>
    <Product>
      <PriceUpdateDate>2020/01/13 10:05</PriceUpdateDate>
      <ItemCode>7290013269652</ItemCode>
      <ItemType>1</ItemType>
      <ItemName>פוליווקס 2 ל  גרניט פורצל</ItemName>
      <ManufactureName>החב הדרומית לשיווק</ManufactureName>
      <ManufactureCountry />
      <ManufactureItemDescription />
      <UnitQty>י"ח</UnitQty>
      <Quantity>2</Quantity>
      <UnitMeasure>ליטר</UnitMeasure>
      <BisWeighted>0</BisWeighted>
      <QtyInPackage>1</QtyInPackage>
      <ItemPrice>19.90</ItemPrice>
      <UnitOfMeasurePrice>9.95</UnitOfMeasurePrice>
      <AllowDiscount>1</AllowDiscount>
      <itemStatus>1</itemStatus>
      <LastUpdateDate />
      <LastUpdateTime />
    </Product>
    <Product>
      <PriceUpdateDate>2019/12/04 13:48</PriceUpdateDate>
      <ItemCode>7290013269669</ItemCode>
      <ItemType>1</ItemType>
      <ItemName>ריצפז פנטזיה  3 ליטר</ItemName>
      <ManufactureName>החב הדרומית לשיווק</ManufactureName>
      <ManufactureCountry />
      <ManufactureItemDescription />
      <UnitQty>י"ח</UnitQty>
      <Quantity>3</Quantity>
      <UnitMeasure>ליטר</UnitMeasure>
      <BisWeighted>0</BisWeighted>
      <QtyInPackage>1</QtyInPackage>
      <ItemPrice>11.90</ItemPrice>
      <UnitOfMeasurePrice>3.97</UnitOfMeasurePrice>
      <AllowDiscount>1</AllowDiscount>
      <itemStatus>1</itemStatus>
      <LastUpdateDate />
      <LastUpdateTime />
    </Product>
    <Product>
      <PriceUpdateDate>2019/12/04 13:48</PriceUpdateDate>
      <ItemCode>7290013269850</ItemCode>
      <ItemType>1</ItemType>
      <ItemName>נייר אפיה אקולוגי  50 יח`</ItemName>
      <ManufactureName>החב הדרומית לשיווק</ManufactureName>
      <ManufactureCountry />
      <ManufactureItemDescription />
      <UnitQty>י"ח</UnitQty>
      <Quantity>50</Quantity>
      <UnitMeasure>י"ח</UnitMeasure>
      <BisWeighted>0</BisWeighted>
      <QtyInPackage>1</QtyInPackage>
      <ItemPrice>17.90</ItemPrice>
      <UnitOfMeasurePrice>0.36</UnitOfMeasurePrice>
      <AllowDiscount>1</AllowDiscount>
      <itemStatus>1</itemStatus>
      <LastUpdateDate />
      <LastUpdateTime />
    </Product>
    <Product>
      <PriceUpdateDate>2014/01/19 10:40</PriceUpdateDate>
      <ItemCode>7290013310101</ItemCode>
      <ItemType>1</ItemType>
      <ItemName>שיפודי במבוק ג`מבו 50יח</ItemName>
      <ManufactureName>אינטרסן (1996) בעמ</ManufactureName>
      <ManufactureCountry />
      <ManufactureItemDescription />
      <UnitQty>י"ח</UnitQty>
      <Quantity>1</Quantity>
      <UnitMeasure />
      <BisWeighted>0</BisWeighted>
      <QtyInPackage>1</QtyInPackage>
      <ItemPrice>5</ItemPrice>
      <UnitOfMeasurePrice>5</UnitOfMeasurePrice>
      <AllowDiscount>1</AllowDiscount>
      <itemStatus>1</itemStatus>
      <LastUpdateDate />
      <LastUpdateTime />
    </Product>
    <Product>
      <PriceUpdateDate>2016/06/03 09:21</PriceUpdateDate>
      <ItemCode>7290013310163</ItemCode>
      <ItemType>1</ItemType>
      <ItemName>מדליק פחמים מוצק 40יח</ItemName>
      <ManufactureName>אינטרסן (1996) בעמ</ManufactureName>
      <ManufactureCountry />
      <ManufactureItemDescription />
      <UnitQty>י"ח</UnitQty>
      <Quantity>40</Quantity>
      <UnitMeasure>י"ח</UnitMeasure>
      <BisWeighted>0</BisWeighted>
      <QtyInPackage>1</QtyInPackage>
      <ItemPrice>7.90</ItemPrice>
      <UnitOfMeasurePrice>0.20</UnitOfMeasurePrice>
      <AllowDiscount>1</AllowDiscount>
      <itemStatus>1</itemStatus>
      <LastUpdateDate />
      <LastUpdateTime />
    </Product>
    <Product>
      <PriceUpdateDate>2014/05/09 13:10</PriceUpdateDate>
      <ItemCode>7290013310200</ItemCode>
      <ItemType>1</ItemType>
      <ItemName>נובי כוס  אימון עם ידיות ופיה רכה ללא נז</ItemName>
      <ManufactureName>אינטרסן (1996) בעמ</ManufactureName>
      <ManufactureCountry />
      <ManufactureItemDescription />
      <UnitQty>י"ח</UnitQty>
      <Quantity>3</Quantity>
      <UnitMeasure>י"ח</UnitMeasure>
      <BisWeighted>0</BisWeighted>
      <QtyInPackage>1</QtyInPackage>
      <ItemPrice>32.90</ItemPrice>
      <UnitOfMeasurePrice>10.97</UnitOfMeasurePrice>
      <AllowDiscount>1</AllowDiscount>
      <itemStatus>1</itemStatus>
      <LastUpdateDate />
      <LastUpdateTime />
    </Product>
    <Product>
      <PriceUpdateDate>2013/12/16 20:28</PriceUpdateDate>
      <ItemCode>7290013310231</ItemCode>
      <ItemType>1</ItemType>
      <ItemName>נובי בקבוק אליגטור עם קשית סיליקון</ItemName>
      <ManufactureName>אינטרסן (1996) בעמ</ManufactureName>
      <ManufactureCountry />
      <ManufactureItemDescription />
      <UnitQty>י"ח</UnitQty>
      <Quantity>1</Quantity>
      <UnitMeasure />
      <BisWeighted>0</BisWeighted>
      <QtyInPackage>1</QtyInPackage>
      <ItemPrice>39.90</ItemPrice>
      <UnitOfMeasurePrice>39.90</UnitOfMeasurePrice>
      <AllowDiscount>1</AllowDiscount>
      <itemStatus>1</itemStatus>
      <LastUpdateDate />
      <LastUpdateTime />
    </Product>
    <Product>
      <PriceUpdateDate>2013/12/16 20:28</PriceUpdateDate>
      <ItemCode>7290013310248</ItemCode>
      <ItemType>1</ItemType>
      <ItemName>נובי בקבוק אליגטור עם פייה נשלפת</ItemName>
      <ManufactureName>אינטרסן (1996) בעמ</ManufactureName>
      <ManufactureCountry />
      <ManufactureItemDescription />
      <UnitQty>י"ח</UnitQty>
      <Quantity>1</Quantity>
      <UnitMeasure />
      <BisWeighted>0</BisWeighted>
      <QtyInPackage>1</QtyInPackage>
      <ItemPrice>39.90</ItemPrice>
      <UnitOfMeasurePrice>39.90</UnitOfMeasurePrice>
      <AllowDiscount>1</AllowDiscount>
      <itemStatus>1</itemStatus>
      <LastUpdateDate />
      <LastUpdateTime />
    </Product>
    <Product>
      <PriceUpdateDate>2013/12/16 20:28</PriceUpdateDate>
      <ItemCode>7290013310255</ItemCode>
      <ItemType>1</ItemType>
      <ItemName>נובי בקבוק אליגטור עם פייה מתקפלת</ItemName>
      <ManufactureName>אינטרסן (1996) בעמ</ManufactureName>
      <ManufactureCountry />
      <ManufactureItemDescription />
      <UnitQty>י"ח</UnitQty>
      <Quantity>1</Quantity>
      <UnitMeasure />
      <BisWeighted>0</BisWeighted>
      <QtyInPackage>1</QtyInPackage>
      <ItemPrice>39.90</ItemPrice>
      <UnitOfMeasurePrice>39.90</UnitOfMeasurePrice>
      <AllowDiscount>1</AllowDiscount>
      <itemStatus>1</itemStatus>
      <LastUpdateDate />
      <LastUpdateTime />
    </Product>
    <Product>
      <PriceUpdateDate>2014/01/19 10:40</PriceUpdateDate>
      <ItemCode>7290013310491</ItemCode>
      <ItemType>1</ItemType>
      <ItemName>נייר אפייה נשלף בקופסא 24 יח`</ItemName>
      <ManufactureName>אינטרסן (1996) בעמ</ManufactureName>
      <ManufactureCountry />
      <ManufactureItemDescription />
      <UnitQty>י"ח</UnitQty>
      <Quantity>24</Quantity>
      <UnitMeasure>י"ח</UnitMeasure>
      <BisWeighted>0</BisWeighted>
      <QtyInPackage>1</QtyInPackage>
      <ItemPrice>9</ItemPrice>
      <UnitOfMeasurePrice>0.38</UnitOfMeasurePrice>
      <AllowDiscount>1</AllowDiscount>
      <itemStatus>1</itemStatus>
      <LastUpdateDate />
      <LastUpdateTime />
    </Product>
    <Product>
      <PriceUpdateDate>2019/07/17 08:12</PriceUpdateDate>
      <ItemCode>7290013358417</ItemCode>
      <ItemType>1</ItemType>
      <ItemName>רוטב טריאקי 300מ"ל</ItemName>
      <ManufactureName>ש.שסטוביץ בעמ</ManufactureName>
      <ManufactureCountry />
      <ManufactureItemDescription />
      <UnitQty>י"ח</UnitQty>
      <Quantity>300</Quantity>
      <UnitMeasure>ל  מ"ל</UnitMeasure>
      <BisWeighted>0</BisWeighted>
      <QtyInPackage>1</QtyInPackage>
      <ItemPrice>11.90</ItemPrice>
      <UnitOfMeasurePrice>3.97</UnitOfMeasurePrice>
      <AllowDiscount>1</AllowDiscount>
      <itemStatus>1</itemStatus>
      <LastUpdateDate />
      <LastUpdateTime />
    </Product>
    <Product>
      <PriceUpdateDate>2019/07/17 08:12</PriceUpdateDate>
      <ItemCode>7290013358424</ItemCode>
      <ItemType>1</ItemType>
      <ItemName>רוטב סויה בהירה  500מ"ל</ItemName>
      <ManufactureName>ש.שסטוביץ בעמ</ManufactureName>
      <ManufactureCountry />
      <ManufactureItemDescription />
      <UnitQty>י"ח</UnitQty>
      <Quantity>500</Quantity>
      <UnitMeasure>ל  מ"ל</UnitMeasure>
      <BisWeighted>0</BisWeighted>
      <QtyInPackage>1</QtyInPackage>
      <ItemPrice>11.90</ItemPrice>
      <UnitOfMeasurePrice>2.38</UnitOfMeasurePrice>
      <AllowDiscount>1</AllowDiscount>
      <itemStatus>1</itemStatus>
      <LastUpdateDate />
      <LastUpdateTime />
    </Product>
    <Product>
      <PriceUpdateDate>2019/02/06 09:28</PriceUpdateDate>
      <ItemCode>7290013358493</ItemCode>
      <ItemType>1</ItemType>
      <ItemName>קרם קוקוס פחית  400מ"ל</ItemName>
      <ManufactureName>ש.שסטוביץ בעמ</ManufactureName>
      <ManufactureCountry />
      <ManufactureItemDescription />
      <UnitQty>י"ח</UnitQty>
      <Quantity>400</Quantity>
      <UnitMeasure>ל  מ"ל</UnitMeasure>
      <BisWeighted>0</BisWeighted>
      <QtyInPackage>1</QtyInPackage>
      <ItemPrice>9.90</ItemPrice>
      <UnitOfMeasurePrice>2.48</UnitOfMeasurePrice>
      <AllowDiscount>1</AllowDiscount>
      <itemStatus>1</itemStatus>
      <LastUpdateDate />
      <LastUpdateTime />
    </Product>
    <Product>
      <PriceUpdateDate>2019/07/17 08:12</PriceUpdateDate>
      <ItemCode>7290013358530</ItemCode>
      <ItemType>1</ItemType>
      <ItemName>רוטב צ`ילי מתוק  700מ"ל מאסטר שף</ItemName>
      <ManufactureName>ש.שסטוביץ בעמ</ManufactureName>
      <ManufactureCountry />
      <ManufactureItemDescription />
      <UnitQty>י"ח</UnitQty>
      <Quantity>700</Quantity>
      <UnitMeasure>ל  מ"ל</UnitMeasure>
      <BisWeighted>0</BisWeighted>
      <QtyInPackage>1</QtyInPackage>
      <ItemPrice>11.90</ItemPrice>
      <UnitOfMeasurePrice>1.70</UnitOfMeasurePrice>
      <AllowDiscount>1</AllowDiscount>
      <itemStatus>1</itemStatus>
      <LastUpdateDate />
      <LastUpdateTime />
    </Product>
    <Product>
      <PriceUpdateDate>2019/07/17 08:12</PriceUpdateDate>
      <ItemCode>7290013358547</ItemCode>
      <ItemType>1</ItemType>
      <ItemName>רוטב צ`ילי חריף  700מ"ל</ItemName>
      <ManufactureName>ש.שסטוביץ בעמ</ManufactureName>
      <ManufactureCountry />
      <ManufactureItemDescription />
      <UnitQty>י"ח</UnitQty>
      <Quantity>700</Quantity>
      <UnitMeasure>ל  מ"ל</UnitMeasure>
      <BisWeighted>0</BisWeighted>
      <QtyInPackage>1</QtyInPackage>
      <ItemPrice>11.90</ItemPrice>
      <UnitOfMeasurePrice>1.70</UnitOfMeasurePrice>
      <AllowDiscount>1</AllowDiscount>
      <itemStatus>1</itemStatus>
      <LastUpdateDate />
      <LastUpdateTime />
    </Product>
    <Product>
      <PriceUpdateDate>2016/06/14 13:51</PriceUpdateDate>
      <ItemCode>7290013412966</ItemCode>
      <ItemType>1</ItemType>
      <ItemName>מגבונים  טולי מארז 4 יחידות</ItemName>
      <ManufactureName>שקד תבל בעמ</ManufactureName>
      <ManufactureCountry />
      <ManufactureItemDescription />
      <UnitQty>י"ח</UnitQty>
      <Quantity>4</Quantity>
      <UnitMeasure>י"ח</UnitMeasure>
      <BisWeighted>0</BisWeighted>
      <QtyInPackage>1</QtyInPackage>
      <ItemPrice>12.90</ItemPrice>
      <UnitOfMeasurePrice>3.23</UnitOfMeasurePrice>
      <AllowDiscount>1</AllowDiscount>
      <itemStatus>1</itemStatus>
      <LastUpdateDate />
      <LastUpdateTime />
    </Product>
    <Product>
      <PriceUpdateDate>2019/11/25 09:41</PriceUpdateDate>
      <ItemCode>7290013462039</ItemCode>
      <ItemType>1</ItemType>
      <ItemName>אמול  פורטה שמן רחצה טיפולי לתינוק 500גר</ItemName>
      <ManufactureName>פישר תעשיות פרמבצטיות בעמ</ManufactureName>
      <ManufactureCountry />
      <ManufactureItemDescription />
      <UnitQty>י"ח</UnitQty>
      <Quantity>500</Quantity>
      <UnitMeasure>ל  גרם</UnitMeasure>
      <BisWeighted>0</BisWeighted>
      <QtyInPackage>1</QtyInPackage>
      <ItemPrice>79.90</ItemPrice>
      <UnitOfMeasurePrice>15.98</UnitOfMeasurePrice>
      <AllowDiscount>1</AllowDiscount>
      <itemStatus>1</itemStatus>
      <LastUpdateDate />
      <LastUpdateTime />
    </Product>
    <Product>
      <PriceUpdateDate>2019/08/21 08:47</PriceUpdateDate>
      <ItemCode>7290013531346</ItemCode>
      <ItemType>1</ItemType>
      <ItemName>סירופ דיאט לימונענע 1 ליטר</ItemName>
      <ManufactureName>זנלכל בעמ</ManufactureName>
      <ManufactureCountry />
      <ManufactureItemDescription />
      <UnitQty>י"ח</UnitQty>
      <Quantity>1</Quantity>
      <UnitMeasure>ליטר</UnitMeasure>
      <BisWeighted>0</BisWeighted>
      <QtyInPackage>1</QtyInPackage>
      <ItemPrice>7.50</ItemPrice>
      <UnitOfMeasurePrice>7.50</UnitOfMeasurePrice>
      <AllowDiscount>1</AllowDiscount>
      <itemStatus>1</itemStatus>
      <LastUpdateDate />
      <LastUpdateTime />
    </Product>
    <Product>
      <PriceUpdateDate>2019/08/21 08:47</PriceUpdateDate>
      <ItemCode>7290013531353</ItemCode>
      <ItemType>1</ItemType>
      <ItemName>סירופ דיאט דובדבן 1 ליטר</ItemName>
      <ManufactureName>זנלכל בעמ</ManufactureName>
      <ManufactureCountry />
      <ManufactureItemDescription />
      <UnitQty>י"ח</UnitQty>
      <Quantity>1</Quantity>
      <UnitMeasure>ליטר</UnitMeasure>
      <BisWeighted>0</BisWeighted>
      <QtyInPackage>1</QtyInPackage>
      <ItemPrice>7.50</ItemPrice>
      <UnitOfMeasurePrice>7.50</UnitOfMeasurePrice>
      <AllowDiscount>1</AllowDiscount>
      <itemStatus>1</itemStatus>
      <LastUpdateDate />
      <LastUpdateTime />
    </Product>
    <Product>
      <PriceUpdateDate>2019/08/21 08:47</PriceUpdateDate>
      <ItemCode>7290013531360</ItemCode>
      <ItemType>1</ItemType>
      <ItemName>סירופ דיאט אשכ.אדומה 1 ליטר</ItemName>
      <ManufactureName>זנלכל בעמ</ManufactureName>
      <ManufactureCountry />
      <ManufactureItemDescription />
      <UnitQty>י"ח</UnitQty>
      <Quantity>1</Quantity>
      <UnitMeasure>ליטר</UnitMeasure>
      <BisWeighted>0</BisWeighted>
      <QtyInPackage>1</QtyInPackage>
      <ItemPrice>7.50</ItemPrice>
      <UnitOfMeasurePrice>7.50</UnitOfMeasurePrice>
      <AllowDiscount>1</AllowDiscount>
      <itemStatus>1</itemStatus>
      <LastUpdateDate />
      <LastUpdateTime />
    </Product>
    <Product>
      <PriceUpdateDate>2014/03/11 10:38</PriceUpdateDate>
      <ItemCode>7290013535207</ItemCode>
      <ItemType>1</ItemType>
      <ItemName>נוזל לניקוי כלים 1.5 ליטר בריח תפוח</ItemName>
      <ManufactureName>סאסאטק אגשח בעמ</ManufactureName>
      <ManufactureCountry />
      <ManufactureItemDescription />
      <UnitQty>י"ח</UnitQty>
      <Quantity>1.50</Quantity>
      <UnitMeasure>ליטר</UnitMeasure>
      <BisWeighted>0</BisWeighted>
      <QtyInPackage>1</QtyInPackage>
      <ItemPrice>9.90</ItemPrice>
      <UnitOfMeasurePrice>6.60</UnitOfMeasurePrice>
      <AllowDiscount>1</AllowDiscount>
      <itemStatus>1</itemStatus>
      <LastUpdateDate />
      <LastUpdateTime />
    </Product>
    <Product>
      <PriceUpdateDate>2014/03/11 10:38</PriceUpdateDate>
      <ItemCode>7290013535214</ItemCode>
      <ItemType>1</ItemType>
      <ItemName>נוזל לניקוי כלים 1.5 ליטר בריח לימון</ItemName>
      <ManufactureName>סאסאטק אגשח בעמ</ManufactureName>
      <ManufactureCountry />
      <ManufactureItemDescription />
      <UnitQty>י"ח</UnitQty>
      <Quantity>1.50</Quantity>
      <UnitMeasure>ליטר</UnitMeasure>
      <BisWeighted>0</BisWeighted>
      <QtyInPackage>1</QtyInPackage>
      <ItemPrice>9.90</ItemPrice>
      <UnitOfMeasurePrice>6.60</UnitOfMeasurePrice>
      <AllowDiscount>1</AllowDiscount>
      <itemStatus>1</itemStatus>
      <LastUpdateDate />
      <LastUpdateTime />
    </Product>
    <Product>
      <PriceUpdateDate>2020/04/21 10:23</PriceUpdateDate>
      <ItemCode>7290013539892</ItemCode>
      <ItemType>1</ItemType>
      <ItemName>אל סבון  נוזלי משאבה תה ירוק 1ליטר</ItemName>
      <ManufactureName>גורי ע.ע.ע. בעמ</ManufactureName>
      <ManufactureCountry />
      <ManufactureItemDescription />
      <UnitQty>י"ח</UnitQty>
      <Quantity>1</Quantity>
      <UnitMeasure>ליטר</UnitMeasure>
      <BisWeighted>0</BisWeighted>
      <QtyInPackage>1</QtyInPackage>
      <ItemPrice>11.90</ItemPrice>
      <UnitOfMeasurePrice>11.90</UnitOfMeasurePrice>
      <AllowDiscount>1</AllowDiscount>
      <itemStatus>1</itemStatus>
      <LastUpdateDate />
      <LastUpdateTime />
    </Product>
    <Product>
      <PriceUpdateDate>2014/01/03 13:46</PriceUpdateDate>
      <ItemCode>7290013539908</ItemCode>
      <ItemType>1</ItemType>
      <ItemName>אל סבון  נוזלי משאבה תה אדום  1ליטר</ItemName>
      <ManufactureName>גורי ע.ע.ע. בעמ</ManufactureName>
      <ManufactureCountry />
      <ManufactureItemDescription />
      <UnitQty>י"ח</UnitQty>
      <Quantity>400</Quantity>
      <UnitMeasure>ל  מ"ל</UnitMeasure>
      <BisWeighted>0</BisWeighted>
      <QtyInPackage>1</QtyInPackage>
      <ItemPrice>16.80</ItemPrice>
      <UnitOfMeasurePrice>4.20</UnitOfMeasurePrice>
      <AllowDiscount>1</AllowDiscount>
      <itemStatus>1</itemStatus>
      <LastUpdateDate />
      <LastUpdateTime />
    </Product>
    <Product>
      <PriceUpdateDate>2020/04/21 10:23</PriceUpdateDate>
      <ItemCode>7290013539915</ItemCode>
      <ItemType>1</ItemType>
      <ItemName>אל סבון  נוזלי משאבה תה לבן  1ליטר</ItemName>
      <ManufactureName>גורי ע.ע.ע. בעמ</ManufactureName>
      <ManufactureCountry />
      <ManufactureItemDescription />
      <UnitQty>י"ח</UnitQty>
      <Quantity>1</Quantity>
      <UnitMeasure>ליטר</UnitMeasure>
      <BisWeighted>0</BisWeighted>
      <QtyInPackage>1</QtyInPackage>
      <ItemPrice>11.90</ItemPrice>
      <UnitOfMeasurePrice>11.90</UnitOfMeasurePrice>
      <AllowDiscount>1</AllowDiscount>
      <itemStatus>1</itemStatus>
      <LastUpdateDate />
      <LastUpdateTime />
    </Product>
    <Product>
      <PriceUpdateDate>2018/03/02 08:31</PriceUpdateDate>
      <ItemCode>7290013566744</ItemCode>
      <ItemType>1</ItemType>
      <ItemName>חמשושים אימפלס  בד"ץ 55  גר`</ItemName>
      <ManufactureName>נגה גלידות</ManufactureName>
      <ManufactureCountry />
      <ManufactureItemDescription />
      <UnitQty>י"ח</UnitQty>
      <Quantity>1</Quantity>
      <UnitMeasure />
      <BisWeighted>0</BisWeighted>
      <QtyInPackage>1</QtyInPackage>
      <ItemPrice>10.90</ItemPrice>
      <UnitOfMeasurePrice>10.90</UnitOfMeasurePrice>
      <AllowDiscount>1</AllowDiscount>
      <itemStatus>1</itemStatus>
      <LastUpdateDate />
      <LastUpdateTime />
    </Product>
    <Product>
      <PriceUpdateDate>2019/06/04 10:11</PriceUpdateDate>
      <ItemCode>7290013580009</ItemCode>
      <ItemType>1</ItemType>
      <ItemName>המבורגר זהב 400גרם ארוז</ItemName>
      <ManufactureName>בלדי בעמ</ManufactureName>
      <ManufactureCountry />
      <ManufactureItemDescription />
      <UnitQty>י"ח</UnitQty>
      <Quantity>400</Quantity>
      <UnitMeasure>ל  גרם</UnitMeasure>
      <BisWeighted>0</BisWeighted>
      <QtyInPackage>1</QtyInPackage>
      <ItemPrice>18.90</ItemPrice>
      <UnitOfMeasurePrice>4.73</UnitOfMeasurePrice>
      <AllowDiscount>1</AllowDiscount>
      <itemStatus>1</itemStatus>
      <LastUpdateDate />
      <LastUpdateTime />
    </Product>
    <Product>
      <PriceUpdateDate>2018/11/26 10:37</PriceUpdateDate>
      <ItemCode>7290013584113</ItemCode>
      <ItemType>1</ItemType>
      <ItemName>פחית ספרייט 330מ"ל דיאט</ItemName>
      <ManufactureName>חברה המרכזית להפצת משקאות בעמ</ManufactureName>
      <ManufactureCountry />
      <ManufactureItemDescription />
      <UnitQty>י"ח</UnitQty>
      <Quantity>330</Quantity>
      <UnitMeasure>ל  מ"ל</UnitMeasure>
      <BisWeighted>0</BisWeighted>
      <QtyInPackage>1</QtyInPackage>
      <ItemPrice>4.20</ItemPrice>
      <UnitOfMeasurePrice>1.18</UnitOfMeasurePrice>
      <AllowDiscount>1</AllowDiscount>
      <itemStatus>1</itemStatus>
      <LastUpdateDate />
      <LastUpdateTime />
    </Product>
    <Product>
      <PriceUpdateDate>2018/11/26 10:37</PriceUpdateDate>
      <ItemCode>7290013584120</ItemCode>
      <ItemType>1</ItemType>
      <ItemName>ספרייט פחית 330מ"ל</ItemName>
      <ManufactureName>חברה המרכזית להפצת משקאות בעמ</ManufactureName>
      <ManufactureCountry />
      <ManufactureItemDescription />
      <UnitQty>י"ח</UnitQty>
      <Quantity>330</Quantity>
      <UnitMeasure>ל  מ"ל</UnitMeasure>
      <BisWeighted>0</BisWeighted>
      <QtyInPackage>1</QtyInPackage>
      <ItemPrice>4.20</ItemPrice>
      <UnitOfMeasurePrice>1.18</UnitOfMeasurePrice>
      <AllowDiscount>1</AllowDiscount>
      <itemStatus>1</itemStatus>
      <LastUpdateDate />
      <LastUpdateTime />
    </Product>
    <Product>
      <PriceUpdateDate>2017/01/03 11:04</PriceUpdateDate>
      <ItemCode>7290013584816</ItemCode>
      <ItemType>1</ItemType>
      <ItemName>פריגת לימונענע 1.5 ל</ItemName>
      <ManufactureName>חברה המרכזית להפצת משקאות בעמ</ManufactureName>
      <ManufactureCountry />
      <ManufactureItemDescription />
      <UnitQty>י"ח</UnitQty>
      <Quantity>1.50</Quantity>
      <UnitMeasure>ליטר</UnitMeasure>
      <BisWeighted>0</BisWeighted>
      <QtyInPackage>1</QtyInPackage>
      <ItemPrice>6.90</ItemPrice>
      <UnitOfMeasurePrice>4.60</UnitOfMeasurePrice>
      <AllowDiscount>1</AllowDiscount>
      <itemStatus>1</itemStatus>
      <LastUpdateDate />
      <LastUpdateTime />
    </Product>
    <Product>
      <PriceUpdateDate>2018/11/26 10:37</PriceUpdateDate>
      <ItemCode>7290013585233</ItemCode>
      <ItemType>1</ItemType>
      <ItemName>פחית ספרייט ZERO  סליק 330מ"ל</ItemName>
      <ManufactureName>חברה המרכזית להפצת משקאות בעמ</ManufactureName>
      <ManufactureCountry />
      <ManufactureItemDescription />
      <UnitQty>י"ח</UnitQty>
      <Quantity>330</Quantity>
      <UnitMeasure>ל  מ"ל</UnitMeasure>
      <BisWeighted>0</BisWeighted>
      <QtyInPackage>1</QtyInPackage>
      <ItemPrice>4.20</ItemPrice>
      <UnitOfMeasurePrice>1.18</UnitOfMeasurePrice>
      <AllowDiscount>1</AllowDiscount>
      <itemStatus>1</itemStatus>
      <LastUpdateDate />
      <LastUpdateTime />
    </Product>
    <Product>
      <PriceUpdateDate>2017/05/04 09:25</PriceUpdateDate>
      <ItemCode>7290013585349</ItemCode>
      <ItemType>1</ItemType>
      <ItemName>קרלסברג מארז שישייה (5+1)</ItemName>
      <ManufactureName>חברה המרכזית להפצת משקאות בעמ</ManufactureName>
      <ManufactureCountry />
      <ManufactureItemDescription />
      <UnitQty>י"ח</UnitQty>
      <Quantity>330</Quantity>
      <UnitMeasure>ל  מ"ל</UnitMeasure>
      <BisWeighted>0</BisWeighted>
      <QtyInPackage>1</QtyInPackage>
      <ItemPrice>35.70</ItemPrice>
      <UnitOfMeasurePrice>10.27</UnitOfMeasurePrice>
      <AllowDiscount>1</AllowDiscount>
      <itemStatus>1</itemStatus>
      <LastUpdateDate />
      <LastUpdateTime />
    </Product>
    <Product>
      <PriceUpdateDate>2017/01/03 11:04</PriceUpdateDate>
      <ItemCode>7290013585493</ItemCode>
      <ItemType>1</ItemType>
      <ItemName>פריגת אננס פסיפלורה   1.5 ל</ItemName>
      <ManufactureName>חברה המרכזית להפצת משקאות בעמ</ManufactureName>
      <ManufactureCountry />
      <ManufactureItemDescription />
      <UnitQty>י"ח</UnitQty>
      <Quantity>1.50</Quantity>
      <UnitMeasure>ליטר</UnitMeasure>
      <BisWeighted>0</BisWeighted>
      <QtyInPackage>1</QtyInPackage>
      <ItemPrice>6.90</ItemPrice>
      <UnitOfMeasurePrice>4.60</UnitOfMeasurePrice>
      <AllowDiscount>1</AllowDiscount>
      <itemStatus>1</itemStatus>
      <LastUpdateDate />
      <LastUpdateTime />
    </Product>
    <Product>
      <PriceUpdateDate>2017/01/03 11:04</PriceUpdateDate>
      <ItemCode>7290013585509</ItemCode>
      <ItemType>1</ItemType>
      <ItemName>פריגת אפרסק  1.5 ל</ItemName>
      <ManufactureName>חברה המרכזית להפצת משקאות בעמ</ManufactureName>
      <ManufactureCountry />
      <ManufactureItemDescription />
      <UnitQty>י"ח</UnitQty>
      <Quantity>1.50</Quantity>
      <UnitMeasure>ליטר</UnitMeasure>
      <BisWeighted>0</BisWeighted>
      <QtyInPackage>1</QtyInPackage>
      <ItemPrice>6.90</ItemPrice>
      <UnitOfMeasurePrice>4.60</UnitOfMeasurePrice>
      <AllowDiscount>1</AllowDiscount>
      <itemStatus>1</itemStatus>
      <LastUpdateDate />
      <LastUpdateTime />
    </Product>
    <Product>
      <PriceUpdateDate>2017/01/03 11:04</PriceUpdateDate>
      <ItemCode>7290013585578</ItemCode>
      <ItemType>1</ItemType>
      <ItemName>פריגת תפוח דובדבן   1.5 ל</ItemName>
      <ManufactureName>חברה המרכזית להפצת משקאות בעמ</ManufactureName>
      <ManufactureCountry />
      <ManufactureItemDescription />
      <UnitQty>י"ח</UnitQty>
      <Quantity>1.50</Quantity>
      <UnitMeasure>ליטר</UnitMeasure>
      <BisWeighted>0</BisWeighted>
      <QtyInPackage>1</QtyInPackage>
      <ItemPrice>6.90</ItemPrice>
      <UnitOfMeasurePrice>4.60</UnitOfMeasurePrice>
      <AllowDiscount>1</AllowDiscount>
      <itemStatus>1</itemStatus>
      <LastUpdateDate />
      <LastUpdateTime />
    </Product>
    <Product>
      <PriceUpdateDate>2017/01/03 11:04</PriceUpdateDate>
      <ItemCode>7290013585585</ItemCode>
      <ItemType>1</ItemType>
      <ItemName>פריגת רימונים  1.5 ל</ItemName>
      <ManufactureName>חברה המרכזית להפצת משקאות בעמ</ManufactureName>
      <ManufactureCountry />
      <ManufactureItemDescription />
      <UnitQty>י"ח</UnitQty>
      <Quantity>1.50</Quantity>
      <UnitMeasure>ליטר</UnitMeasure>
      <BisWeighted>0</BisWeighted>
      <QtyInPackage>1</QtyInPackage>
      <ItemPrice>6.90</ItemPrice>
      <UnitOfMeasurePrice>4.60</UnitOfMeasurePrice>
      <AllowDiscount>1</AllowDiscount>
      <itemStatus>1</itemStatus>
      <LastUpdateDate />
      <LastUpdateTime />
    </Product>
    <Product>
      <PriceUpdateDate>2017/01/03 11:04</PriceUpdateDate>
      <ItemCode>7290013585851</ItemCode>
      <ItemType>1</ItemType>
      <ItemName>פריגת תפוז מנדרינה  1.5 ליטר</ItemName>
      <ManufactureName>חברה המרכזית להפצת משקאות בעמ</ManufactureName>
      <ManufactureCountry />
      <ManufactureItemDescription />
      <UnitQty>י"ח</UnitQty>
      <Quantity>1.50</Quantity>
      <UnitMeasure>ליטר</UnitMeasure>
      <BisWeighted>0</BisWeighted>
      <QtyInPackage>1</QtyInPackage>
      <ItemPrice>6.90</ItemPrice>
      <UnitOfMeasurePrice>4.60</UnitOfMeasurePrice>
      <AllowDiscount>1</AllowDiscount>
      <itemStatus>1</itemStatus>
      <LastUpdateDate />
      <LastUpdateTime />
    </Product>
    <Product>
      <PriceUpdateDate>2017/01/03 11:04</PriceUpdateDate>
      <ItemCode>7290013585868</ItemCode>
      <ItemType>1</ItemType>
      <ItemName>פריגת אשכולית פומלית   1.5 ליטר</ItemName>
      <ManufactureName>חברה המרכזית להפצת משקאות בעמ</ManufactureName>
      <ManufactureCountry />
      <ManufactureItemDescription />
      <UnitQty>י"ח</UnitQty>
      <Quantity>1.50</Quantity>
      <UnitMeasure>ליטר</UnitMeasure>
      <BisWeighted>0</BisWeighted>
      <QtyInPackage>1</QtyInPackage>
      <ItemPrice>6.90</ItemPrice>
      <UnitOfMeasurePrice>4.60</UnitOfMeasurePrice>
      <AllowDiscount>1</AllowDiscount>
      <itemStatus>1</itemStatus>
      <LastUpdateDate />
      <LastUpdateTime />
    </Product>
    <Product>
      <PriceUpdateDate>2017/01/03 11:04</PriceUpdateDate>
      <ItemCode>7290013586445</ItemCode>
      <ItemType>1</ItemType>
      <ItemName>פריגת קרטיב אננס 1.5 ליטר</ItemName>
      <ManufactureName>חברה המרכזית להפצת משקאות בעמ</ManufactureName>
      <ManufactureCountry />
      <ManufactureItemDescription />
      <UnitQty>י"ח</UnitQty>
      <Quantity>1.50</Quantity>
      <UnitMeasure>ליטר</UnitMeasure>
      <BisWeighted>0</BisWeighted>
      <QtyInPackage>1</QtyInPackage>
      <ItemPrice>6.90</ItemPrice>
      <UnitOfMeasurePrice>4.60</UnitOfMeasurePrice>
      <AllowDiscount>1</AllowDiscount>
      <itemStatus>1</itemStatus>
      <LastUpdateDate />
      <LastUpdateTime />
    </Product>
    <Product>
      <PriceUpdateDate>2017/01/03 11:04</PriceUpdateDate>
      <ItemCode>7290013586452</ItemCode>
      <ItemType>1</ItemType>
      <ItemName>פריגת קרטיב לימון 1.5 ליטר</ItemName>
      <ManufactureName>חברה המרכזית להפצת משקאות בעמ</ManufactureName>
      <ManufactureCountry />
      <ManufactureItemDescription />
      <UnitQty>י"ח</UnitQty>
      <Quantity>1.50</Quantity>
      <UnitMeasure>ליטר</UnitMeasure>
      <BisWeighted>0</BisWeighted>
      <QtyInPackage>1</QtyInPackage>
      <ItemPrice>6.90</ItemPrice>
      <UnitOfMeasurePrice>4.60</UnitOfMeasurePrice>
      <AllowDiscount>1</AllowDiscount>
      <itemStatus>1</itemStatus>
      <LastUpdateDate />
      <LastUpdateTime />
    </Product>
    <Product>
      <PriceUpdateDate>2017/01/03 11:04</PriceUpdateDate>
      <ItemCode>7290013586469</ItemCode>
      <ItemType>1</ItemType>
      <ItemName>פריגת קרטיב משמש 1.5 ליטר</ItemName>
      <ManufactureName>חברה המרכזית להפצת משקאות בעמ</ManufactureName>
      <ManufactureCountry />
      <ManufactureItemDescription />
      <UnitQty>י"ח</UnitQty>
      <Quantity>1.50</Quantity>
      <UnitMeasure>ליטר</UnitMeasure>
      <BisWeighted>0</BisWeighted>
      <QtyInPackage>1</QtyInPackage>
      <ItemPrice>6.90</ItemPrice>
      <UnitOfMeasurePrice>4.60</UnitOfMeasurePrice>
      <AllowDiscount>1</AllowDiscount>
      <itemStatus>1</itemStatus>
      <LastUpdateDate />
      <LastUpdateTime />
    </Product>
    <Product>
      <PriceUpdateDate>2018/03/06 09:39</PriceUpdateDate>
      <ItemCode>7290013586605</ItemCode>
      <ItemType>1</ItemType>
      <ItemName>ויסוצקי ICE נענע 1.5 ל</ItemName>
      <ManufactureName>חברה המרכזית להפצת משקאות בעמ</ManufactureName>
      <ManufactureCountry />
      <ManufactureItemDescription />
      <UnitQty>י"ח</UnitQty>
      <Quantity>1.50</Quantity>
      <UnitMeasure>ליטר</UnitMeasure>
      <BisWeighted>0</BisWeighted>
      <QtyInPackage>1</QtyInPackage>
      <ItemPrice>7.50</ItemPrice>
      <UnitOfMeasurePrice>5</UnitOfMeasurePrice>
      <AllowDiscount>1</AllowDiscount>
      <itemStatus>1</itemStatus>
      <LastUpdateDate />
      <LastUpdateTime />
    </Product>
    <Product>
      <PriceUpdateDate>2018/03/06 09:39</PriceUpdateDate>
      <ItemCode>7290013586612</ItemCode>
      <ItemType>1</ItemType>
      <ItemName>ויסוצקי ICE לימונית לואיזה  1.5 ל</ItemName>
      <ManufactureName>חברה המרכזית להפצת משקאות בעמ</ManufactureName>
      <ManufactureCountry />
      <ManufactureItemDescription />
      <UnitQty>י"ח</UnitQty>
      <Quantity>1.50</Quantity>
      <UnitMeasure>ליטר</UnitMeasure>
      <BisWeighted>0</BisWeighted>
      <QtyInPackage>1</QtyInPackage>
      <ItemPrice>7.50</ItemPrice>
      <UnitOfMeasurePrice>5</UnitOfMeasurePrice>
      <AllowDiscount>1</AllowDiscount>
      <itemStatus>1</itemStatus>
      <LastUpdateDate />
      <LastUpdateTime />
    </Product>
    <Product>
      <PriceUpdateDate>2017/01/03 11:04</PriceUpdateDate>
      <ItemCode>7290013586629</ItemCode>
      <ItemType>1</ItemType>
      <ItemName>פריגת מיקס הדרים  1.5ל</ItemName>
      <ManufactureName>חברה המרכזית להפצת משקאות בעמ</ManufactureName>
      <ManufactureCountry />
      <ManufactureItemDescription />
      <UnitQty>י"ח</UnitQty>
      <Quantity>1.50</Quantity>
      <UnitMeasure>ליטר</UnitMeasure>
      <BisWeighted>0</BisWeighted>
      <QtyInPackage>1</QtyInPackage>
      <ItemPrice>6.90</ItemPrice>
      <UnitOfMeasurePrice>4.60</UnitOfMeasurePrice>
      <AllowDiscount>1</AllowDiscount>
      <itemStatus>1</itemStatus>
      <LastUpdateDate />
      <LastUpdateTime />
    </Product>
    <Product>
      <PriceUpdateDate>2017/01/03 11:04</PriceUpdateDate>
      <ItemCode>7290013586636</ItemCode>
      <ItemType>1</ItemType>
      <ItemName>פריגת מיקס אשכוליות 1.5ל</ItemName>
      <ManufactureName>חברה המרכזית להפצת משקאות בעמ</ManufactureName>
      <ManufactureCountry />
      <ManufactureItemDescription />
      <UnitQty>י"ח</UnitQty>
      <Quantity>1.50</Quantity>
      <UnitMeasure>ליטר</UnitMeasure>
      <BisWeighted>0</BisWeighted>
      <QtyInPackage>1</QtyInPackage>
      <ItemPrice>6.90</ItemPrice>
      <UnitOfMeasurePrice>4.60</UnitOfMeasurePrice>
      <AllowDiscount>1</AllowDiscount>
      <itemStatus>1</itemStatus>
      <LastUpdateDate />
      <LastUpdateTime />
    </Product>
    <Product>
      <PriceUpdateDate>2018/03/06 09:39</PriceUpdateDate>
      <ItemCode>7290013586728</ItemCode>
      <ItemType>1</ItemType>
      <ItemName>ויסוצקי ICE היביסקוס פ.אדומים   1.5 ל</ItemName>
      <ManufactureName>חברה המרכזית להפצת משקאות בעמ</ManufactureName>
      <ManufactureCountry />
      <ManufactureItemDescription />
      <UnitQty>י"ח</UnitQty>
      <Quantity>1.50</Quantity>
      <UnitMeasure>ליטר</UnitMeasure>
      <BisWeighted>0</BisWeighted>
      <QtyInPackage>1</QtyInPackage>
      <ItemPrice>7.50</ItemPrice>
      <UnitOfMeasurePrice>5</UnitOfMeasurePrice>
      <AllowDiscount>1</AllowDiscount>
      <itemStatus>1</itemStatus>
      <LastUpdateDate />
      <LastUpdateTime />
    </Product>
    <Product>
      <PriceUpdateDate>2018/03/06 09:39</PriceUpdateDate>
      <ItemCode>7290013586735</ItemCode>
      <ItemType>1</ItemType>
      <ItemName>ויסוצקי ICE ארל גריי  1.5 ל</ItemName>
      <ManufactureName>חברה המרכזית להפצת משקאות בעמ</ManufactureName>
      <ManufactureCountry />
      <ManufactureItemDescription />
      <UnitQty>י"ח</UnitQty>
      <Quantity>1.50</Quantity>
      <UnitMeasure>ליטר</UnitMeasure>
      <BisWeighted>0</BisWeighted>
      <QtyInPackage>1</QtyInPackage>
      <ItemPrice>7.50</ItemPrice>
      <UnitOfMeasurePrice>5</UnitOfMeasurePrice>
      <AllowDiscount>1</AllowDiscount>
      <itemStatus>1</itemStatus>
      <LastUpdateDate />
      <LastUpdateTime />
    </Product>
    <Product>
      <PriceUpdateDate>2018/10/28 13:19</PriceUpdateDate>
      <ItemCode>7290013608260</ItemCode>
      <ItemType>1</ItemType>
      <ItemName>פרימור מיץ רימון  100% 1ליטר</ItemName>
      <ManufactureName>שטראוס גרופ ***בעמ</ManufactureName>
      <ManufactureCountry />
      <ManufactureItemDescription />
      <UnitQty>י"ח</UnitQty>
      <Quantity>1</Quantity>
      <UnitMeasure>ליטר</UnitMeasure>
      <BisWeighted>0</BisWeighted>
      <QtyInPackage>1</QtyInPackage>
      <ItemPrice>22.20</ItemPrice>
      <UnitOfMeasurePrice>22.20</UnitOfMeasurePrice>
      <AllowDiscount>1</AllowDiscount>
      <itemStatus>1</itemStatus>
      <LastUpdateDate />
      <LastUpdateTime />
    </Product>
    <Product>
      <PriceUpdateDate>2019/12/18 08:01</PriceUpdateDate>
      <ItemCode>7290013608949</ItemCode>
      <ItemType>1</ItemType>
      <ItemName>מיץ תפוזים אורגני 750מ"ל 100%</ItemName>
      <ManufactureName>שטראוס גרופ ***בעמ</ManufactureName>
      <ManufactureCountry />
      <ManufactureItemDescription />
      <UnitQty>י"ח</UnitQty>
      <Quantity>750</Quantity>
      <UnitMeasure>ל  מ"ל</UnitMeasure>
      <BisWeighted>0</BisWeighted>
      <QtyInPackage>1</QtyInPackage>
      <ItemPrice>14.80</ItemPrice>
      <UnitOfMeasurePrice>1.93</UnitOfMeasurePrice>
      <AllowDiscount>1</AllowDiscount>
      <itemStatus>1</itemStatus>
      <LastUpdateDate />
      <LastUpdateTime />
    </Product>
    <Product>
      <PriceUpdateDate>2019/12/18 08:01</PriceUpdateDate>
      <ItemCode>7290013608956</ItemCode>
      <ItemType>1</ItemType>
      <ItemName>מיץ אשכולית אדומה אורגני 750מ"ל 100%</ItemName>
      <ManufactureName>שטראוס גרופ ***בעמ</ManufactureName>
      <ManufactureCountry />
      <ManufactureItemDescription />
      <UnitQty>י"ח</UnitQty>
      <Quantity>750</Quantity>
      <UnitMeasure>ל  מ"ל</UnitMeasure>
      <BisWeighted>0</BisWeighted>
      <QtyInPackage>1</QtyInPackage>
      <ItemPrice>14.80</ItemPrice>
      <UnitOfMeasurePrice>1.93</UnitOfMeasurePrice>
      <AllowDiscount>1</AllowDiscount>
      <itemStatus>1</itemStatus>
      <LastUpdateDate />
      <LastUpdateTime />
    </Product>
    <Product>
      <PriceUpdateDate>2014/01/05 09:36</PriceUpdateDate>
      <ItemCode>7290013652003</ItemCode>
      <ItemType>1</ItemType>
      <ItemName>קרם גוף רגיל/יבש 450מ"ל</ItemName>
      <ManufactureName>פישר תעשיות פרמבצטיות בעמ</ManufactureName>
      <ManufactureCountry />
      <ManufactureItemDescription />
      <UnitQty>י"ח</UnitQty>
      <Quantity>450</Quantity>
      <UnitMeasure>ל  מ"ל</UnitMeasure>
      <BisWeighted>0</BisWeighted>
      <QtyInPackage>1</QtyInPackage>
      <ItemPrice>25</ItemPrice>
      <UnitOfMeasurePrice>5.56</UnitOfMeasurePrice>
      <AllowDiscount>1</AllowDiscount>
      <itemStatus>1</itemStatus>
      <LastUpdateDate />
      <LastUpdateTime />
    </Product>
    <Product>
      <PriceUpdateDate>2014/01/05 09:36</PriceUpdateDate>
      <ItemCode>7290013652010</ItemCode>
      <ItemType>1</ItemType>
      <ItemName>קרם גוף רגיל/יבש 450מ"ל</ItemName>
      <ManufactureName>פישר תעשיות פרמבצטיות בעמ</ManufactureName>
      <ManufactureCountry />
      <ManufactureItemDescription />
      <UnitQty>י"ח</UnitQty>
      <Quantity>450</Quantity>
      <UnitMeasure>ל  מ"ל</UnitMeasure>
      <BisWeighted>0</BisWeighted>
      <QtyInPackage>1</QtyInPackage>
      <ItemPrice>25</ItemPrice>
      <UnitOfMeasurePrice>5.56</UnitOfMeasurePrice>
      <AllowDiscount>1</AllowDiscount>
      <itemStatus>1</itemStatus>
      <LastUpdateDate />
      <LastUpdateTime />
    </Product>
    <Product>
      <PriceUpdateDate>2019/01/09 10:25</PriceUpdateDate>
      <ItemCode>7290013652843</ItemCode>
      <ItemType>1</ItemType>
      <ItemName>שמפו ורדים וחלב רימונים לשיער רגיל700</ItemName>
      <ManufactureName>פישר תעשיות פרמבצטיות בעמ</ManufactureName>
      <ManufactureCountry />
      <ManufactureItemDescription />
      <UnitQty>י"ח</UnitQty>
      <Quantity>700</Quantity>
      <UnitMeasure>ל  מ"ל</UnitMeasure>
      <BisWeighted>0</BisWeighted>
      <QtyInPackage>1</QtyInPackage>
      <ItemPrice>18.90</ItemPrice>
      <UnitOfMeasurePrice>2.70</UnitOfMeasurePrice>
      <AllowDiscount>1</AllowDiscount>
      <itemStatus>1</itemStatus>
      <LastUpdateDate />
      <LastUpdateTime />
    </Product>
    <Product>
      <PriceUpdateDate>2019/01/09 10:25</PriceUpdateDate>
      <ItemCode>7290013652850</ItemCode>
      <ItemType>1</ItemType>
      <ItemName>שמפו חינה ושמן ארגאן לשיער יבש 700</ItemName>
      <ManufactureName>פישר תעשיות פרמבצטיות בעמ</ManufactureName>
      <ManufactureCountry />
      <ManufactureItemDescription />
      <UnitQty>י"ח</UnitQty>
      <Quantity>700</Quantity>
      <UnitMeasure>ל  מ"ל</UnitMeasure>
      <BisWeighted>0</BisWeighted>
      <QtyInPackage>1</QtyInPackage>
      <ItemPrice>18.90</ItemPrice>
      <UnitOfMeasurePrice>2.70</UnitOfMeasurePrice>
      <AllowDiscount>1</AllowDiscount>
      <itemStatus>1</itemStatus>
      <LastUpdateDate />
      <LastUpdateTime />
    </Product>
    <Product>
      <PriceUpdateDate>2019/01/09 10:25</PriceUpdateDate>
      <ItemCode>7290013652867</ItemCode>
      <ItemType>1</ItemType>
      <ItemName>שמפו קמומיל ותאנה לשיער בהיר  700</ItemName>
      <ManufactureName>פישר תעשיות פרמבצטיות בעמ</ManufactureName>
      <ManufactureCountry />
      <ManufactureItemDescription />
      <UnitQty>י"ח</UnitQty>
      <Quantity>700</Quantity>
      <UnitMeasure>ל  מ"ל</UnitMeasure>
      <BisWeighted>0</BisWeighted>
      <QtyInPackage>1</QtyInPackage>
      <ItemPrice>18.90</ItemPrice>
      <UnitOfMeasurePrice>2.70</UnitOfMeasurePrice>
      <AllowDiscount>1</AllowDiscount>
      <itemStatus>1</itemStatus>
      <LastUpdateDate />
      <LastUpdateTime />
    </Product>
    <Product>
      <PriceUpdateDate>2019/01/09 10:25</PriceUpdateDate>
      <ItemCode>7290013652874</ItemCode>
      <ItemType>1</ItemType>
      <ItemName>מרכך לשיער רגיל ורדים וחלב רימונים</ItemName>
      <ManufactureName>פישר תעשיות פרמבצטיות בעמ</ManufactureName>
      <ManufactureCountry />
      <ManufactureItemDescription />
      <UnitQty>י"ח</UnitQty>
      <Quantity>700</Quantity>
      <UnitMeasure>ל  מ"ל</UnitMeasure>
      <BisWeighted>0</BisWeighted>
      <QtyInPackage>1</QtyInPackage>
      <ItemPrice>18.90</ItemPrice>
      <UnitOfMeasurePrice>2.70</UnitOfMeasurePrice>
      <AllowDiscount>1</AllowDiscount>
      <itemStatus>1</itemStatus>
      <LastUpdateDate />
      <LastUpdateTime />
    </Product>
    <Product>
      <PriceUpdateDate>2019/01/09 10:25</PriceUpdateDate>
      <ItemCode>7290013652881</ItemCode>
      <ItemType>1</ItemType>
      <ItemName>מרכך לשיער יבש חינה ושמן ארגאן 700מ"ל</ItemName>
      <ManufactureName>פישר תעשיות פרמבצטיות בעמ</ManufactureName>
      <ManufactureCountry />
      <ManufactureItemDescription />
      <UnitQty>י"ח</UnitQty>
      <Quantity>700</Quantity>
      <UnitMeasure>ל  מ"ל</UnitMeasure>
      <BisWeighted>0</BisWeighted>
      <QtyInPackage>1</QtyInPackage>
      <ItemPrice>18.90</ItemPrice>
      <UnitOfMeasurePrice>2.70</UnitOfMeasurePrice>
      <AllowDiscount>1</AllowDiscount>
      <itemStatus>1</itemStatus>
      <LastUpdateDate />
      <LastUpdateTime />
    </Product>
    <Product>
      <PriceUpdateDate>2019/01/09 10:25</PriceUpdateDate>
      <ItemCode>7290013652904</ItemCode>
      <ItemType>1</ItemType>
      <ItemName>שמפו מרכך ורדים וחלב רימונים לשיער רגיל</ItemName>
      <ManufactureName>פישר תעשיות פרמבצטיות בעמ</ManufactureName>
      <ManufactureCountry />
      <ManufactureItemDescription />
      <UnitQty>י"ח</UnitQty>
      <Quantity>700</Quantity>
      <UnitMeasure>ל  מ"ל</UnitMeasure>
      <BisWeighted>0</BisWeighted>
      <QtyInPackage>1</QtyInPackage>
      <ItemPrice>18.90</ItemPrice>
      <UnitOfMeasurePrice>2.70</UnitOfMeasurePrice>
      <AllowDiscount>1</AllowDiscount>
      <itemStatus>1</itemStatus>
      <LastUpdateDate />
      <LastUpdateTime />
    </Product>
    <Product>
      <PriceUpdateDate>2019/01/09 10:25</PriceUpdateDate>
      <ItemCode>7290013652928</ItemCode>
      <ItemType>1</ItemType>
      <ItemName>שמפו קשקשים לבנדר ושיבולת שועל  700</ItemName>
      <ManufactureName>פישר תעשיות פרמבצטיות בעמ</ManufactureName>
      <ManufactureCountry />
      <ManufactureItemDescription />
      <UnitQty>י"ח</UnitQty>
      <Quantity>700</Quantity>
      <UnitMeasure>ל  מ"ל</UnitMeasure>
      <BisWeighted>0</BisWeighted>
      <QtyInPackage>1</QtyInPackage>
      <ItemPrice>18.90</ItemPrice>
      <UnitOfMeasurePrice>2.70</UnitOfMeasurePrice>
      <AllowDiscount>1</AllowDiscount>
      <itemStatus>1</itemStatus>
      <LastUpdateDate />
      <LastUpdateTime />
    </Product>
    <Product>
      <PriceUpdateDate>2019/01/09 10:25</PriceUpdateDate>
      <ItemCode>7290013652935</ItemCode>
      <ItemType>1</ItemType>
      <ItemName>שמפו יסמין ופרחי מגנליה לשיער רגיל 700</ItemName>
      <ManufactureName>פישר תעשיות פרמבצטיות בעמ</ManufactureName>
      <ManufactureCountry />
      <ManufactureItemDescription />
      <UnitQty>י"ח</UnitQty>
      <Quantity>700</Quantity>
      <UnitMeasure>ל  מ"ל</UnitMeasure>
      <BisWeighted>0</BisWeighted>
      <QtyInPackage>1</QtyInPackage>
      <ItemPrice>18.90</ItemPrice>
      <UnitOfMeasurePrice>2.70</UnitOfMeasurePrice>
      <AllowDiscount>1</AllowDiscount>
      <itemStatus>1</itemStatus>
      <LastUpdateDate />
      <LastUpdateTime />
    </Product>
    <Product>
      <PriceUpdateDate>2019/01/09 10:25</PriceUpdateDate>
      <ItemCode>7290013652942</ItemCode>
      <ItemType>1</ItemType>
      <ItemName>מרכך לשיער רגיל יסמין ופרחי מגנול 700מ</ItemName>
      <ManufactureName>פישר תעשיות פרמבצטיות בעמ</ManufactureName>
      <ManufactureCountry />
      <ManufactureItemDescription />
      <UnitQty>י"ח</UnitQty>
      <Quantity>700</Quantity>
      <UnitMeasure>ל  מ"ל</UnitMeasure>
      <BisWeighted>0</BisWeighted>
      <QtyInPackage>1</QtyInPackage>
      <ItemPrice>18.90</ItemPrice>
      <UnitOfMeasurePrice>2.70</UnitOfMeasurePrice>
      <AllowDiscount>1</AllowDiscount>
      <itemStatus>1</itemStatus>
      <LastUpdateDate />
      <LastUpdateTime />
    </Product>
    <Product>
      <PriceUpdateDate>2019/01/09 10:25</PriceUpdateDate>
      <ItemCode>7290013652959</ItemCode>
      <ItemType>1</ItemType>
      <ItemName>שמפו ליצ`י ותה ירוק לשיער צבוע 700</ItemName>
      <ManufactureName>פישר תעשיות פרמבצטיות בעמ</ManufactureName>
      <ManufactureCountry />
      <ManufactureItemDescription />
      <UnitQty>י"ח</UnitQty>
      <Quantity>700</Quantity>
      <UnitMeasure>ל  מ"ל</UnitMeasure>
      <BisWeighted>0</BisWeighted>
      <QtyInPackage>1</QtyInPackage>
      <ItemPrice>18.90</ItemPrice>
      <UnitOfMeasurePrice>2.70</UnitOfMeasurePrice>
      <AllowDiscount>1</AllowDiscount>
      <itemStatus>1</itemStatus>
      <LastUpdateDate />
      <LastUpdateTime />
    </Product>
    <Product>
      <PriceUpdateDate>2019/01/09 10:25</PriceUpdateDate>
      <ItemCode>7290013652966</ItemCode>
      <ItemType>1</ItemType>
      <ItemName>מרכך לשיער צבוע ליצ`י ותה ירוק 700מ"ל</ItemName>
      <ManufactureName>פישר תעשיות פרמבצטיות בעמ</ManufactureName>
      <ManufactureCountry />
      <ManufactureItemDescription />
      <UnitQty>י"ח</UnitQty>
      <Quantity>700</Quantity>
      <UnitMeasure>ל  מ"ל</UnitMeasure>
      <BisWeighted>0</BisWeighted>
      <QtyInPackage>1</QtyInPackage>
      <ItemPrice>18.90</ItemPrice>
      <UnitOfMeasurePrice>2.70</UnitOfMeasurePrice>
      <AllowDiscount>1</AllowDiscount>
      <itemStatus>1</itemStatus>
      <LastUpdateDate />
      <LastUpdateTime />
    </Product>
    <Product>
      <PriceUpdateDate>2018/11/06 10:28</PriceUpdateDate>
      <ItemCode>7290013702005</ItemCode>
      <ItemType>1</ItemType>
      <ItemName>שוופס WATER פירות יער 1.5 ליטר</ItemName>
      <ManufactureName>יפאורה שותפות מוגבלת לשיווק</ManufactureName>
      <ManufactureCountry />
      <ManufactureItemDescription />
      <UnitQty>י"ח</UnitQty>
      <Quantity>1.50</Quantity>
      <UnitMeasure>ליטר</UnitMeasure>
      <BisWeighted>0</BisWeighted>
      <QtyInPackage>1</QtyInPackage>
      <ItemPrice>6.20</ItemPrice>
      <UnitOfMeasurePrice>4.13</UnitOfMeasurePrice>
      <AllowDiscount>1</AllowDiscount>
      <itemStatus>1</itemStatus>
      <LastUpdateDate />
      <LastUpdateTime />
    </Product>
    <Product>
      <PriceUpdateDate>2019/11/22 08:25</PriceUpdateDate>
      <ItemCode>7290013702012</ItemCode>
      <ItemType>1</ItemType>
      <ItemName>שוופס 500מ"ל טעם פ.יער</ItemName>
      <ManufactureName>יפאורה שותפות מוגבלת לשיווק</ManufactureName>
      <ManufactureCountry />
      <ManufactureItemDescription />
      <UnitQty>י"ח</UnitQty>
      <Quantity>500</Quantity>
      <UnitMeasure>ל  מ"ל</UnitMeasure>
      <BisWeighted>0</BisWeighted>
      <QtyInPackage>1</QtyInPackage>
      <ItemPrice>4.20</ItemPrice>
      <UnitOfMeasurePrice>0.78</UnitOfMeasurePrice>
      <AllowDiscount>1</AllowDiscount>
      <itemStatus>1</itemStatus>
      <LastUpdateDate />
      <LastUpdateTime />
    </Product>
    <Product>
      <PriceUpdateDate>2018/11/06 10:28</PriceUpdateDate>
      <ItemCode>7290013702029</ItemCode>
      <ItemType>1</ItemType>
      <ItemName>שוופס WATER אפרסק 1.5 ליטר</ItemName>
      <ManufactureName>יפאורה שותפות מוגבלת לשיווק</ManufactureName>
      <ManufactureCountry />
      <ManufactureItemDescription />
      <UnitQty>י"ח</UnitQty>
      <Quantity>1.50</Quantity>
      <UnitMeasure>ליטר</UnitMeasure>
      <BisWeighted>0</BisWeighted>
      <QtyInPackage>1</QtyInPackage>
      <ItemPrice>6.20</ItemPrice>
      <UnitOfMeasurePrice>4.13</UnitOfMeasurePrice>
      <AllowDiscount>1</AllowDiscount>
      <itemStatus>1</itemStatus>
      <LastUpdateDate />
      <LastUpdateTime />
    </Product>
    <Product>
      <PriceUpdateDate>2019/11/22 08:25</PriceUpdateDate>
      <ItemCode>7290013702036</ItemCode>
      <ItemType>1</ItemType>
      <ItemName>שוופס 500מ"ל טעם אפרסק</ItemName>
      <ManufactureName>יפאורה שותפות מוגבלת לשיווק</ManufactureName>
      <ManufactureCountry />
      <ManufactureItemDescription />
      <UnitQty>י"ח</UnitQty>
      <Quantity>500</Quantity>
      <UnitMeasure>ל  מ"ל</UnitMeasure>
      <BisWeighted>0</BisWeighted>
      <QtyInPackage>1</QtyInPackage>
      <ItemPrice>4.20</ItemPrice>
      <UnitOfMeasurePrice>0.78</UnitOfMeasurePrice>
      <AllowDiscount>1</AllowDiscount>
      <itemStatus>1</itemStatus>
      <LastUpdateDate />
      <LastUpdateTime />
    </Product>
    <Product>
      <PriceUpdateDate>2018/11/06 10:28</PriceUpdateDate>
      <ItemCode>7290013702043</ItemCode>
      <ItemType>1</ItemType>
      <ItemName>שוופס WATER ענבים 1.5 ליטר</ItemName>
      <ManufactureName>יפאורה שותפות מוגבלת לשיווק</ManufactureName>
      <ManufactureCountry />
      <ManufactureItemDescription />
      <UnitQty>י"ח</UnitQty>
      <Quantity>1.50</Quantity>
      <UnitMeasure>ליטר</UnitMeasure>
      <BisWeighted>0</BisWeighted>
      <QtyInPackage>1</QtyInPackage>
      <ItemPrice>6.20</ItemPrice>
      <UnitOfMeasurePrice>4.13</UnitOfMeasurePrice>
      <AllowDiscount>1</AllowDiscount>
      <itemStatus>1</itemStatus>
      <LastUpdateDate />
      <LastUpdateTime />
    </Product>
    <Product>
      <PriceUpdateDate>2019/11/22 08:25</PriceUpdateDate>
      <ItemCode>7290013702050</ItemCode>
      <ItemType>1</ItemType>
      <ItemName>שוופס ווטר ענבים 0.5ל</ItemName>
      <ManufactureName>יפאורה שותפות מוגבלת לשיווק</ManufactureName>
      <ManufactureCountry />
      <ManufactureItemDescription />
      <UnitQty>י"ח</UnitQty>
      <Quantity>500</Quantity>
      <UnitMeasure>ל  מ"ל</UnitMeasure>
      <BisWeighted>0</BisWeighted>
      <QtyInPackage>1</QtyInPackage>
      <ItemPrice>4.20</ItemPrice>
      <UnitOfMeasurePrice>0.78</UnitOfMeasurePrice>
      <AllowDiscount>1</AllowDiscount>
      <itemStatus>1</itemStatus>
      <LastUpdateDate />
      <LastUpdateTime />
    </Product>
    <Product>
      <PriceUpdateDate>2016/07/31 13:30</PriceUpdateDate>
      <ItemCode>7290013702298</ItemCode>
      <ItemType>1</ItemType>
      <ItemName>טאצ`אשפתון עבה 50יח בגליל 90*77</ItemName>
      <ManufactureName>שניב תעשיות נייר בעמ</ManufactureName>
      <ManufactureCountry />
      <ManufactureItemDescription />
      <UnitQty>י"ח</UnitQty>
      <Quantity>50</Quantity>
      <UnitMeasure>י"ח</UnitMeasure>
      <BisWeighted>0</BisWeighted>
      <QtyInPackage>1</QtyInPackage>
      <ItemPrice>16.90</ItemPrice>
      <UnitOfMeasurePrice>0.34</UnitOfMeasurePrice>
      <AllowDiscount>1</AllowDiscount>
      <itemStatus>1</itemStatus>
      <LastUpdateDate />
      <LastUpdateTime />
    </Product>
    <Product>
      <PriceUpdateDate>2018/11/06 10:28</PriceUpdateDate>
      <ItemCode>7290013702371</ItemCode>
      <ItemType>1</ItemType>
      <ItemName>שוופס WATER תפוח 1.5 ליטר</ItemName>
      <ManufactureName>יפאורה שותפות מוגבלת לשיווק</ManufactureName>
      <ManufactureCountry />
      <ManufactureItemDescription />
      <UnitQty>י"ח</UnitQty>
      <Quantity>1.50</Quantity>
      <UnitMeasure>ליטר</UnitMeasure>
      <BisWeighted>0</BisWeighted>
      <QtyInPackage>1</QtyInPackage>
      <ItemPrice>6.20</ItemPrice>
      <UnitOfMeasurePrice>4.13</UnitOfMeasurePrice>
      <AllowDiscount>1</AllowDiscount>
      <itemStatus>1</itemStatus>
      <LastUpdateDate />
      <LastUpdateTime />
    </Product>
    <Product>
      <PriceUpdateDate>2019/11/22 08:25</PriceUpdateDate>
      <ItemCode>7290013702388</ItemCode>
      <ItemType>1</ItemType>
      <ItemName>שוופס 500מ"ל טעם תפוח</ItemName>
      <ManufactureName>יפאורה שותפות מוגבלת לשיווק</ManufactureName>
      <ManufactureCountry />
      <ManufactureItemDescription />
      <UnitQty>י"ח</UnitQty>
      <Quantity>500</Quantity>
      <UnitMeasure>ל  מ"ל</UnitMeasure>
      <BisWeighted>0</BisWeighted>
      <QtyInPackage>1</QtyInPackage>
      <ItemPrice>4.20</ItemPrice>
      <UnitOfMeasurePrice>0.78</UnitOfMeasurePrice>
      <AllowDiscount>1</AllowDiscount>
      <itemStatus>1</itemStatus>
      <LastUpdateDate />
      <LastUpdateTime />
    </Product>
    <Product>
      <PriceUpdateDate>2018/10/29 09:22</PriceUpdateDate>
      <ItemCode>7290013702463</ItemCode>
      <ItemType>1</ItemType>
      <ItemName>שוופס מוגז לימונייד  1.5ל</ItemName>
      <ManufactureName>יפאורה שותפות מוגבלת לשיווק</ManufactureName>
      <ManufactureCountry />
      <ManufactureItemDescription />
      <UnitQty>י"ח</UnitQty>
      <Quantity>1.50</Quantity>
      <UnitMeasure>ליטר</UnitMeasure>
      <BisWeighted>0</BisWeighted>
      <QtyInPackage>1</QtyInPackage>
      <ItemPrice>7.50</ItemPrice>
      <UnitOfMeasurePrice>5</UnitOfMeasurePrice>
      <AllowDiscount>1</AllowDiscount>
      <itemStatus>1</itemStatus>
      <LastUpdateDate />
      <LastUpdateTime />
    </Product>
    <Product>
      <PriceUpdateDate>2018/10/29 09:22</PriceUpdateDate>
      <ItemCode>7290013702470</ItemCode>
      <ItemType>1</ItemType>
      <ItemName>שוופס מוגז פירות לימונדה ורודה   1.5ל</ItemName>
      <ManufactureName>יפאורה שותפות מוגבלת לשיווק</ManufactureName>
      <ManufactureCountry />
      <ManufactureItemDescription />
      <UnitQty>י"ח</UnitQty>
      <Quantity>1.50</Quantity>
      <UnitMeasure>ליטר</UnitMeasure>
      <BisWeighted>0</BisWeighted>
      <QtyInPackage>1</QtyInPackage>
      <ItemPrice>7.50</ItemPrice>
      <UnitOfMeasurePrice>5</UnitOfMeasurePrice>
      <AllowDiscount>1</AllowDiscount>
      <itemStatus>1</itemStatus>
      <LastUpdateDate />
      <LastUpdateTime />
    </Product>
    <Product>
      <PriceUpdateDate>2019/05/17 08:57</PriceUpdateDate>
      <ItemCode>7290013702494</ItemCode>
      <ItemType>1</ItemType>
      <ItemName>שוופס מוגז למון ליים 1.5ל</ItemName>
      <ManufactureName>יפאורה שותפות מוגבלת לשיווק</ManufactureName>
      <ManufactureCountry />
      <ManufactureItemDescription />
      <UnitQty>י"ח</UnitQty>
      <Quantity>1.50</Quantity>
      <UnitMeasure>ליטר</UnitMeasure>
      <BisWeighted>0</BisWeighted>
      <QtyInPackage>1</QtyInPackage>
      <ItemPrice>4.90</ItemPrice>
      <UnitOfMeasurePrice>3.27</UnitOfMeasurePrice>
      <AllowDiscount>1</AllowDiscount>
      <itemStatus>1</itemStatus>
      <LastUpdateDate />
      <LastUpdateTime />
    </Product>
    <Product>
      <PriceUpdateDate>2016/02/07 09:17</PriceUpdateDate>
      <ItemCode>7290013702500</ItemCode>
      <ItemType>1</ItemType>
      <ItemName>שוופס מוגז דייאט למון ליים 1.5ל</ItemName>
      <ManufactureName>יפאורה שותפות מוגבלת לשיווק</ManufactureName>
      <ManufactureCountry />
      <ManufactureItemDescription />
      <UnitQty>י"ח</UnitQty>
      <Quantity>1.50</Quantity>
      <UnitMeasure>ליטר</UnitMeasure>
      <BisWeighted>0</BisWeighted>
      <QtyInPackage>1</QtyInPackage>
      <ItemPrice>4.90</ItemPrice>
      <UnitOfMeasurePrice>3.27</UnitOfMeasurePrice>
      <AllowDiscount>1</AllowDiscount>
      <itemStatus>1</itemStatus>
      <LastUpdateDate />
      <LastUpdateTime />
    </Product>
    <Product>
      <PriceUpdateDate>2019/11/08 08:12</PriceUpdateDate>
      <ItemCode>7290013702555</ItemCode>
      <ItemType>1</ItemType>
      <ItemName>שוופס מוגז עדין אננס</ItemName>
      <ManufactureName>יפאורה שותפות מוגבלת לשיווק</ManufactureName>
      <ManufactureCountry />
      <ManufactureItemDescription />
      <UnitQty>י"ח</UnitQty>
      <Quantity>1.50</Quantity>
      <UnitMeasure>ליטר</UnitMeasure>
      <BisWeighted>0</BisWeighted>
      <QtyInPackage>1</QtyInPackage>
      <ItemPrice>7.50</ItemPrice>
      <UnitOfMeasurePrice>5</UnitOfMeasurePrice>
      <AllowDiscount>1</AllowDiscount>
      <itemStatus>1</itemStatus>
      <LastUpdateDate />
      <LastUpdateTime />
    </Product>
    <Product>
      <PriceUpdateDate>2014/07/13 10:07</PriceUpdateDate>
      <ItemCode>7290013702883</ItemCode>
      <ItemType>1</ItemType>
      <ItemName>שוופס לימונייד 0.5ל פינק</ItemName>
      <ManufactureName>יפאורה שותפות מוגבלת לשיווק</ManufactureName>
      <ManufactureCountry />
      <ManufactureItemDescription />
      <UnitQty>י"ח</UnitQty>
      <Quantity>500</Quantity>
      <UnitMeasure>ל  מ"ל</UnitMeasure>
      <BisWeighted>0</BisWeighted>
      <QtyInPackage>1</QtyInPackage>
      <ItemPrice>4.20</ItemPrice>
      <UnitOfMeasurePrice>0.78</UnitOfMeasurePrice>
      <AllowDiscount>1</AllowDiscount>
      <itemStatus>1</itemStatus>
      <LastUpdateDate />
      <LastUpdateTime />
    </Product>
    <Product>
      <PriceUpdateDate>2018/12/23 09:08</PriceUpdateDate>
      <ItemCode>7290013702951</ItemCode>
      <ItemType>1</ItemType>
      <ItemName>שוופס למון שישייה 1.5ל</ItemName>
      <ManufactureName>יפאורה שותפות מוגבלת לשיווק</ManufactureName>
      <ManufactureCountry />
      <ManufactureItemDescription />
      <UnitQty>י"ח</UnitQty>
      <Quantity>6</Quantity>
      <UnitMeasure>י"ח</UnitMeasure>
      <BisWeighted>0</BisWeighted>
      <QtyInPackage>1</QtyInPackage>
      <ItemPrice>24.90</ItemPrice>
      <UnitOfMeasurePrice>4.15</UnitOfMeasurePrice>
      <AllowDiscount>1</AllowDiscount>
      <itemStatus>1</itemStatus>
      <LastUpdateDate />
      <LastUpdateTime />
    </Product>
    <Product>
      <PriceUpdateDate>2015/11/30 09:01</PriceUpdateDate>
      <ItemCode>7290013702968</ItemCode>
      <ItemType>1</ItemType>
      <ItemName>שוופס לימון דיאט שישייה 1.5ל</ItemName>
      <ManufactureName>יפאורה שותפות מוגבלת לשיווק</ManufactureName>
      <ManufactureCountry />
      <ManufactureItemDescription />
      <UnitQty>י"ח</UnitQty>
      <Quantity>6</Quantity>
      <UnitMeasure>י"ח</UnitMeasure>
      <BisWeighted>0</BisWeighted>
      <QtyInPackage>1</QtyInPackage>
      <ItemPrice>29.90</ItemPrice>
      <UnitOfMeasurePrice>4.98</UnitOfMeasurePrice>
      <AllowDiscount>1</AllowDiscount>
      <itemStatus>1</itemStatus>
      <LastUpdateDate />
      <LastUpdateTime />
    </Product>
    <Product>
      <PriceUpdateDate>2018/10/29 09:22</PriceUpdateDate>
      <ItemCode>7290013702999</ItemCode>
      <ItemType>1</ItemType>
      <ItemName>שוופס מוגז פירות גוארנה  1.5 ליטר</ItemName>
      <ManufactureName>יפאורה שותפות מוגבלת לשיווק</ManufactureName>
      <ManufactureCountry />
      <ManufactureItemDescription />
      <UnitQty>י"ח</UnitQty>
      <Quantity>1.50</Quantity>
      <UnitMeasure>ליטר</UnitMeasure>
      <BisWeighted>0</BisWeighted>
      <QtyInPackage>1</QtyInPackage>
      <ItemPrice>7.50</ItemPrice>
      <UnitOfMeasurePrice>5</UnitOfMeasurePrice>
      <AllowDiscount>1</AllowDiscount>
      <itemStatus>1</itemStatus>
      <LastUpdateDate />
      <LastUpdateTime />
    </Product>
    <Product>
      <PriceUpdateDate>2018/02/06 13:28</PriceUpdateDate>
      <ItemCode>7290013843999</ItemCode>
      <ItemType>1</ItemType>
      <ItemName>כפיות   שקוף"שווה"50</ItemName>
      <ManufactureName>ח.כהן סוכנות מזון ומשקאות בע</ManufactureName>
      <ManufactureCountry />
      <ManufactureItemDescription />
      <UnitQty>י"ח</UnitQty>
      <Quantity>50</Quantity>
      <UnitMeasure>י"ח</UnitMeasure>
      <BisWeighted>0</BisWeighted>
      <QtyInPackage>1</QtyInPackage>
      <ItemPrice>7.90</ItemPrice>
      <UnitOfMeasurePrice>0.16</UnitOfMeasurePrice>
      <AllowDiscount>1</AllowDiscount>
      <itemStatus>1</itemStatus>
      <LastUpdateDate />
      <LastUpdateTime />
    </Product>
    <Product>
      <PriceUpdateDate>2019/12/17 10:06</PriceUpdateDate>
      <ItemCode>7290013848109</ItemCode>
      <ItemType>1</ItemType>
      <ItemName>קרמה תחליב רחצה 750מ"ל מאסק</ItemName>
      <ManufactureName>החב הדרומית לשיווק</ManufactureName>
      <ManufactureCountry />
      <ManufactureItemDescription />
      <UnitQty>י"ח</UnitQty>
      <Quantity>750</Quantity>
      <UnitMeasure>ל  מ"ל</UnitMeasure>
      <BisWeighted>0</BisWeighted>
      <QtyInPackage>1</QtyInPackage>
      <ItemPrice>15.90</ItemPrice>
      <UnitOfMeasurePrice>2.12</UnitOfMeasurePrice>
      <AllowDiscount>1</AllowDiscount>
      <itemStatus>1</itemStatus>
      <LastUpdateDate />
      <LastUpdateTime />
    </Product>
    <Product>
      <PriceUpdateDate>2016/08/25 08:16</PriceUpdateDate>
      <ItemCode>7290013848420</ItemCode>
      <ItemType>1</ItemType>
      <ItemName>קרמה מן  דאו`ג`ל אקטיב</ItemName>
      <ManufactureName>החב הדרומית לשיווק</ManufactureName>
      <ManufactureCountry />
      <ManufactureItemDescription />
      <UnitQty>י"ח</UnitQty>
      <Quantity>7500</Quantity>
      <UnitMeasure>ל  מ"ל</UnitMeasure>
      <BisWeighted>0</BisWeighted>
      <QtyInPackage>1</QtyInPackage>
      <ItemPrice>14.90</ItemPrice>
      <UnitOfMeasurePrice>0.20</UnitOfMeasurePrice>
      <AllowDiscount>1</AllowDiscount>
      <itemStatus>1</itemStatus>
      <LastUpdateDate />
      <LastUpdateTime />
    </Product>
    <Product>
      <PriceUpdateDate>2020/01/12 13:26</PriceUpdateDate>
      <ItemCode>7290013848437</ItemCode>
      <ItemType>1</ItemType>
      <ItemName>קרמה מן ספריי אקטיב  75 מ"ל</ItemName>
      <ManufactureName>החב הדרומית לשיווק</ManufactureName>
      <ManufactureCountry />
      <ManufactureItemDescription />
      <UnitQty>י"ח</UnitQty>
      <Quantity>7500</Quantity>
      <UnitMeasure>ל  מ"ל</UnitMeasure>
      <BisWeighted>0</BisWeighted>
      <QtyInPackage>1</QtyInPackage>
      <ItemPrice>13.90</ItemPrice>
      <UnitOfMeasurePrice>0.19</UnitOfMeasurePrice>
      <AllowDiscount>1</AllowDiscount>
      <itemStatus>1</itemStatus>
      <LastUpdateDate />
      <LastUpdateTime />
    </Product>
    <Product>
      <PriceUpdateDate>2019/12/04 13:48</PriceUpdateDate>
      <ItemCode>7290013848727</ItemCode>
      <ItemType>1</ItemType>
      <ItemName>סנופרש מכשיר אוטומטי לבישום אוויר</ItemName>
      <ManufactureName>החב הדרומית לשיווק</ManufactureName>
      <ManufactureCountry />
      <ManufactureItemDescription />
      <UnitQty>י"ח</UnitQty>
      <Quantity>350</Quantity>
      <UnitMeasure>ל  מ"ל</UnitMeasure>
      <BisWeighted>0</BisWeighted>
      <QtyInPackage>1</QtyInPackage>
      <ItemPrice>46.90</ItemPrice>
      <UnitOfMeasurePrice>13.40</UnitOfMeasurePrice>
      <AllowDiscount>1</AllowDiscount>
      <itemStatus>1</itemStatus>
      <LastUpdateDate />
      <LastUpdateTime />
    </Product>
    <Product>
      <PriceUpdateDate>2020/02/20 08:05</PriceUpdateDate>
      <ItemCode>7290013848734</ItemCode>
      <ItemType>1</ItemType>
      <ItemName>סנופרש מכשיר אוטומטי לבישום אוויר</ItemName>
      <ManufactureName>החב הדרומית לשיווק</ManufactureName>
      <ManufactureCountry />
      <ManufactureItemDescription />
      <UnitQty>י"ח</UnitQty>
      <Quantity>350</Quantity>
      <UnitMeasure>ל  מ"ל</UnitMeasure>
      <BisWeighted>0</BisWeighted>
      <QtyInPackage>1</QtyInPackage>
      <ItemPrice>46.90</ItemPrice>
      <UnitOfMeasurePrice>13.40</UnitOfMeasurePrice>
      <AllowDiscount>1</AllowDiscount>
      <itemStatus>1</itemStatus>
      <LastUpdateDate />
      <LastUpdateTime />
    </Product>
    <Product>
      <PriceUpdateDate>2019/12/16 08:33</PriceUpdateDate>
      <ItemCode>7290013848758</ItemCode>
      <ItemType>1</ItemType>
      <ItemName>ג`ל כביסה בייבי 3ליטר</ItemName>
      <ManufactureName>החב הדרומית לשיווק</ManufactureName>
      <ManufactureCountry />
      <ManufactureItemDescription />
      <UnitQty>י"ח</UnitQty>
      <Quantity>3</Quantity>
      <UnitMeasure>ליטר</UnitMeasure>
      <BisWeighted>0</BisWeighted>
      <QtyInPackage>1</QtyInPackage>
      <ItemPrice>29.90</ItemPrice>
      <UnitOfMeasurePrice>9.97</UnitOfMeasurePrice>
      <AllowDiscount>1</AllowDiscount>
      <itemStatus>1</itemStatus>
      <LastUpdateDate />
      <LastUpdateTime />
    </Product>
    <Product>
      <PriceUpdateDate>2019/12/04 13:48</PriceUpdateDate>
      <ItemCode>7290013848888</ItemCode>
      <ItemType>1</ItemType>
      <ItemName>קרמה רול-און קלאסי</ItemName>
      <ManufactureName>החב הדרומית לשיווק</ManufactureName>
      <ManufactureCountry />
      <ManufactureItemDescription />
      <UnitQty>י"ח</UnitQty>
      <Quantity>80</Quantity>
      <UnitMeasure>ל  מ"ל</UnitMeasure>
      <BisWeighted>0</BisWeighted>
      <QtyInPackage>1</QtyInPackage>
      <ItemPrice>15.90</ItemPrice>
      <UnitOfMeasurePrice>19.88</UnitOfMeasurePrice>
      <AllowDiscount>1</AllowDiscount>
      <itemStatus>1</itemStatus>
      <LastUpdateDate />
      <LastUpdateTime />
    </Product>
    <Product>
      <PriceUpdateDate>2019/12/04 13:48</PriceUpdateDate>
      <ItemCode>7290013848895</ItemCode>
      <ItemType>1</ItemType>
      <ItemName>קרמה רול-און מאסק</ItemName>
      <ManufactureName>החב הדרומית לשיווק</ManufactureName>
      <ManufactureCountry />
      <ManufactureItemDescription />
      <UnitQty>י"ח</UnitQty>
      <Quantity>80</Quantity>
      <UnitMeasure>ל  מ"ל</UnitMeasure>
      <BisWeighted>0</BisWeighted>
      <QtyInPackage>1</QtyInPackage>
      <ItemPrice>15.90</ItemPrice>
      <UnitOfMeasurePrice>19.88</UnitOfMeasurePrice>
      <AllowDiscount>1</AllowDiscount>
      <itemStatus>1</itemStatus>
      <LastUpdateDate />
      <LastUpdateTime />
    </Product>
    <Product>
      <PriceUpdateDate>2017/04/09 21:00</PriceUpdateDate>
      <ItemCode>7290013848901</ItemCode>
      <ItemType>1</ItemType>
      <ItemName>קרמה רול-און אורכידאה</ItemName>
      <ManufactureName>החב הדרומית לשיווק</ManufactureName>
      <ManufactureCountry />
      <ManufactureItemDescription />
      <UnitQty>י"ח</UnitQty>
      <Quantity>80</Quantity>
      <UnitMeasure>ל  מ"ל</UnitMeasure>
      <BisWeighted>0</BisWeighted>
      <QtyInPackage>1</QtyInPackage>
      <ItemPrice>12.90</ItemPrice>
      <UnitOfMeasurePrice>16.13</UnitOfMeasurePrice>
      <AllowDiscount>1</AllowDiscount>
      <itemStatus>1</itemStatus>
      <LastUpdateDate />
      <LastUpdateTime />
    </Product>
    <Product>
      <PriceUpdateDate>2017/04/09 21:00</PriceUpdateDate>
      <ItemCode>7290013848918</ItemCode>
      <ItemType>1</ItemType>
      <ItemName>קרמה רול-און דבש</ItemName>
      <ManufactureName>החב הדרומית לשיווק</ManufactureName>
      <ManufactureCountry />
      <ManufactureItemDescription />
      <UnitQty>י"ח</UnitQty>
      <Quantity>80</Quantity>
      <UnitMeasure>ל  מ"ל</UnitMeasure>
      <BisWeighted>0</BisWeighted>
      <QtyInPackage>1</QtyInPackage>
      <ItemPrice>12.90</ItemPrice>
      <UnitOfMeasurePrice>16.13</UnitOfMeasurePrice>
      <AllowDiscount>1</AllowDiscount>
      <itemStatus>1</itemStatus>
      <LastUpdateDate />
      <LastUpdateTime />
    </Product>
    <Product>
      <PriceUpdateDate>2019/12/17 10:06</PriceUpdateDate>
      <ItemCode>7290013848970</ItemCode>
      <ItemType>1</ItemType>
      <ItemName>קרמה ספריי קלאסי</ItemName>
      <ManufactureName>החב הדרומית לשיווק</ManufactureName>
      <ManufactureCountry />
      <ManufactureItemDescription />
      <UnitQty>י"ח</UnitQty>
      <Quantity>80</Quantity>
      <UnitMeasure>ל  מ"ל</UnitMeasure>
      <BisWeighted>0</BisWeighted>
      <QtyInPackage>1</QtyInPackage>
      <ItemPrice>13.90</ItemPrice>
      <UnitOfMeasurePrice>17.38</UnitOfMeasurePrice>
      <AllowDiscount>1</AllowDiscount>
      <itemStatus>1</itemStatus>
      <LastUpdateDate />
      <LastUpdateTime />
    </Product>
    <Product>
      <PriceUpdateDate>2019/12/17 10:06</PriceUpdateDate>
      <ItemCode>7290013848987</ItemCode>
      <ItemType>1</ItemType>
      <ItemName>קרמה ספריי קלאסי</ItemName>
      <ManufactureName>החב הדרומית לשיווק</ManufactureName>
      <ManufactureCountry />
      <ManufactureItemDescription />
      <UnitQty>י"ח</UnitQty>
      <Quantity>80</Quantity>
      <UnitMeasure>ל  מ"ל</UnitMeasure>
      <BisWeighted>0</BisWeighted>
      <QtyInPackage>1</QtyInPackage>
      <ItemPrice>13.90</ItemPrice>
      <UnitOfMeasurePrice>17.38</UnitOfMeasurePrice>
      <AllowDiscount>1</AllowDiscount>
      <itemStatus>1</itemStatus>
      <LastUpdateDate />
      <LastUpdateTime />
    </Product>
    <Product>
      <PriceUpdateDate>2019/12/17 10:06</PriceUpdateDate>
      <ItemCode>7290013848994</ItemCode>
      <ItemType>1</ItemType>
      <ItemName>קרמה ספריי אורכידאה</ItemName>
      <ManufactureName>החב הדרומית לשיווק</ManufactureName>
      <ManufactureCountry />
      <ManufactureItemDescription />
      <UnitQty>י"ח</UnitQty>
      <Quantity>80</Quantity>
      <UnitMeasure>ל  מ"ל</UnitMeasure>
      <BisWeighted>0</BisWeighted>
      <QtyInPackage>1</QtyInPackage>
      <ItemPrice>13.90</ItemPrice>
      <UnitOfMeasurePrice>17.38</UnitOfMeasurePrice>
      <AllowDiscount>1</AllowDiscount>
      <itemStatus>1</itemStatus>
      <LastUpdateDate />
      <LastUpdateTime />
    </Product>
    <Product>
      <PriceUpdateDate>2016/02/01 09:40</PriceUpdateDate>
      <ItemCode>7290013861870</ItemCode>
      <ItemType>1</ItemType>
      <ItemName>סילאן דבש תמרים המותג  900גרם</ItemName>
      <ManufactureName>דין שיווק וקליהבעמ</ManufactureName>
      <ManufactureCountry />
      <ManufactureItemDescription />
      <UnitQty>י"ח</UnitQty>
      <Quantity>900</Quantity>
      <UnitMeasure>ל  גרם</UnitMeasure>
      <BisWeighted>0</BisWeighted>
      <QtyInPackage>1</QtyInPackage>
      <ItemPrice>14.90</ItemPrice>
      <UnitOfMeasurePrice>1.66</UnitOfMeasurePrice>
      <AllowDiscount>1</AllowDiscount>
      <itemStatus>1</itemStatus>
      <LastUpdateDate />
      <LastUpdateTime />
    </Product>
    <Product>
      <PriceUpdateDate>2014/08/03 08:46</PriceUpdateDate>
      <ItemCode>7290013883407</ItemCode>
      <ItemType>1</ItemType>
      <ItemName>דזיטול מרסס</ItemName>
      <ManufactureName>יעקב יעקבי ובניו בעמ</ManufactureName>
      <ManufactureCountry />
      <ManufactureItemDescription />
      <UnitQty>י"ח</UnitQty>
      <Quantity>1</Quantity>
      <UnitMeasure>ליטר</UnitMeasure>
      <BisWeighted>0</BisWeighted>
      <QtyInPackage>1</QtyInPackage>
      <ItemPrice>21.90</ItemPrice>
      <UnitOfMeasurePrice>21.90</UnitOfMeasurePrice>
      <AllowDiscount>1</AllowDiscount>
      <itemStatus>1</itemStatus>
      <LastUpdateDate />
      <LastUpdateTime />
    </Product>
    <Product>
      <PriceUpdateDate>2020/05/03 15:08</PriceUpdateDate>
      <ItemCode>7290013927996</ItemCode>
      <ItemType>1</ItemType>
      <ItemName>עוגת שמרים קראנץ טעם שוקולד  (400 אחוה)</ItemName>
      <ManufactureName>אחדות בעמ</ManufactureName>
      <ManufactureCountry />
      <ManufactureItemDescription />
      <UnitQty>י"ח</UnitQty>
      <Quantity>400</Quantity>
      <UnitMeasure>ל  גרם</UnitMeasure>
      <BisWeighted>0</BisWeighted>
      <QtyInPackage>1</QtyInPackage>
      <ItemPrice>10</ItemPrice>
      <UnitOfMeasurePrice>2.50</UnitOfMeasurePrice>
      <AllowDiscount>0</AllowDiscount>
      <itemStatus>1</itemStatus>
      <LastUpdateDate />
      <LastUpdateTime />
    </Product>
    <Product>
      <PriceUpdateDate>2015/01/15 09:52</PriceUpdateDate>
      <ItemCode>7290013946232</ItemCode>
      <ItemType>1</ItemType>
      <ItemName>שמפו רצפות 4 ל ריח פרחים   המותג</ItemName>
      <ManufactureName>סאסאטק אגשח בעמ</ManufactureName>
      <ManufactureCountry />
      <ManufactureItemDescription />
      <UnitQty>י"ח</UnitQty>
      <Quantity>4</Quantity>
      <UnitMeasure>ליטר</UnitMeasure>
      <BisWeighted>0</BisWeighted>
      <QtyInPackage>1</QtyInPackage>
      <ItemPrice>10.90</ItemPrice>
      <UnitOfMeasurePrice>2.73</UnitOfMeasurePrice>
      <AllowDiscount>1</AllowDiscount>
      <itemStatus>1</itemStatus>
      <LastUpdateDate />
      <LastUpdateTime />
    </Product>
    <Product>
      <PriceUpdateDate>2017/07/23 09:18</PriceUpdateDate>
      <ItemCode>7290013971555</ItemCode>
      <ItemType>1</ItemType>
      <ItemName>סוללות 12יח מעורב פוגיקום</ItemName>
      <ManufactureName>פוגיקום בעמ</ManufactureName>
      <ManufactureCountry />
      <ManufactureItemDescription />
      <UnitQty>י"ח</UnitQty>
      <Quantity>1</Quantity>
      <UnitMeasure />
      <BisWeighted>0</BisWeighted>
      <QtyInPackage>1</QtyInPackage>
      <ItemPrice>19.90</ItemPrice>
      <UnitOfMeasurePrice>19.90</UnitOfMeasurePrice>
      <AllowDiscount>1</AllowDiscount>
      <itemStatus>1</itemStatus>
      <LastUpdateDate />
      <LastUpdateTime />
    </Product>
    <Product>
      <PriceUpdateDate>2020/02/10 09:20</PriceUpdateDate>
      <ItemCode>7290014027213</ItemCode>
      <ItemType>1</ItemType>
      <ItemName>ערק ג`בלנא 40% 700מ"ל.</ItemName>
      <ManufactureName>בני פאוזי שמשום (2009) בעמ</ManufactureName>
      <ManufactureCountry />
      <ManufactureItemDescription />
      <UnitQty>י"ח</UnitQty>
      <Quantity>700</Quantity>
      <UnitMeasure>ל  מ"ל</UnitMeasure>
      <BisWeighted>0</BisWeighted>
      <QtyInPackage>1</QtyInPackage>
      <ItemPrice>59.90</ItemPrice>
      <UnitOfMeasurePrice>8.51</UnitOfMeasurePrice>
      <AllowDiscount>1</AllowDiscount>
      <itemStatus>1</itemStatus>
      <LastUpdateDate />
      <LastUpdateTime />
    </Product>
    <Product>
      <PriceUpdateDate>2017/02/27 15:32</PriceUpdateDate>
      <ItemCode>7290014050310</ItemCode>
      <ItemType>1</ItemType>
      <ItemName>גויה שוקולד אגוז גדול 90ג</ItemName>
      <ManufactureName>נגה גלידות</ManufactureName>
      <ManufactureCountry />
      <ManufactureItemDescription />
      <UnitQty>י"ח</UnitQty>
      <Quantity>90</Quantity>
      <UnitMeasure>ל  גרם</UnitMeasure>
      <BisWeighted>0</BisWeighted>
      <QtyInPackage>1</QtyInPackage>
      <ItemPrice>13.90</ItemPrice>
      <UnitOfMeasurePrice>15.44</UnitOfMeasurePrice>
      <AllowDiscount>1</AllowDiscount>
      <itemStatus>1</itemStatus>
      <LastUpdateDate />
      <LastUpdateTime />
    </Product>
    <Product>
      <PriceUpdateDate>2014/01/03 13:46</PriceUpdateDate>
      <ItemCode>7290014059078</ItemCode>
      <ItemType>1</ItemType>
      <ItemName>מי פה אקסטרים 500מ"ל</ItemName>
      <ManufactureName>גורי ע.ע.ע. בעמ</ManufactureName>
      <ManufactureCountry />
      <ManufactureItemDescription />
      <UnitQty>י"ח</UnitQty>
      <Quantity>500</Quantity>
      <UnitMeasure>ל  גרם</UnitMeasure>
      <BisWeighted>0</BisWeighted>
      <QtyInPackage>1</QtyInPackage>
      <ItemPrice>19.20</ItemPrice>
      <UnitOfMeasurePrice>3.84</UnitOfMeasurePrice>
      <AllowDiscount>1</AllowDiscount>
      <itemStatus>1</itemStatus>
      <LastUpdateDate />
      <LastUpdateTime />
    </Product>
    <Product>
      <PriceUpdateDate>2016/05/09 16:25</PriceUpdateDate>
      <ItemCode>7290014059085</ItemCode>
      <ItemType>1</ItemType>
      <ItemName>סנסודיין לשיקום והגנה 75מ"ל</ItemName>
      <ManufactureName>גורי ע.ע.ע. בעמ</ManufactureName>
      <ManufactureCountry />
      <ManufactureItemDescription />
      <UnitQty>י"ח</UnitQty>
      <Quantity>75</Quantity>
      <UnitMeasure>ל  מ"ל</UnitMeasure>
      <BisWeighted>0</BisWeighted>
      <QtyInPackage>1</QtyInPackage>
      <ItemPrice>21.80</ItemPrice>
      <UnitOfMeasurePrice>29.07</UnitOfMeasurePrice>
      <AllowDiscount>1</AllowDiscount>
      <itemStatus>1</itemStatus>
      <LastUpdateDate />
      <LastUpdateTime />
    </Product>
    <Product>
      <PriceUpdateDate>2019/07/11 08:28</PriceUpdateDate>
      <ItemCode>7290014059436</ItemCode>
      <ItemType>1</ItemType>
      <ItemName>סנסודיין לשיקום והגנה מלבינה 75מ"ל</ItemName>
      <ManufactureName>גורי ע.ע.ע. בעמ</ManufactureName>
      <ManufactureCountry />
      <ManufactureItemDescription />
      <UnitQty>י"ח</UnitQty>
      <Quantity>75</Quantity>
      <UnitMeasure>ל  מ"ל</UnitMeasure>
      <BisWeighted>0</BisWeighted>
      <QtyInPackage>1</QtyInPackage>
      <ItemPrice>21.90</ItemPrice>
      <UnitOfMeasurePrice>29.20</UnitOfMeasurePrice>
      <AllowDiscount>1</AllowDiscount>
      <itemStatus>1</itemStatus>
      <LastUpdateDate />
      <LastUpdateTime />
    </Product>
    <Product>
      <PriceUpdateDate>2014/01/03 13:46</PriceUpdateDate>
      <ItemCode>7290014059795</ItemCode>
      <ItemType>1</ItemType>
      <ItemName>מכשיר +60טבליות</ItemName>
      <ManufactureName>גורי ע.ע.ע. בעמ</ManufactureName>
      <ManufactureCountry />
      <ManufactureItemDescription />
      <UnitQty>י"ח</UnitQty>
      <Quantity>1</Quantity>
      <UnitMeasure />
      <BisWeighted>0</BisWeighted>
      <QtyInPackage>1</QtyInPackage>
      <ItemPrice>35</ItemPrice>
      <UnitOfMeasurePrice>35</UnitOfMeasurePrice>
      <AllowDiscount>1</AllowDiscount>
      <itemStatus>1</itemStatus>
      <LastUpdateDate />
      <LastUpdateTime />
    </Product>
    <Product>
      <PriceUpdateDate>2012/09/04 10:07</PriceUpdateDate>
      <ItemCode>7290014068919</ItemCode>
      <ItemType>1</ItemType>
      <ItemName>חצי בגט</ItemName>
      <ManufactureName>מאפיית הראשונים מ.ל. בעמ</ManufactureName>
      <ManufactureCountry />
      <ManufactureItemDescription />
      <UnitQty>י"ח</UnitQty>
      <Quantity>1</Quantity>
      <UnitMeasure>י"ח</UnitMeasure>
      <BisWeighted>0</BisWeighted>
      <QtyInPackage>1</QtyInPackage>
      <ItemPrice>2.70</ItemPrice>
      <UnitOfMeasurePrice>2.70</UnitOfMeasurePrice>
      <AllowDiscount>1</AllowDiscount>
      <itemStatus>1</itemStatus>
      <LastUpdateDate />
      <LastUpdateTime />
    </Product>
    <Product>
      <PriceUpdateDate>2015/02/02 11:46</PriceUpdateDate>
      <ItemCode>7290014083059</ItemCode>
      <ItemType>1</ItemType>
      <ItemName>גבינה אמנטל 200גרם</ItemName>
      <ManufactureName>ג.וילי פוד אינטרנשיונל בעמ</ManufactureName>
      <ManufactureCountry />
      <ManufactureItemDescription />
      <UnitQty>י"ח</UnitQty>
      <Quantity>200</Quantity>
      <UnitMeasure>ל  גרם</UnitMeasure>
      <BisWeighted>0</BisWeighted>
      <QtyInPackage>1</QtyInPackage>
      <ItemPrice>19.40</ItemPrice>
      <UnitOfMeasurePrice>9.70</UnitOfMeasurePrice>
      <AllowDiscount>0</AllowDiscount>
      <itemStatus>1</itemStatus>
      <LastUpdateDate />
      <LastUpdateTime />
    </Product>
    <Product>
      <PriceUpdateDate>2016/07/20 10:47</PriceUpdateDate>
      <ItemCode>7290014083066</ItemCode>
      <ItemType>1</ItemType>
      <ItemName>גבינה גאודה פרוסות 200גרם</ItemName>
      <ManufactureName>ג.וילי פוד אינטרנשיונל בעמ</ManufactureName>
      <ManufactureCountry />
      <ManufactureItemDescription />
      <UnitQty>י"ח</UnitQty>
      <Quantity>200</Quantity>
      <UnitMeasure>ל  גרם</UnitMeasure>
      <BisWeighted>0</BisWeighted>
      <QtyInPackage>1</QtyInPackage>
      <ItemPrice>10</ItemPrice>
      <UnitOfMeasurePrice>5</UnitOfMeasurePrice>
      <AllowDiscount>0</AllowDiscount>
      <itemStatus>1</itemStatus>
      <LastUpdateDate />
      <LastUpdateTime />
    </Product>
    <Product>
      <PriceUpdateDate>2015/02/02 11:46</PriceUpdateDate>
      <ItemCode>7290014083158</ItemCode>
      <ItemType>1</ItemType>
      <ItemName>גבינה גאודה 400גרם</ItemName>
      <ManufactureName>ג.וילי פוד אינטרנשיונל בעמ</ManufactureName>
      <ManufactureCountry />
      <ManufactureItemDescription />
      <UnitQty>י"ח</UnitQty>
      <Quantity>400</Quantity>
      <UnitMeasure>ל  גרם</UnitMeasure>
      <BisWeighted>0</BisWeighted>
      <QtyInPackage>1</QtyInPackage>
      <ItemPrice>28.70</ItemPrice>
      <UnitOfMeasurePrice>7.18</UnitOfMeasurePrice>
      <AllowDiscount>0</AllowDiscount>
      <itemStatus>1</itemStatus>
      <LastUpdateDate />
      <LastUpdateTime />
    </Product>
    <Product>
      <PriceUpdateDate>2016/05/19 13:42</PriceUpdateDate>
      <ItemCode>7290014083165</ItemCode>
      <ItemType>1</ItemType>
      <ItemName>ניוקי 500 גר`וויליפוד</ItemName>
      <ManufactureName>ג.וילי פוד אינטרנשיונל בעמ</ManufactureName>
      <ManufactureCountry />
      <ManufactureItemDescription />
      <UnitQty>י"ח</UnitQty>
      <Quantity>500</Quantity>
      <UnitMeasure>ל  גרם</UnitMeasure>
      <BisWeighted>0</BisWeighted>
      <QtyInPackage>1</QtyInPackage>
      <ItemPrice>8.10</ItemPrice>
      <UnitOfMeasurePrice>1.62</UnitOfMeasurePrice>
      <AllowDiscount>1</AllowDiscount>
      <itemStatus>1</itemStatus>
      <LastUpdateDate />
      <LastUpdateTime />
    </Product>
    <Product>
      <PriceUpdateDate>2019/06/24 08:38</PriceUpdateDate>
      <ItemCode>7290014083479</ItemCode>
      <ItemType>1</ItemType>
      <ItemName>גבינה צהובה פרוסה חצי קשה גאודה 150גר</ItemName>
      <ManufactureName>ג.וילי פוד אינטרנשיונל בעמ</ManufactureName>
      <ManufactureCountry />
      <ManufactureItemDescription />
      <UnitQty>י"ח</UnitQty>
      <Quantity>150</Quantity>
      <UnitMeasure>ל  גרם</UnitMeasure>
      <BisWeighted>0</BisWeighted>
      <QtyInPackage>1</QtyInPackage>
      <ItemPrice>12.20</ItemPrice>
      <UnitOfMeasurePrice>8.13</UnitOfMeasurePrice>
      <AllowDiscount>1</AllowDiscount>
      <itemStatus>1</itemStatus>
      <LastUpdateDate />
      <LastUpdateTime />
    </Product>
    <Product>
      <PriceUpdateDate>2017/03/05 11:30</PriceUpdateDate>
      <ItemCode>7290014083806</ItemCode>
      <ItemType>1</ItemType>
      <ItemName>עוגיות דניות 350 גרם בפח</ItemName>
      <ManufactureName>ג.וילי פוד אינטרנשיונל בעמ</ManufactureName>
      <ManufactureCountry />
      <ManufactureItemDescription />
      <UnitQty>י"ח</UnitQty>
      <Quantity>350</Quantity>
      <UnitMeasure>ל  גרם</UnitMeasure>
      <BisWeighted>0</BisWeighted>
      <QtyInPackage>1</QtyInPackage>
      <ItemPrice>12.90</ItemPrice>
      <UnitOfMeasurePrice>3.69</UnitOfMeasurePrice>
      <AllowDiscount>1</AllowDiscount>
      <itemStatus>1</itemStatus>
      <LastUpdateDate />
      <LastUpdateTime />
    </Product>
    <Product>
      <PriceUpdateDate>2018/10/09 12:35</PriceUpdateDate>
      <ItemCode>7290014094543</ItemCode>
      <ItemType>1</ItemType>
      <ItemName>תרסיס שמן קנולה 186 מ"ל</ItemName>
      <ManufactureName>דין שיווק וקליהבעמ</ManufactureName>
      <ManufactureCountry />
      <ManufactureItemDescription />
      <UnitQty>י"ח</UnitQty>
      <Quantity>250</Quantity>
      <UnitMeasure>ל  מ"ל</UnitMeasure>
      <BisWeighted>0</BisWeighted>
      <QtyInPackage>1</QtyInPackage>
      <ItemPrice>14.90</ItemPrice>
      <UnitOfMeasurePrice>5.96</UnitOfMeasurePrice>
      <AllowDiscount>1</AllowDiscount>
      <itemStatus>1</itemStatus>
      <LastUpdateDate />
      <LastUpdateTime />
    </Product>
    <Product>
      <PriceUpdateDate>2015/06/10 10:03</PriceUpdateDate>
      <ItemCode>7290014095861</ItemCode>
      <ItemType>1</ItemType>
      <ItemName>שיבולת שועל דקה להכנה מהירה 500 ג`</ItemName>
      <ManufactureName>דין שיווק וקליהבעמ</ManufactureName>
      <ManufactureCountry />
      <ManufactureItemDescription />
      <UnitQty>י"ח</UnitQty>
      <Quantity>500</Quantity>
      <UnitMeasure>ל  גרם</UnitMeasure>
      <BisWeighted>0</BisWeighted>
      <QtyInPackage>1</QtyInPackage>
      <ItemPrice>5.90</ItemPrice>
      <UnitOfMeasurePrice>1.18</UnitOfMeasurePrice>
      <AllowDiscount>1</AllowDiscount>
      <itemStatus>1</itemStatus>
      <LastUpdateDate />
      <LastUpdateTime />
    </Product>
    <Product>
      <PriceUpdateDate>2016/11/21 14:03</PriceUpdateDate>
      <ItemCode>7290014095960</ItemCode>
      <ItemType>1</ItemType>
      <ItemName>שיבולת שועל עבה להכנה מהירה 500 ג`</ItemName>
      <ManufactureName>דין שיווק וקליהבעמ</ManufactureName>
      <ManufactureCountry />
      <ManufactureItemDescription />
      <UnitQty>י"ח</UnitQty>
      <Quantity>500</Quantity>
      <UnitMeasure>ל  גרם</UnitMeasure>
      <BisWeighted>0</BisWeighted>
      <QtyInPackage>1</QtyInPackage>
      <ItemPrice>5.90</ItemPrice>
      <UnitOfMeasurePrice>1.18</UnitOfMeasurePrice>
      <AllowDiscount>1</AllowDiscount>
      <itemStatus>1</itemStatus>
      <LastUpdateDate />
      <LastUpdateTime />
    </Product>
    <Product>
      <PriceUpdateDate>2013/06/11 12:07</PriceUpdateDate>
      <ItemCode>7290014126152</ItemCode>
      <ItemType>1</ItemType>
      <ItemName>מואי עוגיות שכבות ביסקוויט ושוקולד 180</ItemName>
      <ManufactureName>דנשר (1963) בעמ</ManufactureName>
      <ManufactureCountry />
      <ManufactureItemDescription />
      <UnitQty>י"ח</UnitQty>
      <Quantity>180</Quantity>
      <UnitMeasure>ל  גרם</UnitMeasure>
      <BisWeighted>0</BisWeighted>
      <QtyInPackage>1</QtyInPackage>
      <ItemPrice>16.30</ItemPrice>
      <UnitOfMeasurePrice>9.06</UnitOfMeasurePrice>
      <AllowDiscount>1</AllowDiscount>
      <itemStatus>1</itemStatus>
      <LastUpdateDate />
      <LastUpdateTime />
    </Product>
    <Product>
      <PriceUpdateDate>2018/07/15 15:22</PriceUpdateDate>
      <ItemCode>7290014126701</ItemCode>
      <ItemType>1</ItemType>
      <ItemName>מואי עוגיות קקאו ושוקולד מריר עם קרם18</ItemName>
      <ManufactureName>דנשר (1963) בעמ</ManufactureName>
      <ManufactureCountry />
      <ManufactureItemDescription />
      <UnitQty>י"ח</UnitQty>
      <Quantity>180</Quantity>
      <UnitMeasure>ל  גרם</UnitMeasure>
      <BisWeighted>0</BisWeighted>
      <QtyInPackage>1</QtyInPackage>
      <ItemPrice>17.90</ItemPrice>
      <UnitOfMeasurePrice>9.94</UnitOfMeasurePrice>
      <AllowDiscount>1</AllowDiscount>
      <itemStatus>1</itemStatus>
      <LastUpdateDate />
      <LastUpdateTime />
    </Product>
    <Product>
      <PriceUpdateDate>2018/07/15 15:22</PriceUpdateDate>
      <ItemCode>7290014126718</ItemCode>
      <ItemType>1</ItemType>
      <ItemName>מואי עוגיות קקאו ושוקולד עם קרם ברולה1</ItemName>
      <ManufactureName>דנשר (1963) בעמ</ManufactureName>
      <ManufactureCountry />
      <ManufactureItemDescription />
      <UnitQty>י"ח</UnitQty>
      <Quantity>180</Quantity>
      <UnitMeasure>ל  גרם</UnitMeasure>
      <BisWeighted>0</BisWeighted>
      <QtyInPackage>1</QtyInPackage>
      <ItemPrice>17.90</ItemPrice>
      <UnitOfMeasurePrice>9.94</UnitOfMeasurePrice>
      <AllowDiscount>1</AllowDiscount>
      <itemStatus>1</itemStatus>
      <LastUpdateDate />
      <LastUpdateTime />
    </Product>
    <Product>
      <PriceUpdateDate>2015/07/21 10:09</PriceUpdateDate>
      <ItemCode>7290014126725</ItemCode>
      <ItemType>1</ItemType>
      <ItemName>מואי עוגיות קקאו ושוקולד עם קרם קוקוס1</ItemName>
      <ManufactureName>דנשר (1963) בעמ</ManufactureName>
      <ManufactureCountry />
      <ManufactureItemDescription />
      <UnitQty>י"ח</UnitQty>
      <Quantity>180</Quantity>
      <UnitMeasure>ל  גרם</UnitMeasure>
      <BisWeighted>0</BisWeighted>
      <QtyInPackage>1</QtyInPackage>
      <ItemPrice>16.30</ItemPrice>
      <UnitOfMeasurePrice>9.06</UnitOfMeasurePrice>
      <AllowDiscount>1</AllowDiscount>
      <itemStatus>1</itemStatus>
      <LastUpdateDate />
      <LastUpdateTime />
    </Product>
    <Product>
      <PriceUpdateDate>2015/08/12 14:29</PriceUpdateDate>
      <ItemCode>7290014126978</ItemCode>
      <ItemType>1</ItemType>
      <ItemName>דאק פאוור זוגות דוחה כתמים בניחוח לבנד</ItemName>
      <ManufactureName>דנשר (1963) בעמ</ManufactureName>
      <ManufactureCountry />
      <ManufactureItemDescription />
      <UnitQty>י"ח</UnitQty>
      <Quantity>1.50</Quantity>
      <UnitMeasure>ליטר</UnitMeasure>
      <BisWeighted>0</BisWeighted>
      <QtyInPackage>1</QtyInPackage>
      <ItemPrice>19.90</ItemPrice>
      <UnitOfMeasurePrice>13.27</UnitOfMeasurePrice>
      <AllowDiscount>1</AllowDiscount>
      <itemStatus>1</itemStatus>
      <LastUpdateDate />
      <LastUpdateTime />
    </Product>
    <Product>
      <PriceUpdateDate>2013/11/03 15:59</PriceUpdateDate>
      <ItemCode>7290014204003</ItemCode>
      <ItemType>1</ItemType>
      <ItemName>שמפו פנינה לשיער צבוע 750מ"ל</ItemName>
      <ManufactureName>פנינה רוזנבלום בעמ</ManufactureName>
      <ManufactureCountry />
      <ManufactureItemDescription />
      <UnitQty>י"ח</UnitQty>
      <Quantity>750</Quantity>
      <UnitMeasure>ל  מ"ל</UnitMeasure>
      <BisWeighted>0</BisWeighted>
      <QtyInPackage>1</QtyInPackage>
      <ItemPrice>12.90</ItemPrice>
      <UnitOfMeasurePrice>1.72</UnitOfMeasurePrice>
      <AllowDiscount>1</AllowDiscount>
      <itemStatus>1</itemStatus>
      <LastUpdateDate />
      <LastUpdateTime />
    </Product>
    <Product>
      <PriceUpdateDate>2013/11/03 15:59</PriceUpdateDate>
      <ItemCode>7290014204010</ItemCode>
      <ItemType>1</ItemType>
      <ItemName>מרכך פנינה לשיער צבוע 750מ"ל</ItemName>
      <ManufactureName>פנינה רוזנבלום בעמ</ManufactureName>
      <ManufactureCountry />
      <ManufactureItemDescription />
      <UnitQty>י"ח</UnitQty>
      <Quantity>750</Quantity>
      <UnitMeasure>ל  מ"ל</UnitMeasure>
      <BisWeighted>0</BisWeighted>
      <QtyInPackage>1</QtyInPackage>
      <ItemPrice>12.90</ItemPrice>
      <UnitOfMeasurePrice>1.72</UnitOfMeasurePrice>
      <AllowDiscount>1</AllowDiscount>
      <itemStatus>1</itemStatus>
      <LastUpdateDate />
      <LastUpdateTime />
    </Product>
    <Product>
      <PriceUpdateDate>2013/11/03 15:59</PriceUpdateDate>
      <ItemCode>7290014204027</ItemCode>
      <ItemType>1</ItemType>
      <ItemName>שמפו יומי 750מ"ל</ItemName>
      <ManufactureName>פנינה רוזנבלום בעמ</ManufactureName>
      <ManufactureCountry />
      <ManufactureItemDescription />
      <UnitQty>י"ח</UnitQty>
      <Quantity>750</Quantity>
      <UnitMeasure>ל  מ"ל</UnitMeasure>
      <BisWeighted>0</BisWeighted>
      <QtyInPackage>1</QtyInPackage>
      <ItemPrice>12.90</ItemPrice>
      <UnitOfMeasurePrice>1.72</UnitOfMeasurePrice>
      <AllowDiscount>1</AllowDiscount>
      <itemStatus>1</itemStatus>
      <LastUpdateDate />
      <LastUpdateTime />
    </Product>
    <Product>
      <PriceUpdateDate>2013/11/03 15:59</PriceUpdateDate>
      <ItemCode>7290014204034</ItemCode>
      <ItemType>1</ItemType>
      <ItemName>מרכך יומי 750מ"ל</ItemName>
      <ManufactureName>פנינה רוזנבלום בעמ</ManufactureName>
      <ManufactureCountry />
      <ManufactureItemDescription />
      <UnitQty>י"ח</UnitQty>
      <Quantity>750</Quantity>
      <UnitMeasure>ל  מ"ל</UnitMeasure>
      <BisWeighted>0</BisWeighted>
      <QtyInPackage>1</QtyInPackage>
      <ItemPrice>12.90</ItemPrice>
      <UnitOfMeasurePrice>1.72</UnitOfMeasurePrice>
      <AllowDiscount>1</AllowDiscount>
      <itemStatus>1</itemStatus>
      <LastUpdateDate />
      <LastUpdateTime />
    </Product>
    <Product>
      <PriceUpdateDate>2017/12/31 14:41</PriceUpdateDate>
      <ItemCode>7290014204676</ItemCode>
      <ItemType>1</ItemType>
      <ItemName>מסכה לאחר החלקה</ItemName>
      <ManufactureName>פנינה רוזנבלום בעמ</ManufactureName>
      <ManufactureCountry />
      <ManufactureItemDescription />
      <UnitQty>י"ח</UnitQty>
      <Quantity>200</Quantity>
      <UnitMeasure>ל  מ"ל</UnitMeasure>
      <BisWeighted>0</BisWeighted>
      <QtyInPackage>1</QtyInPackage>
      <ItemPrice>33.90</ItemPrice>
      <UnitOfMeasurePrice>16.95</UnitOfMeasurePrice>
      <AllowDiscount>1</AllowDiscount>
      <itemStatus>1</itemStatus>
      <LastUpdateDate />
      <LastUpdateTime />
    </Product>
    <Product>
      <PriceUpdateDate>2015/04/21 08:53</PriceUpdateDate>
      <ItemCode>7290014204713</ItemCode>
      <ItemType>1</ItemType>
      <ItemName>תרסיס גוף 250מ"ל</ItemName>
      <ManufactureName>פנינה רוזנבלום בעמ</ManufactureName>
      <ManufactureCountry />
      <ManufactureItemDescription />
      <UnitQty>י"ח</UnitQty>
      <Quantity>250</Quantity>
      <UnitMeasure>ל  מ"ל</UnitMeasure>
      <BisWeighted>0</BisWeighted>
      <QtyInPackage>1</QtyInPackage>
      <ItemPrice>29.90</ItemPrice>
      <UnitOfMeasurePrice>11.96</UnitOfMeasurePrice>
      <AllowDiscount>1</AllowDiscount>
      <itemStatus>1</itemStatus>
      <LastUpdateDate />
      <LastUpdateTime />
    </Product>
    <Product>
      <PriceUpdateDate>2015/10/21 09:23</PriceUpdateDate>
      <ItemCode>7290014204768</ItemCode>
      <ItemType>1</ItemType>
      <ItemName>תרסיס גוף 250מ"ל 3</ItemName>
      <ManufactureName>פנינה רוזנבלום בעמ</ManufactureName>
      <ManufactureCountry />
      <ManufactureItemDescription />
      <UnitQty>י"ח</UnitQty>
      <Quantity>250</Quantity>
      <UnitMeasure>ל  מ"ל</UnitMeasure>
      <BisWeighted>0</BisWeighted>
      <QtyInPackage>1</QtyInPackage>
      <ItemPrice>29.90</ItemPrice>
      <UnitOfMeasurePrice>11.96</UnitOfMeasurePrice>
      <AllowDiscount>1</AllowDiscount>
      <itemStatus>1</itemStatus>
      <LastUpdateDate />
      <LastUpdateTime />
    </Product>
    <Product>
      <PriceUpdateDate>2016/12/05 08:45</PriceUpdateDate>
      <ItemCode>7290014204874</ItemCode>
      <ItemType>1</ItemType>
      <ItemName>רוטב עוף 800ג</ItemName>
      <ManufactureName>פנינה רוזנבלום בעמ</ManufactureName>
      <ManufactureCountry />
      <ManufactureItemDescription />
      <UnitQty>י"ח</UnitQty>
      <Quantity>800</Quantity>
      <UnitMeasure>ל  גרם</UnitMeasure>
      <BisWeighted>0</BisWeighted>
      <QtyInPackage>1</QtyInPackage>
      <ItemPrice>16.90</ItemPrice>
      <UnitOfMeasurePrice>2.11</UnitOfMeasurePrice>
      <AllowDiscount>1</AllowDiscount>
      <itemStatus>1</itemStatus>
      <LastUpdateDate />
      <LastUpdateTime />
    </Product>
    <Product>
      <PriceUpdateDate>2015/04/14 09:53</PriceUpdateDate>
      <ItemCode>7290014205000</ItemCode>
      <ItemType>1</ItemType>
      <ItemName>צלחות גדולות *50 "שווה"</ItemName>
      <ManufactureName>ח.כהן סוכנות מזון ומשקאות בע</ManufactureName>
      <ManufactureCountry />
      <ManufactureItemDescription />
      <UnitQty>י"ח</UnitQty>
      <Quantity>50</Quantity>
      <UnitMeasure>י"ח</UnitMeasure>
      <BisWeighted>0</BisWeighted>
      <QtyInPackage>1</QtyInPackage>
      <ItemPrice>6.90</ItemPrice>
      <UnitOfMeasurePrice>0.14</UnitOfMeasurePrice>
      <AllowDiscount>1</AllowDiscount>
      <itemStatus>1</itemStatus>
      <LastUpdateDate />
      <LastUpdateTime />
    </Product>
    <Product>
      <PriceUpdateDate>2015/10/25 12:23</PriceUpdateDate>
      <ItemCode>7290014205017</ItemCode>
      <ItemType>1</ItemType>
      <ItemName>צלחות קטנות"שווה "50יח</ItemName>
      <ManufactureName>ח.כהן סוכנות מזון ומשקאות בע</ManufactureName>
      <ManufactureCountry />
      <ManufactureItemDescription />
      <UnitQty>י"ח</UnitQty>
      <Quantity>50</Quantity>
      <UnitMeasure>י"ח</UnitMeasure>
      <BisWeighted>0</BisWeighted>
      <QtyInPackage>1</QtyInPackage>
      <ItemPrice>5.40</ItemPrice>
      <UnitOfMeasurePrice>0.11</UnitOfMeasurePrice>
      <AllowDiscount>1</AllowDiscount>
      <itemStatus>1</itemStatus>
      <LastUpdateDate />
      <LastUpdateTime />
    </Product>
    <Product>
      <PriceUpdateDate>2019/04/09 09:40</PriceUpdateDate>
      <ItemCode>7290014205024</ItemCode>
      <ItemType>1</ItemType>
      <ItemName>קערה אובלית 25  יח`לבן</ItemName>
      <ManufactureName>ח.כהן סוכנות מזון ומשקאות בע</ManufactureName>
      <ManufactureCountry />
      <ManufactureItemDescription />
      <UnitQty>י"ח</UnitQty>
      <Quantity>30</Quantity>
      <UnitMeasure>י"ח</UnitMeasure>
      <BisWeighted>0</BisWeighted>
      <QtyInPackage>1</QtyInPackage>
      <ItemPrice>2.90</ItemPrice>
      <UnitOfMeasurePrice>0.10</UnitOfMeasurePrice>
      <AllowDiscount>1</AllowDiscount>
      <itemStatus>1</itemStatus>
      <LastUpdateDate />
      <LastUpdateTime />
    </Product>
    <Product>
      <PriceUpdateDate>2014/01/03 13:44</PriceUpdateDate>
      <ItemCode>7290014205031</ItemCode>
      <ItemType>1</ItemType>
      <ItemName>לפתניה"שווה"לבן 25</ItemName>
      <ManufactureName>ח.כהן סוכנות מזון ומשקאות בע</ManufactureName>
      <ManufactureCountry />
      <ManufactureItemDescription />
      <UnitQty>י"ח</UnitQty>
      <Quantity>2500</Quantity>
      <UnitMeasure>ל  גרם</UnitMeasure>
      <BisWeighted>0</BisWeighted>
      <QtyInPackage>1</QtyInPackage>
      <ItemPrice>3</ItemPrice>
      <UnitOfMeasurePrice>0.12</UnitOfMeasurePrice>
      <AllowDiscount>1</AllowDiscount>
      <itemStatus>1</itemStatus>
      <LastUpdateDate />
      <LastUpdateTime />
    </Product>
    <Product>
      <PriceUpdateDate>2015/10/25 12:23</PriceUpdateDate>
      <ItemCode>7290014205048</ItemCode>
      <ItemType>1</ItemType>
      <ItemName>מרקיה"שווה"לבן 25</ItemName>
      <ManufactureName>ח.כהן סוכנות מזון ומשקאות בע</ManufactureName>
      <ManufactureCountry />
      <ManufactureItemDescription />
      <UnitQty>י"ח</UnitQty>
      <Quantity>2500</Quantity>
      <UnitMeasure>ל  גרם</UnitMeasure>
      <BisWeighted>0</BisWeighted>
      <QtyInPackage>1</QtyInPackage>
      <ItemPrice>5.20</ItemPrice>
      <UnitOfMeasurePrice>0.21</UnitOfMeasurePrice>
      <AllowDiscount>1</AllowDiscount>
      <itemStatus>1</itemStatus>
      <LastUpdateDate />
      <LastUpdateTime />
    </Product>
    <Product>
      <PriceUpdateDate>2015/04/14 09:53</PriceUpdateDate>
      <ItemCode>7290014205055</ItemCode>
      <ItemType>1</ItemType>
      <ItemName>צלחת   עמוקה"שווה"30יח לבן</ItemName>
      <ManufactureName>ח.כהן סוכנות מזון ומשקאות בע</ManufactureName>
      <ManufactureCountry />
      <ManufactureItemDescription />
      <UnitQty>י"ח</UnitQty>
      <Quantity>30</Quantity>
      <UnitMeasure>י"ח</UnitMeasure>
      <BisWeighted>0</BisWeighted>
      <QtyInPackage>1</QtyInPackage>
      <ItemPrice>8.90</ItemPrice>
      <UnitOfMeasurePrice>0.30</UnitOfMeasurePrice>
      <AllowDiscount>1</AllowDiscount>
      <itemStatus>1</itemStatus>
      <LastUpdateDate />
      <LastUpdateTime />
    </Product>
    <Product>
      <PriceUpdateDate>2015/04/14 09:53</PriceUpdateDate>
      <ItemCode>7290014205062</ItemCode>
      <ItemType>1</ItemType>
      <ItemName>כוסות ח"פ פלסטיק 100"שווה".</ItemName>
      <ManufactureName>ח.כהן סוכנות מזון ומשקאות בע</ManufactureName>
      <ManufactureCountry />
      <ManufactureItemDescription />
      <UnitQty>י"ח</UnitQty>
      <Quantity>100</Quantity>
      <UnitMeasure>י"ח</UnitMeasure>
      <BisWeighted>0</BisWeighted>
      <QtyInPackage>1</QtyInPackage>
      <ItemPrice>4.60</ItemPrice>
      <UnitOfMeasurePrice>0.05</UnitOfMeasurePrice>
      <AllowDiscount>1</AllowDiscount>
      <itemStatus>1</itemStatus>
      <LastUpdateDate />
      <LastUpdateTime />
    </Product>
    <Product>
      <PriceUpdateDate>2016/04/07 09:39</PriceUpdateDate>
      <ItemCode>7290014205130</ItemCode>
      <ItemType>1</ItemType>
      <ItemName>צלחת גדולה  "שווה" צבעוני 25</ItemName>
      <ManufactureName>ח.כהן סוכנות מזון ומשקאות בע</ManufactureName>
      <ManufactureCountry />
      <ManufactureItemDescription />
      <UnitQty>י"ח</UnitQty>
      <Quantity>2500</Quantity>
      <UnitMeasure>ל  גרם</UnitMeasure>
      <BisWeighted>0</BisWeighted>
      <QtyInPackage>1</QtyInPackage>
      <ItemPrice>9.90</ItemPrice>
      <UnitOfMeasurePrice>0.40</UnitOfMeasurePrice>
      <AllowDiscount>1</AllowDiscount>
      <itemStatus>1</itemStatus>
      <LastUpdateDate />
      <LastUpdateTime />
    </Product>
    <Product>
      <PriceUpdateDate>2015/04/14 09:53</PriceUpdateDate>
      <ItemCode>7290014205147</ItemCode>
      <ItemType>1</ItemType>
      <ItemName>צלחת   קטן"שווה"צבעוני 25</ItemName>
      <ManufactureName>ח.כהן סוכנות מזון ומשקאות בע</ManufactureName>
      <ManufactureCountry />
      <ManufactureItemDescription />
      <UnitQty>י"ח</UnitQty>
      <Quantity>2500</Quantity>
      <UnitMeasure>ל  גרם</UnitMeasure>
      <BisWeighted>0</BisWeighted>
      <QtyInPackage>1</QtyInPackage>
      <ItemPrice>5.90</ItemPrice>
      <UnitOfMeasurePrice>0.24</UnitOfMeasurePrice>
      <AllowDiscount>1</AllowDiscount>
      <itemStatus>1</itemStatus>
      <LastUpdateDate />
      <LastUpdateTime />
    </Product>
    <Product>
      <PriceUpdateDate>2019/04/09 09:40</PriceUpdateDate>
      <ItemCode>7290014205154</ItemCode>
      <ItemType>1</ItemType>
      <ItemName>קערה אובלית    צבעונית"שווה"25</ItemName>
      <ManufactureName>ח.כהן סוכנות מזון ומשקאות בע</ManufactureName>
      <ManufactureCountry />
      <ManufactureItemDescription />
      <UnitQty>י"ח</UnitQty>
      <Quantity>2500</Quantity>
      <UnitMeasure>ל  גרם</UnitMeasure>
      <BisWeighted>0</BisWeighted>
      <QtyInPackage>1</QtyInPackage>
      <ItemPrice>3.90</ItemPrice>
      <UnitOfMeasurePrice>0.16</UnitOfMeasurePrice>
      <AllowDiscount>1</AllowDiscount>
      <itemStatus>1</itemStatus>
      <LastUpdateDate />
      <LastUpdateTime />
    </Product>
    <Product>
      <PriceUpdateDate>2015/10/25 12:23</PriceUpdateDate>
      <ItemCode>7290014205161</ItemCode>
      <ItemType>1</ItemType>
      <ItemName>לפתניה  "שווה" צבעוני 25</ItemName>
      <ManufactureName>ח.כהן סוכנות מזון ומשקאות בע</ManufactureName>
      <ManufactureCountry />
      <ManufactureItemDescription />
      <UnitQty>י"ח</UnitQty>
      <Quantity>2500</Quantity>
      <UnitMeasure>ל  גרם</UnitMeasure>
      <BisWeighted>0</BisWeighted>
      <QtyInPackage>1</QtyInPackage>
      <ItemPrice>3.20</ItemPrice>
      <UnitOfMeasurePrice>0.13</UnitOfMeasurePrice>
      <AllowDiscount>1</AllowDiscount>
      <itemStatus>1</itemStatus>
      <LastUpdateDate />
      <LastUpdateTime />
    </Product>
    <Product>
      <PriceUpdateDate>2015/04/14 09:53</PriceUpdateDate>
      <ItemCode>7290014205178</ItemCode>
      <ItemType>1</ItemType>
      <ItemName>מרקיה  "שווה" צבעוני 25</ItemName>
      <ManufactureName>ח.כהן סוכנות מזון ומשקאות בע</ManufactureName>
      <ManufactureCountry />
      <ManufactureItemDescription />
      <UnitQty>י"ח</UnitQty>
      <Quantity>2500</Quantity>
      <UnitMeasure>ל  גרם</UnitMeasure>
      <BisWeighted>0</BisWeighted>
      <QtyInPackage>1</QtyInPackage>
      <ItemPrice>6.90</ItemPrice>
      <UnitOfMeasurePrice>0.28</UnitOfMeasurePrice>
      <AllowDiscount>1</AllowDiscount>
      <itemStatus>1</itemStatus>
      <LastUpdateDate />
      <LastUpdateTime />
    </Product>
    <Product>
      <PriceUpdateDate>2019/04/09 09:40</PriceUpdateDate>
      <ItemCode>7290014205185</ItemCode>
      <ItemType>1</ItemType>
      <ItemName>צלחת   ענק"שווה"צבעוני 25</ItemName>
      <ManufactureName>ח.כהן סוכנות מזון ומשקאות בע</ManufactureName>
      <ManufactureCountry />
      <ManufactureItemDescription />
      <UnitQty>י"ח</UnitQty>
      <Quantity>25</Quantity>
      <UnitMeasure>י"ח</UnitMeasure>
      <BisWeighted>0</BisWeighted>
      <QtyInPackage>1</QtyInPackage>
      <ItemPrice>11.90</ItemPrice>
      <UnitOfMeasurePrice>0.48</UnitOfMeasurePrice>
      <AllowDiscount>1</AllowDiscount>
      <itemStatus>1</itemStatus>
      <LastUpdateDate />
      <LastUpdateTime />
    </Product>
    <Product>
      <PriceUpdateDate>2015/04/14 09:53</PriceUpdateDate>
      <ItemCode>7290014205208</ItemCode>
      <ItemType>1</ItemType>
      <ItemName>סכינים   שקוף"שווה"50</ItemName>
      <ManufactureName>ח.כהן סוכנות מזון ומשקאות בע</ManufactureName>
      <ManufactureCountry />
      <ManufactureItemDescription />
      <UnitQty>י"ח</UnitQty>
      <Quantity>50</Quantity>
      <UnitMeasure>י"ח</UnitMeasure>
      <BisWeighted>0</BisWeighted>
      <QtyInPackage>1</QtyInPackage>
      <ItemPrice>7.90</ItemPrice>
      <UnitOfMeasurePrice>0.16</UnitOfMeasurePrice>
      <AllowDiscount>1</AllowDiscount>
      <itemStatus>1</itemStatus>
      <LastUpdateDate />
      <LastUpdateTime />
    </Product>
    <Product>
      <PriceUpdateDate>2015/04/14 09:53</PriceUpdateDate>
      <ItemCode>7290014205215</ItemCode>
      <ItemType>1</ItemType>
      <ItemName>כפות   שקוף"שווה"50</ItemName>
      <ManufactureName>ח.כהן סוכנות מזון ומשקאות בע</ManufactureName>
      <ManufactureCountry />
      <ManufactureItemDescription />
      <UnitQty>י"ח</UnitQty>
      <Quantity>50</Quantity>
      <UnitMeasure>י"ח</UnitMeasure>
      <BisWeighted>0</BisWeighted>
      <QtyInPackage>1</QtyInPackage>
      <ItemPrice>7.90</ItemPrice>
      <UnitOfMeasurePrice>0.16</UnitOfMeasurePrice>
      <AllowDiscount>1</AllowDiscount>
      <itemStatus>1</itemStatus>
      <LastUpdateDate />
      <LastUpdateTime />
    </Product>
    <Product>
      <PriceUpdateDate>2015/10/25 12:23</PriceUpdateDate>
      <ItemCode>7290014205222</ItemCode>
      <ItemType>1</ItemType>
      <ItemName>כפיות   שקוף"שווה"50</ItemName>
      <ManufactureName>ח.כהן סוכנות מזון ומשקאות בע</ManufactureName>
      <ManufactureCountry />
      <ManufactureItemDescription />
      <UnitQty>י"ח</UnitQty>
      <Quantity>50</Quantity>
      <UnitMeasure>י"ח</UnitMeasure>
      <BisWeighted>0</BisWeighted>
      <QtyInPackage>1</QtyInPackage>
      <ItemPrice>7.90</ItemPrice>
      <UnitOfMeasurePrice>0.16</UnitOfMeasurePrice>
      <AllowDiscount>1</AllowDiscount>
      <itemStatus>1</itemStatus>
      <LastUpdateDate />
      <LastUpdateTime />
    </Product>
    <Product>
      <PriceUpdateDate>2015/04/14 09:53</PriceUpdateDate>
      <ItemCode>7290014205239</ItemCode>
      <ItemType>1</ItemType>
      <ItemName>מזלגות   שקוף"שווה"50</ItemName>
      <ManufactureName>ח.כהן סוכנות מזון ומשקאות בע</ManufactureName>
      <ManufactureCountry />
      <ManufactureItemDescription />
      <UnitQty>י"ח</UnitQty>
      <Quantity>50</Quantity>
      <UnitMeasure>י"ח</UnitMeasure>
      <BisWeighted>0</BisWeighted>
      <QtyInPackage>1</QtyInPackage>
      <ItemPrice>7.90</ItemPrice>
      <UnitOfMeasurePrice>0.16</UnitOfMeasurePrice>
      <AllowDiscount>1</AllowDiscount>
      <itemStatus>1</itemStatus>
      <LastUpdateDate />
      <LastUpdateTime />
    </Product>
    <Product>
      <PriceUpdateDate>2016/06/01 09:19</PriceUpdateDate>
      <ItemCode>7290014205338</ItemCode>
      <ItemType>1</ItemType>
      <ItemName>קינוחיות ספירל 20יח שווה</ItemName>
      <ManufactureName>ח.כהן סוכנות מזון ומשקאות בע</ManufactureName>
      <ManufactureCountry />
      <ManufactureItemDescription />
      <UnitQty>י"ח</UnitQty>
      <Quantity>30</Quantity>
      <UnitMeasure>י"ח</UnitMeasure>
      <BisWeighted>0</BisWeighted>
      <QtyInPackage>1</QtyInPackage>
      <ItemPrice>6.90</ItemPrice>
      <UnitOfMeasurePrice>0.23</UnitOfMeasurePrice>
      <AllowDiscount>1</AllowDiscount>
      <itemStatus>1</itemStatus>
      <LastUpdateDate />
      <LastUpdateTime />
    </Product>
    <Product>
      <PriceUpdateDate>2018/08/01 13:04</PriceUpdateDate>
      <ItemCode>7290014205567</ItemCode>
      <ItemType>1</ItemType>
      <ItemName>קינוחיות פרח גדול 20יח שווה</ItemName>
      <ManufactureName>ח.כהן סוכנות מזון ומשקאות בע</ManufactureName>
      <ManufactureCountry />
      <ManufactureItemDescription />
      <UnitQty>י"ח</UnitQty>
      <Quantity>30</Quantity>
      <UnitMeasure>י"ח</UnitMeasure>
      <BisWeighted>0</BisWeighted>
      <QtyInPackage>1</QtyInPackage>
      <ItemPrice>11.90</ItemPrice>
      <UnitOfMeasurePrice>0.40</UnitOfMeasurePrice>
      <AllowDiscount>1</AllowDiscount>
      <itemStatus>1</itemStatus>
      <LastUpdateDate />
      <LastUpdateTime />
    </Product>
    <Product>
      <PriceUpdateDate>2016/06/01 09:19</PriceUpdateDate>
      <ItemCode>7290014205574</ItemCode>
      <ItemType>1</ItemType>
      <ItemName>קינוחיות קונכייה 20יח שווה</ItemName>
      <ManufactureName>ח.כהן סוכנות מזון ומשקאות בע</ManufactureName>
      <ManufactureCountry />
      <ManufactureItemDescription />
      <UnitQty>י"ח</UnitQty>
      <Quantity>30</Quantity>
      <UnitMeasure>י"ח</UnitMeasure>
      <BisWeighted>0</BisWeighted>
      <QtyInPackage>1</QtyInPackage>
      <ItemPrice>6.90</ItemPrice>
      <UnitOfMeasurePrice>0.23</UnitOfMeasurePrice>
      <AllowDiscount>1</AllowDiscount>
      <itemStatus>1</itemStatus>
      <LastUpdateDate />
      <LastUpdateTime />
    </Product>
    <Product>
      <PriceUpdateDate>2016/03/28 09:34</PriceUpdateDate>
      <ItemCode>7290014205581</ItemCode>
      <ItemType>1</ItemType>
      <ItemName>גביעי יין 12יח  שווה</ItemName>
      <ManufactureName>ח.כהן סוכנות מזון ומשקאות בע</ManufactureName>
      <ManufactureCountry />
      <ManufactureItemDescription />
      <UnitQty />
      <Quantity>1</Quantity>
      <UnitMeasure />
      <BisWeighted>0</BisWeighted>
      <QtyInPackage>1</QtyInPackage>
      <ItemPrice>7.90</ItemPrice>
      <UnitOfMeasurePrice>7.90</UnitOfMeasurePrice>
      <AllowDiscount>1</AllowDiscount>
      <itemStatus>1</itemStatus>
      <LastUpdateDate />
      <LastUpdateTime />
    </Product>
    <Product>
      <PriceUpdateDate>2018/10/23 12:36</PriceUpdateDate>
      <ItemCode>7290014205659</ItemCode>
      <ItemType>1</ItemType>
      <ItemName>לבבות דקל שלם  400ג שווה</ItemName>
      <ManufactureName>ח.כהן סוכנות מזון ומשקאות בע</ManufactureName>
      <ManufactureCountry />
      <ManufactureItemDescription />
      <UnitQty>י"ח</UnitQty>
      <Quantity>400</Quantity>
      <UnitMeasure>ל  גרם</UnitMeasure>
      <BisWeighted>0</BisWeighted>
      <QtyInPackage>1</QtyInPackage>
      <ItemPrice>8.90</ItemPrice>
      <UnitOfMeasurePrice>2.23</UnitOfMeasurePrice>
      <AllowDiscount>1</AllowDiscount>
      <itemStatus>1</itemStatus>
      <LastUpdateDate />
      <LastUpdateTime />
    </Product>
    <Product>
      <PriceUpdateDate>2016/11/17 10:08</PriceUpdateDate>
      <ItemCode>7290014205741</ItemCode>
      <ItemType>1</ItemType>
      <ItemName>מפה גליל  25 מטר "שווה"</ItemName>
      <ManufactureName>ח.כהן סוכנות מזון ומשקאות בע</ManufactureName>
      <ManufactureCountry />
      <ManufactureItemDescription />
      <UnitQty>י"ח</UnitQty>
      <Quantity>25</Quantity>
      <UnitMeasure>מטר</UnitMeasure>
      <BisWeighted>0</BisWeighted>
      <QtyInPackage>1</QtyInPackage>
      <ItemPrice>19.90</ItemPrice>
      <UnitOfMeasurePrice>0.80</UnitOfMeasurePrice>
      <AllowDiscount>1</AllowDiscount>
      <itemStatus>1</itemStatus>
      <LastUpdateDate />
      <LastUpdateTime />
    </Product>
    <Product>
      <PriceUpdateDate>2017/11/22 08:54</PriceUpdateDate>
      <ItemCode>7290014206007</ItemCode>
      <ItemType>1</ItemType>
      <ItemName>תבניות נייר אינגליש 1/5</ItemName>
      <ManufactureName>ח.כהן סוכנות מזון ומשקאות בע</ManufactureName>
      <ManufactureCountry />
      <ManufactureItemDescription />
      <UnitQty>י"ח</UnitQty>
      <Quantity>12</Quantity>
      <UnitMeasure>י"ח</UnitMeasure>
      <BisWeighted>0</BisWeighted>
      <QtyInPackage>1</QtyInPackage>
      <ItemPrice>8.90</ItemPrice>
      <UnitOfMeasurePrice>0.74</UnitOfMeasurePrice>
      <AllowDiscount>1</AllowDiscount>
      <itemStatus>1</itemStatus>
      <LastUpdateDate />
      <LastUpdateTime />
    </Product>
    <Product>
      <PriceUpdateDate>2017/11/22 08:54</PriceUpdateDate>
      <ItemCode>7290014206014</ItemCode>
      <ItemType>1</ItemType>
      <ItemName>תבניות נייר מרוגעות 1/4</ItemName>
      <ManufactureName>ח.כהן סוכנות מזון ומשקאות בע</ManufactureName>
      <ManufactureCountry />
      <ManufactureItemDescription />
      <UnitQty>י"ח</UnitQty>
      <Quantity>12</Quantity>
      <UnitMeasure>י"ח</UnitMeasure>
      <BisWeighted>0</BisWeighted>
      <QtyInPackage>1</QtyInPackage>
      <ItemPrice>8.90</ItemPrice>
      <UnitOfMeasurePrice>0.74</UnitOfMeasurePrice>
      <AllowDiscount>1</AllowDiscount>
      <itemStatus>1</itemStatus>
      <LastUpdateDate />
      <LastUpdateTime />
    </Product>
    <Product>
      <PriceUpdateDate>2017/11/22 08:54</PriceUpdateDate>
      <ItemCode>7290014206021</ItemCode>
      <ItemType>1</ItemType>
      <ItemName>מאפינס נייר קטנים 20יח שווה</ItemName>
      <ManufactureName>ח.כהן סוכנות מזון ומשקאות בע</ManufactureName>
      <ManufactureCountry />
      <ManufactureItemDescription />
      <UnitQty>י"ח</UnitQty>
      <Quantity>12</Quantity>
      <UnitMeasure>י"ח</UnitMeasure>
      <BisWeighted>0</BisWeighted>
      <QtyInPackage>1</QtyInPackage>
      <ItemPrice>7.90</ItemPrice>
      <UnitOfMeasurePrice>0.66</UnitOfMeasurePrice>
      <AllowDiscount>1</AllowDiscount>
      <itemStatus>1</itemStatus>
      <LastUpdateDate />
      <LastUpdateTime />
    </Product>
    <Product>
      <PriceUpdateDate>2017/11/22 08:54</PriceUpdateDate>
      <ItemCode>7290014206038</ItemCode>
      <ItemType>1</ItemType>
      <ItemName>מאפינס נייר גדולים 20יח שווה</ItemName>
      <ManufactureName>ח.כהן סוכנות מזון ומשקאות בע</ManufactureName>
      <ManufactureCountry />
      <ManufactureItemDescription />
      <UnitQty>י"ח</UnitQty>
      <Quantity>12</Quantity>
      <UnitMeasure>י"ח</UnitMeasure>
      <BisWeighted>0</BisWeighted>
      <QtyInPackage>1</QtyInPackage>
      <ItemPrice>7.90</ItemPrice>
      <UnitOfMeasurePrice>0.66</UnitOfMeasurePrice>
      <AllowDiscount>1</AllowDiscount>
      <itemStatus>1</itemStatus>
      <LastUpdateDate />
      <LastUpdateTime />
    </Product>
    <Product>
      <PriceUpdateDate>2017/11/22 08:54</PriceUpdateDate>
      <ItemCode>7290014206045</ItemCode>
      <ItemType>1</ItemType>
      <ItemName>מאפינס נייר אלומיניום קטנים 12יח</ItemName>
      <ManufactureName>ח.כהן סוכנות מזון ומשקאות בע</ManufactureName>
      <ManufactureCountry />
      <ManufactureItemDescription />
      <UnitQty>י"ח</UnitQty>
      <Quantity>12</Quantity>
      <UnitMeasure>י"ח</UnitMeasure>
      <BisWeighted>0</BisWeighted>
      <QtyInPackage>1</QtyInPackage>
      <ItemPrice>7.90</ItemPrice>
      <UnitOfMeasurePrice>0.66</UnitOfMeasurePrice>
      <AllowDiscount>1</AllowDiscount>
      <itemStatus>1</itemStatus>
      <LastUpdateDate />
      <LastUpdateTime />
    </Product>
    <Product>
      <PriceUpdateDate>2017/11/22 08:54</PriceUpdateDate>
      <ItemCode>7290014206052</ItemCode>
      <ItemType>1</ItemType>
      <ItemName>מאפינס נייר אלומיניום גדולים 12יח</ItemName>
      <ManufactureName>ח.כהן סוכנות מזון ומשקאות בע</ManufactureName>
      <ManufactureCountry />
      <ManufactureItemDescription />
      <UnitQty>י"ח</UnitQty>
      <Quantity>12</Quantity>
      <UnitMeasure>י"ח</UnitMeasure>
      <BisWeighted>0</BisWeighted>
      <QtyInPackage>1</QtyInPackage>
      <ItemPrice>7.90</ItemPrice>
      <UnitOfMeasurePrice>0.66</UnitOfMeasurePrice>
      <AllowDiscount>1</AllowDiscount>
      <itemStatus>1</itemStatus>
      <LastUpdateDate />
      <LastUpdateTime />
    </Product>
    <Product>
      <PriceUpdateDate>2017/11/22 08:54</PriceUpdateDate>
      <ItemCode>7290014206069</ItemCode>
      <ItemType>1</ItemType>
      <ItemName>מאפינס גביעים נפתח 20יח שווה</ItemName>
      <ManufactureName>ח.כהן סוכנות מזון ומשקאות בע</ManufactureName>
      <ManufactureCountry />
      <ManufactureItemDescription />
      <UnitQty>י"ח</UnitQty>
      <Quantity>20</Quantity>
      <UnitMeasure>י"ח</UnitMeasure>
      <BisWeighted>0</BisWeighted>
      <QtyInPackage>1</QtyInPackage>
      <ItemPrice>7.90</ItemPrice>
      <UnitOfMeasurePrice>0.40</UnitOfMeasurePrice>
      <AllowDiscount>1</AllowDiscount>
      <itemStatus>1</itemStatus>
      <LastUpdateDate />
      <LastUpdateTime />
    </Product>
    <Product>
      <PriceUpdateDate>2017/11/22 08:54</PriceUpdateDate>
      <ItemCode>7290014206076</ItemCode>
      <ItemType>1</ItemType>
      <ItemName>תבניות מלבניות לעוגות אישיות 12יח</ItemName>
      <ManufactureName>ח.כהן סוכנות מזון ומשקאות בע</ManufactureName>
      <ManufactureCountry />
      <ManufactureItemDescription />
      <UnitQty>י"ח</UnitQty>
      <Quantity>12</Quantity>
      <UnitMeasure>י"ח</UnitMeasure>
      <BisWeighted>0</BisWeighted>
      <QtyInPackage>1</QtyInPackage>
      <ItemPrice>7.90</ItemPrice>
      <UnitOfMeasurePrice>0.66</UnitOfMeasurePrice>
      <AllowDiscount>1</AllowDiscount>
      <itemStatus>1</itemStatus>
      <LastUpdateDate />
      <LastUpdateTime />
    </Product>
    <Product>
      <PriceUpdateDate>2017/11/22 08:54</PriceUpdateDate>
      <ItemCode>7290014206083</ItemCode>
      <ItemType>1</ItemType>
      <ItemName>תבניות מאפינס מרובעות  קטנות 12יח שווה</ItemName>
      <ManufactureName>ח.כהן סוכנות מזון ומשקאות בע</ManufactureName>
      <ManufactureCountry />
      <ManufactureItemDescription />
      <UnitQty>י"ח</UnitQty>
      <Quantity>12</Quantity>
      <UnitMeasure>י"ח</UnitMeasure>
      <BisWeighted>0</BisWeighted>
      <QtyInPackage>1</QtyInPackage>
      <ItemPrice>7.90</ItemPrice>
      <UnitOfMeasurePrice>0.66</UnitOfMeasurePrice>
      <AllowDiscount>1</AllowDiscount>
      <itemStatus>1</itemStatus>
      <LastUpdateDate />
      <LastUpdateTime />
    </Product>
    <Product>
      <PriceUpdateDate>2017/11/22 08:54</PriceUpdateDate>
      <ItemCode>7290014206090</ItemCode>
      <ItemType>1</ItemType>
      <ItemName>תבניות לב קטנות  3יח שווה</ItemName>
      <ManufactureName>ח.כהן סוכנות מזון ומשקאות בע</ManufactureName>
      <ManufactureCountry />
      <ManufactureItemDescription />
      <UnitQty>י"ח</UnitQty>
      <Quantity>12</Quantity>
      <UnitMeasure>י"ח</UnitMeasure>
      <BisWeighted>0</BisWeighted>
      <QtyInPackage>1</QtyInPackage>
      <ItemPrice>7.90</ItemPrice>
      <UnitOfMeasurePrice>0.66</UnitOfMeasurePrice>
      <AllowDiscount>1</AllowDiscount>
      <itemStatus>1</itemStatus>
      <LastUpdateDate />
      <LastUpdateTime />
    </Product>
    <Product>
      <PriceUpdateDate>2017/11/22 08:54</PriceUpdateDate>
      <ItemCode>7290014206106</ItemCode>
      <ItemType>1</ItemType>
      <ItemName>תבניות לב גדולות 3יח שווה</ItemName>
      <ManufactureName>ח.כהן סוכנות מזון ומשקאות בע</ManufactureName>
      <ManufactureCountry />
      <ManufactureItemDescription />
      <UnitQty>י"ח</UnitQty>
      <Quantity>12</Quantity>
      <UnitMeasure>י"ח</UnitMeasure>
      <BisWeighted>0</BisWeighted>
      <QtyInPackage>1</QtyInPackage>
      <ItemPrice>7.90</ItemPrice>
      <UnitOfMeasurePrice>0.66</UnitOfMeasurePrice>
      <AllowDiscount>1</AllowDiscount>
      <itemStatus>1</itemStatus>
      <LastUpdateDate />
      <LastUpdateTime />
    </Product>
    <Product>
      <PriceUpdateDate>2017/11/22 08:54</PriceUpdateDate>
      <ItemCode>7290014206113</ItemCode>
      <ItemType>1</ItemType>
      <ItemName>תבניות נייר עגולות בינוניות 3יח שווה</ItemName>
      <ManufactureName>ח.כהן סוכנות מזון ומשקאות בע</ManufactureName>
      <ManufactureCountry />
      <ManufactureItemDescription />
      <UnitQty>י"ח</UnitQty>
      <Quantity>12</Quantity>
      <UnitMeasure>י"ח</UnitMeasure>
      <BisWeighted>0</BisWeighted>
      <QtyInPackage>1</QtyInPackage>
      <ItemPrice>8.90</ItemPrice>
      <UnitOfMeasurePrice>0.74</UnitOfMeasurePrice>
      <AllowDiscount>1</AllowDiscount>
      <itemStatus>1</itemStatus>
      <LastUpdateDate />
      <LastUpdateTime />
    </Product>
    <Product>
      <PriceUpdateDate>2017/11/22 08:54</PriceUpdateDate>
      <ItemCode>7290014206120</ItemCode>
      <ItemType>1</ItemType>
      <ItemName>תבניות נייר עגולות גדולות  3יח שווה</ItemName>
      <ManufactureName>ח.כהן סוכנות מזון ומשקאות בע</ManufactureName>
      <ManufactureCountry />
      <ManufactureItemDescription />
      <UnitQty>י"ח</UnitQty>
      <Quantity>12</Quantity>
      <UnitMeasure>י"ח</UnitMeasure>
      <BisWeighted>0</BisWeighted>
      <QtyInPackage>1</QtyInPackage>
      <ItemPrice>8.90</ItemPrice>
      <UnitOfMeasurePrice>0.74</UnitOfMeasurePrice>
      <AllowDiscount>1</AllowDiscount>
      <itemStatus>1</itemStatus>
      <LastUpdateDate />
      <LastUpdateTime />
    </Product>
    <Product>
      <PriceUpdateDate>2018/06/13 11:32</PriceUpdateDate>
      <ItemCode>7290014206137</ItemCode>
      <ItemType>1</ItemType>
      <ItemName>כפות הגשה לעוגה 1/2 שווה</ItemName>
      <ManufactureName>ח.כהן סוכנות מזון ומשקאות בע</ManufactureName>
      <ManufactureCountry />
      <ManufactureItemDescription />
      <UnitQty>י"ח</UnitQty>
      <Quantity>2</Quantity>
      <UnitMeasure>י"ח</UnitMeasure>
      <BisWeighted>0</BisWeighted>
      <QtyInPackage>1</QtyInPackage>
      <ItemPrice>3.90</ItemPrice>
      <UnitOfMeasurePrice>1.95</UnitOfMeasurePrice>
      <AllowDiscount>1</AllowDiscount>
      <itemStatus>1</itemStatus>
      <LastUpdateDate />
      <LastUpdateTime />
    </Product>
    <Product>
      <PriceUpdateDate>2019/01/23 11:24</PriceUpdateDate>
      <ItemCode>7290014206144</ItemCode>
      <ItemType>1</ItemType>
      <ItemName>נרות צפים מטאלי 10יח שווה</ItemName>
      <ManufactureName>ח.כהן סוכנות מזון ומשקאות בע</ManufactureName>
      <ManufactureCountry />
      <ManufactureItemDescription />
      <UnitQty>י"ח</UnitQty>
      <Quantity>10</Quantity>
      <UnitMeasure>י"ח</UnitMeasure>
      <BisWeighted>0</BisWeighted>
      <QtyInPackage>1</QtyInPackage>
      <ItemPrice>11.90</ItemPrice>
      <UnitOfMeasurePrice>1.19</UnitOfMeasurePrice>
      <AllowDiscount>1</AllowDiscount>
      <itemStatus>1</itemStatus>
      <LastUpdateDate />
      <LastUpdateTime />
    </Product>
    <Product>
      <PriceUpdateDate>2019/01/23 11:24</PriceUpdateDate>
      <ItemCode>7290014206151</ItemCode>
      <ItemType>1</ItemType>
      <ItemName>נרות צפים 10יח שווה</ItemName>
      <ManufactureName>ח.כהן סוכנות מזון ומשקאות בע</ManufactureName>
      <ManufactureCountry />
      <ManufactureItemDescription />
      <UnitQty>י"ח</UnitQty>
      <Quantity>10</Quantity>
      <UnitMeasure>י"ח</UnitMeasure>
      <BisWeighted>0</BisWeighted>
      <QtyInPackage>1</QtyInPackage>
      <ItemPrice>11.90</ItemPrice>
      <UnitOfMeasurePrice>1.19</UnitOfMeasurePrice>
      <AllowDiscount>1</AllowDiscount>
      <itemStatus>1</itemStatus>
      <LastUpdateDate />
      <LastUpdateTime />
    </Product>
    <Product>
      <PriceUpdateDate>2019/12/17 12:03</PriceUpdateDate>
      <ItemCode>7290014206175</ItemCode>
      <ItemType>1</ItemType>
      <ItemName>תבניות מאפינס אישיות 50יח שווה</ItemName>
      <ManufactureName>ח.כהן סוכנות מזון ומשקאות בע</ManufactureName>
      <ManufactureCountry />
      <ManufactureItemDescription />
      <UnitQty>י"ח</UnitQty>
      <Quantity>50</Quantity>
      <UnitMeasure>י"ח</UnitMeasure>
      <BisWeighted>0</BisWeighted>
      <QtyInPackage>1</QtyInPackage>
      <ItemPrice>7.90</ItemPrice>
      <UnitOfMeasurePrice>0.16</UnitOfMeasurePrice>
      <AllowDiscount>1</AllowDiscount>
      <itemStatus>1</itemStatus>
      <LastUpdateDate />
      <LastUpdateTime />
    </Product>
    <Product>
      <PriceUpdateDate>2019/12/17 12:03</PriceUpdateDate>
      <ItemCode>7290014206182</ItemCode>
      <ItemType>1</ItemType>
      <ItemName>תבניות מאפינס גדולים  40יח שווה</ItemName>
      <ManufactureName>ח.כהן סוכנות מזון ומשקאות בע</ManufactureName>
      <ManufactureCountry />
      <ManufactureItemDescription />
      <UnitQty>י"ח</UnitQty>
      <Quantity>40</Quantity>
      <UnitMeasure>י"ח</UnitMeasure>
      <BisWeighted>0</BisWeighted>
      <QtyInPackage>1</QtyInPackage>
      <ItemPrice>7.90</ItemPrice>
      <UnitOfMeasurePrice>0.20</UnitOfMeasurePrice>
      <AllowDiscount>1</AllowDiscount>
      <itemStatus>1</itemStatus>
      <LastUpdateDate />
      <LastUpdateTime />
    </Product>
    <Product>
      <PriceUpdateDate>2019/12/17 12:03</PriceUpdateDate>
      <ItemCode>7290014206205</ItemCode>
      <ItemType>1</ItemType>
      <ItemName>תבניות פלא נייר בינונית 3 שווה</ItemName>
      <ManufactureName>ח.כהן סוכנות מזון ומשקאות בע</ManufactureName>
      <ManufactureCountry />
      <ManufactureItemDescription />
      <UnitQty>י"ח</UnitQty>
      <Quantity>3</Quantity>
      <UnitMeasure>י"ח</UnitMeasure>
      <BisWeighted>0</BisWeighted>
      <QtyInPackage>1</QtyInPackage>
      <ItemPrice>8.90</ItemPrice>
      <UnitOfMeasurePrice>2.97</UnitOfMeasurePrice>
      <AllowDiscount>1</AllowDiscount>
      <itemStatus>1</itemStatus>
      <LastUpdateDate />
      <LastUpdateTime />
    </Product>
    <Product>
      <PriceUpdateDate>2019/12/17 12:03</PriceUpdateDate>
      <ItemCode>7290014206212</ItemCode>
      <ItemType>1</ItemType>
      <ItemName>תבניות פלא נייר גדולות 3 שווה</ItemName>
      <ManufactureName>ח.כהן סוכנות מזון ומשקאות בע</ManufactureName>
      <ManufactureCountry />
      <ManufactureItemDescription />
      <UnitQty>י"ח</UnitQty>
      <Quantity>3</Quantity>
      <UnitMeasure>י"ח</UnitMeasure>
      <BisWeighted>0</BisWeighted>
      <QtyInPackage>1</QtyInPackage>
      <ItemPrice>8.90</ItemPrice>
      <UnitOfMeasurePrice>2.97</UnitOfMeasurePrice>
      <AllowDiscount>1</AllowDiscount>
      <itemStatus>1</itemStatus>
      <LastUpdateDate />
      <LastUpdateTime />
    </Product>
    <Product>
      <PriceUpdateDate>2018/06/13 11:32</PriceUpdateDate>
      <ItemCode>7290014206250</ItemCode>
      <ItemType>1</ItemType>
      <ItemName>מפיות נייר 1/80 מעוטרות שווה</ItemName>
      <ManufactureName>ח.כהן סוכנות מזון ומשקאות בע</ManufactureName>
      <ManufactureCountry />
      <ManufactureItemDescription />
      <UnitQty>י"ח</UnitQty>
      <Quantity>80</Quantity>
      <UnitMeasure>י"ח</UnitMeasure>
      <BisWeighted>0</BisWeighted>
      <QtyInPackage>1</QtyInPackage>
      <ItemPrice>5.90</ItemPrice>
      <UnitOfMeasurePrice>0.07</UnitOfMeasurePrice>
      <AllowDiscount>1</AllowDiscount>
      <itemStatus>1</itemStatus>
      <LastUpdateDate />
      <LastUpdateTime />
    </Product>
    <Product>
      <PriceUpdateDate>2018/10/19 07:30</PriceUpdateDate>
      <ItemCode>7290014206267</ItemCode>
      <ItemType>1</ItemType>
      <ItemName>מפיות מוטבעות תלת שכבתי שווה</ItemName>
      <ManufactureName>ח.כהן סוכנות מזון ומשקאות בע</ManufactureName>
      <ManufactureCountry />
      <ManufactureItemDescription />
      <UnitQty>י"ח</UnitQty>
      <Quantity>1</Quantity>
      <UnitMeasure>י"ח</UnitMeasure>
      <BisWeighted>0</BisWeighted>
      <QtyInPackage>1</QtyInPackage>
      <ItemPrice>6.90</ItemPrice>
      <UnitOfMeasurePrice>6.90</UnitOfMeasurePrice>
      <AllowDiscount>1</AllowDiscount>
      <itemStatus>1</itemStatus>
      <LastUpdateDate />
      <LastUpdateTime />
    </Product>
    <Product>
      <PriceUpdateDate>2018/11/25 10:30</PriceUpdateDate>
      <ItemCode>7290014206274</ItemCode>
      <ItemType>1</ItemType>
      <ItemName>גפרור אקסטרה לארג שווה</ItemName>
      <ManufactureName>ח.כהן סוכנות מזון ומשקאות בע</ManufactureName>
      <ManufactureCountry />
      <ManufactureItemDescription />
      <UnitQty>י"ח</UnitQty>
      <Quantity>1</Quantity>
      <UnitMeasure />
      <BisWeighted>0</BisWeighted>
      <QtyInPackage>1</QtyInPackage>
      <ItemPrice>6.90</ItemPrice>
      <UnitOfMeasurePrice>6.90</UnitOfMeasurePrice>
      <AllowDiscount>1</AllowDiscount>
      <itemStatus>1</itemStatus>
      <LastUpdateDate />
      <LastUpdateTime />
    </Product>
    <Product>
      <PriceUpdateDate>2019/12/17 12:03</PriceUpdateDate>
      <ItemCode>7290014206281</ItemCode>
      <ItemType>1</ItemType>
      <ItemName>מדליק פחם ראש גפרור  שווה</ItemName>
      <ManufactureName>ח.כהן סוכנות מזון ומשקאות בע</ManufactureName>
      <ManufactureCountry />
      <ManufactureItemDescription />
      <UnitQty>י"ח</UnitQty>
      <Quantity>1</Quantity>
      <UnitMeasure>י"ח</UnitMeasure>
      <BisWeighted>0</BisWeighted>
      <QtyInPackage>1</QtyInPackage>
      <ItemPrice>4.90</ItemPrice>
      <UnitOfMeasurePrice>4.90</UnitOfMeasurePrice>
      <AllowDiscount>1</AllowDiscount>
      <itemStatus>1</itemStatus>
      <LastUpdateDate />
      <LastUpdateTime />
    </Product>
    <Product>
      <PriceUpdateDate>2019/03/11 08:35</PriceUpdateDate>
      <ItemCode>7290014206298</ItemCode>
      <ItemType>1</ItemType>
      <ItemName>לפתניה תפארת 10יח   "שווה"</ItemName>
      <ManufactureName>ח.כהן סוכנות מזון ומשקאות בע</ManufactureName>
      <ManufactureCountry />
      <ManufactureItemDescription />
      <UnitQty>י"ח</UnitQty>
      <Quantity>10</Quantity>
      <UnitMeasure>י"ח</UnitMeasure>
      <BisWeighted>0</BisWeighted>
      <QtyInPackage>1</QtyInPackage>
      <ItemPrice>7.90</ItemPrice>
      <UnitOfMeasurePrice>0.79</UnitOfMeasurePrice>
      <AllowDiscount>1</AllowDiscount>
      <itemStatus>1</itemStatus>
      <LastUpdateDate />
      <LastUpdateTime />
    </Product>
    <Product>
      <PriceUpdateDate>2018/05/09 11:04</PriceUpdateDate>
      <ItemCode>7290014206304</ItemCode>
      <ItemType>1</ItemType>
      <ItemName>קערה אובלית תפארת  10יח שווה</ItemName>
      <ManufactureName>ח.כהן סוכנות מזון ומשקאות בע</ManufactureName>
      <ManufactureCountry />
      <ManufactureItemDescription />
      <UnitQty>י"ח</UnitQty>
      <Quantity>10</Quantity>
      <UnitMeasure>י"ח</UnitMeasure>
      <BisWeighted>0</BisWeighted>
      <QtyInPackage>1</QtyInPackage>
      <ItemPrice>7.90</ItemPrice>
      <UnitOfMeasurePrice>0.79</UnitOfMeasurePrice>
      <AllowDiscount>1</AllowDiscount>
      <itemStatus>1</itemStatus>
      <LastUpdateDate />
      <LastUpdateTime />
    </Product>
    <Product>
      <PriceUpdateDate>2018/05/09 11:04</PriceUpdateDate>
      <ItemCode>7290014206311</ItemCode>
      <ItemType>1</ItemType>
      <ItemName>מרקיה תפארת  10יח שווה</ItemName>
      <ManufactureName>ח.כהן סוכנות מזון ומשקאות בע</ManufactureName>
      <ManufactureCountry />
      <ManufactureItemDescription />
      <UnitQty>י"ח</UnitQty>
      <Quantity>10</Quantity>
      <UnitMeasure>י"ח</UnitMeasure>
      <BisWeighted>0</BisWeighted>
      <QtyInPackage>1</QtyInPackage>
      <ItemPrice>11.90</ItemPrice>
      <UnitOfMeasurePrice>1.19</UnitOfMeasurePrice>
      <AllowDiscount>1</AllowDiscount>
      <itemStatus>1</itemStatus>
      <LastUpdateDate />
      <LastUpdateTime />
    </Product>
    <Product>
      <PriceUpdateDate>2018/05/09 11:04</PriceUpdateDate>
      <ItemCode>7290014206335</ItemCode>
      <ItemType>1</ItemType>
      <ItemName>צלחת בגדולה  תפארת  10יח שווה</ItemName>
      <ManufactureName>ח.כהן סוכנות מזון ומשקאות בע</ManufactureName>
      <ManufactureCountry />
      <ManufactureItemDescription />
      <UnitQty>י"ח</UnitQty>
      <Quantity>10</Quantity>
      <UnitMeasure>י"ח</UnitMeasure>
      <BisWeighted>0</BisWeighted>
      <QtyInPackage>1</QtyInPackage>
      <ItemPrice>13.90</ItemPrice>
      <UnitOfMeasurePrice>1.39</UnitOfMeasurePrice>
      <AllowDiscount>1</AllowDiscount>
      <itemStatus>1</itemStatus>
      <LastUpdateDate />
      <LastUpdateTime />
    </Product>
    <Product>
      <PriceUpdateDate>2018/05/09 11:04</PriceUpdateDate>
      <ItemCode>7290014206342</ItemCode>
      <ItemType>1</ItemType>
      <ItemName>צלחת בענקית  תפארת  10יח שווה</ItemName>
      <ManufactureName>ח.כהן סוכנות מזון ומשקאות בע</ManufactureName>
      <ManufactureCountry />
      <ManufactureItemDescription />
      <UnitQty>י"ח</UnitQty>
      <Quantity>10</Quantity>
      <UnitMeasure>י"ח</UnitMeasure>
      <BisWeighted>0</BisWeighted>
      <QtyInPackage>1</QtyInPackage>
      <ItemPrice>16.90</ItemPrice>
      <UnitOfMeasurePrice>1.69</UnitOfMeasurePrice>
      <AllowDiscount>1</AllowDiscount>
      <itemStatus>1</itemStatus>
      <LastUpdateDate />
      <LastUpdateTime />
    </Product>
    <Product>
      <PriceUpdateDate>2018/03/14 11:48</PriceUpdateDate>
      <ItemCode>7290014206489</ItemCode>
      <ItemType>1</ItemType>
      <ItemName>מפת שולחן מוטבעת שווה</ItemName>
      <ManufactureName>ח.כהן סוכנות מזון ומשקאות בע</ManufactureName>
      <ManufactureCountry />
      <ManufactureItemDescription />
      <UnitQty>י"ח</UnitQty>
      <Quantity>6</Quantity>
      <UnitMeasure>י"ח</UnitMeasure>
      <BisWeighted>0</BisWeighted>
      <QtyInPackage>1</QtyInPackage>
      <ItemPrice>8.90</ItemPrice>
      <UnitOfMeasurePrice>1.48</UnitOfMeasurePrice>
      <AllowDiscount>1</AllowDiscount>
      <itemStatus>1</itemStatus>
      <LastUpdateDate />
      <LastUpdateTime />
    </Product>
    <Product>
      <PriceUpdateDate>2018/03/14 11:48</PriceUpdateDate>
      <ItemCode>7290014206496</ItemCode>
      <ItemType>1</ItemType>
      <ItemName>גליל מפה מוטבעת 15 מטר  שווה</ItemName>
      <ManufactureName>ח.כהן סוכנות מזון ומשקאות בע</ManufactureName>
      <ManufactureCountry />
      <ManufactureItemDescription />
      <UnitQty />
      <Quantity>1</Quantity>
      <UnitMeasure />
      <BisWeighted>0</BisWeighted>
      <QtyInPackage>1</QtyInPackage>
      <ItemPrice>29.90</ItemPrice>
      <UnitOfMeasurePrice>29.90</UnitOfMeasurePrice>
      <AllowDiscount>1</AllowDiscount>
      <itemStatus>1</itemStatus>
      <LastUpdateDate />
      <LastUpdateTime />
    </Product>
    <Product>
      <PriceUpdateDate>2018/07/30 13:26</PriceUpdateDate>
      <ItemCode>7290014206502</ItemCode>
      <ItemType>1</ItemType>
      <ItemName>שקיות אוכל בשקית 200יח שווה</ItemName>
      <ManufactureName>ח.כהן סוכנות מזון ומשקאות בע</ManufactureName>
      <ManufactureCountry />
      <ManufactureItemDescription />
      <UnitQty>י"ח</UnitQty>
      <Quantity>200</Quantity>
      <UnitMeasure>י"ח</UnitMeasure>
      <BisWeighted>0</BisWeighted>
      <QtyInPackage>1</QtyInPackage>
      <ItemPrice>3.90</ItemPrice>
      <UnitOfMeasurePrice>0.02</UnitOfMeasurePrice>
      <AllowDiscount>1</AllowDiscount>
      <itemStatus>1</itemStatus>
      <LastUpdateDate />
      <LastUpdateTime />
    </Product>
    <Product>
      <PriceUpdateDate>2018/06/13 11:32</PriceUpdateDate>
      <ItemCode>7290014206557</ItemCode>
      <ItemType>1</ItemType>
      <ItemName>קינוחיות קונכיה קטנה 1/20 שווה</ItemName>
      <ManufactureName>ח.כהן סוכנות מזון ומשקאות בע</ManufactureName>
      <ManufactureCountry />
      <ManufactureItemDescription />
      <UnitQty>י"ח</UnitQty>
      <Quantity>20</Quantity>
      <UnitMeasure>י"ח</UnitMeasure>
      <BisWeighted>0</BisWeighted>
      <QtyInPackage>1</QtyInPackage>
      <ItemPrice>8.90</ItemPrice>
      <UnitOfMeasurePrice>0.45</UnitOfMeasurePrice>
      <AllowDiscount>1</AllowDiscount>
      <itemStatus>1</itemStatus>
      <LastUpdateDate />
      <LastUpdateTime />
    </Product>
    <Product>
      <PriceUpdateDate>2018/06/13 11:32</PriceUpdateDate>
      <ItemCode>7290014206564</ItemCode>
      <ItemType>1</ItemType>
      <ItemName>קינוחיות משושה ענק 1/12 שווה</ItemName>
      <ManufactureName>ח.כהן סוכנות מזון ומשקאות בע</ManufactureName>
      <ManufactureCountry />
      <ManufactureItemDescription />
      <UnitQty>י"ח</UnitQty>
      <Quantity>12</Quantity>
      <UnitMeasure>י"ח</UnitMeasure>
      <BisWeighted>0</BisWeighted>
      <QtyInPackage>1</QtyInPackage>
      <ItemPrice>9.90</ItemPrice>
      <UnitOfMeasurePrice>0.83</UnitOfMeasurePrice>
      <AllowDiscount>1</AllowDiscount>
      <itemStatus>1</itemStatus>
      <LastUpdateDate />
      <LastUpdateTime />
    </Product>
    <Product>
      <PriceUpdateDate>2018/06/13 11:32</PriceUpdateDate>
      <ItemCode>7290014206571</ItemCode>
      <ItemType>1</ItemType>
      <ItemName>קינוחיות משולש ענק+מכסה   שווה</ItemName>
      <ManufactureName>ח.כהן סוכנות מזון ומשקאות בע</ManufactureName>
      <ManufactureCountry />
      <ManufactureItemDescription />
      <UnitQty>י"ח</UnitQty>
      <Quantity>12</Quantity>
      <UnitMeasure>י"ח</UnitMeasure>
      <BisWeighted>0</BisWeighted>
      <QtyInPackage>1</QtyInPackage>
      <ItemPrice>9.90</ItemPrice>
      <UnitOfMeasurePrice>0.83</UnitOfMeasurePrice>
      <AllowDiscount>1</AllowDiscount>
      <itemStatus>1</itemStatus>
      <LastUpdateDate />
      <LastUpdateTime />
    </Product>
    <Product>
      <PriceUpdateDate>2020/04/27 08:06</PriceUpdateDate>
      <ItemCode>7290014206601</ItemCode>
      <ItemType>1</ItemType>
      <ItemName>רדיד אלומניום קצר שלישייה שווה</ItemName>
      <ManufactureName>ח.כהן סוכנות מזון ומשקאות בע</ManufactureName>
      <ManufactureCountry />
      <ManufactureItemDescription />
      <UnitQty>י"ח</UnitQty>
      <Quantity>1</Quantity>
      <UnitMeasure>י"ח</UnitMeasure>
      <BisWeighted>0</BisWeighted>
      <QtyInPackage>1</QtyInPackage>
      <ItemPrice>12.90</ItemPrice>
      <UnitOfMeasurePrice>12.90</UnitOfMeasurePrice>
      <AllowDiscount>1</AllowDiscount>
      <itemStatus>1</itemStatus>
      <LastUpdateDate />
      <LastUpdateTime />
    </Product>
    <Product>
      <PriceUpdateDate>2018/07/30 13:26</PriceUpdateDate>
      <ItemCode>7290014206618</ItemCode>
      <ItemType>1</ItemType>
      <ItemName>צלחת ענקית במיוחד 12 הלל שווה</ItemName>
      <ManufactureName>ח.כהן סוכנות מזון ומשקאות בע</ManufactureName>
      <ManufactureCountry />
      <ManufactureItemDescription />
      <UnitQty>י"ח</UnitQty>
      <Quantity>1</Quantity>
      <UnitMeasure>י"ח</UnitMeasure>
      <BisWeighted>0</BisWeighted>
      <QtyInPackage>1</QtyInPackage>
      <ItemPrice>19.90</ItemPrice>
      <UnitOfMeasurePrice>19.90</UnitOfMeasurePrice>
      <AllowDiscount>1</AllowDiscount>
      <itemStatus>1</itemStatus>
      <LastUpdateDate />
      <LastUpdateTime />
    </Product>
    <Product>
      <PriceUpdateDate>2018/07/30 13:26</PriceUpdateDate>
      <ItemCode>7290014206649</ItemCode>
      <ItemType>1</ItemType>
      <ItemName>מגש תחרה מלבני קטן  שווה</ItemName>
      <ManufactureName>ח.כהן סוכנות מזון ומשקאות בע</ManufactureName>
      <ManufactureCountry />
      <ManufactureItemDescription />
      <UnitQty>י"ח</UnitQty>
      <Quantity>1</Quantity>
      <UnitMeasure>י"ח</UnitMeasure>
      <BisWeighted>0</BisWeighted>
      <QtyInPackage>1</QtyInPackage>
      <ItemPrice>4.90</ItemPrice>
      <UnitOfMeasurePrice>4.90</UnitOfMeasurePrice>
      <AllowDiscount>1</AllowDiscount>
      <itemStatus>1</itemStatus>
      <LastUpdateDate />
      <LastUpdateTime />
    </Product>
    <Product>
      <PriceUpdateDate>2018/07/30 13:26</PriceUpdateDate>
      <ItemCode>7290014206656</ItemCode>
      <ItemType>1</ItemType>
      <ItemName>מגש תחרה מלבני גדול שווה</ItemName>
      <ManufactureName>ח.כהן סוכנות מזון ומשקאות בע</ManufactureName>
      <ManufactureCountry />
      <ManufactureItemDescription />
      <UnitQty>י"ח</UnitQty>
      <Quantity>1</Quantity>
      <UnitMeasure>י"ח</UnitMeasure>
      <BisWeighted>0</BisWeighted>
      <QtyInPackage>1</QtyInPackage>
      <ItemPrice>7.90</ItemPrice>
      <UnitOfMeasurePrice>7.90</UnitOfMeasurePrice>
      <AllowDiscount>1</AllowDiscount>
      <itemStatus>1</itemStatus>
      <LastUpdateDate />
      <LastUpdateTime />
    </Product>
    <Product>
      <PriceUpdateDate>2018/08/07 11:23</PriceUpdateDate>
      <ItemCode>7290014206663</ItemCode>
      <ItemType>1</ItemType>
      <ItemName>מגש סגנון קריסטלי קטן 10.6 שווה</ItemName>
      <ManufactureName>ח.כהן סוכנות מזון ומשקאות בע</ManufactureName>
      <ManufactureCountry />
      <ManufactureItemDescription />
      <UnitQty>י"ח</UnitQty>
      <Quantity>1</Quantity>
      <UnitMeasure>י"ח</UnitMeasure>
      <BisWeighted>0</BisWeighted>
      <QtyInPackage>1</QtyInPackage>
      <ItemPrice>4.90</ItemPrice>
      <UnitOfMeasurePrice>4.90</UnitOfMeasurePrice>
      <AllowDiscount>1</AllowDiscount>
      <itemStatus>1</itemStatus>
      <LastUpdateDate />
      <LastUpdateTime />
    </Product>
    <Product>
      <PriceUpdateDate>2018/08/07 11:23</PriceUpdateDate>
      <ItemCode>7290014206670</ItemCode>
      <ItemType>1</ItemType>
      <ItemName>מגש סגנון קריסטלי בינוני 11.8 שווה</ItemName>
      <ManufactureName>ח.כהן סוכנות מזון ומשקאות בע</ManufactureName>
      <ManufactureCountry />
      <ManufactureItemDescription />
      <UnitQty>י"ח</UnitQty>
      <Quantity>1</Quantity>
      <UnitMeasure>י"ח</UnitMeasure>
      <BisWeighted>0</BisWeighted>
      <QtyInPackage>1</QtyInPackage>
      <ItemPrice>5.90</ItemPrice>
      <UnitOfMeasurePrice>5.90</UnitOfMeasurePrice>
      <AllowDiscount>1</AllowDiscount>
      <itemStatus>1</itemStatus>
      <LastUpdateDate />
      <LastUpdateTime />
    </Product>
    <Product>
      <PriceUpdateDate>2018/08/07 11:23</PriceUpdateDate>
      <ItemCode>7290014206687</ItemCode>
      <ItemType>1</ItemType>
      <ItemName>מגש סגנון קריסטלי גדול 13.2 שווה</ItemName>
      <ManufactureName>ח.כהן סוכנות מזון ומשקאות בע</ManufactureName>
      <ManufactureCountry />
      <ManufactureItemDescription />
      <UnitQty>י"ח</UnitQty>
      <Quantity>1</Quantity>
      <UnitMeasure>י"ח</UnitMeasure>
      <BisWeighted>0</BisWeighted>
      <QtyInPackage>1</QtyInPackage>
      <ItemPrice>6.90</ItemPrice>
      <UnitOfMeasurePrice>6.90</UnitOfMeasurePrice>
      <AllowDiscount>1</AllowDiscount>
      <itemStatus>1</itemStatus>
      <LastUpdateDate />
      <LastUpdateTime />
    </Product>
    <Product>
      <PriceUpdateDate>2018/08/07 11:23</PriceUpdateDate>
      <ItemCode>7290014206694</ItemCode>
      <ItemType>1</ItemType>
      <ItemName>מגש סגנון קריסטלי ענק 14 שווה</ItemName>
      <ManufactureName>ח.כהן סוכנות מזון ומשקאות בע</ManufactureName>
      <ManufactureCountry />
      <ManufactureItemDescription />
      <UnitQty>י"ח</UnitQty>
      <Quantity>1</Quantity>
      <UnitMeasure>י"ח</UnitMeasure>
      <BisWeighted>0</BisWeighted>
      <QtyInPackage>1</QtyInPackage>
      <ItemPrice>7.90</ItemPrice>
      <UnitOfMeasurePrice>7.90</UnitOfMeasurePrice>
      <AllowDiscount>1</AllowDiscount>
      <itemStatus>1</itemStatus>
      <LastUpdateDate />
      <LastUpdateTime />
    </Product>
    <Product>
      <PriceUpdateDate>2019/12/17 13:49</PriceUpdateDate>
      <ItemCode>7290014206724</ItemCode>
      <ItemType>1</ItemType>
      <ItemName>מגש אובלי חושן 3יח גדולים שווה</ItemName>
      <ManufactureName>ח.כהן סוכנות מזון ומשקאות בע</ManufactureName>
      <ManufactureCountry />
      <ManufactureItemDescription />
      <UnitQty>י"ח</UnitQty>
      <Quantity>3</Quantity>
      <UnitMeasure>י"ח</UnitMeasure>
      <BisWeighted>0</BisWeighted>
      <QtyInPackage>1</QtyInPackage>
      <ItemPrice>7.90</ItemPrice>
      <UnitOfMeasurePrice>2.63</UnitOfMeasurePrice>
      <AllowDiscount>1</AllowDiscount>
      <itemStatus>1</itemStatus>
      <LastUpdateDate />
      <LastUpdateTime />
    </Product>
    <Product>
      <PriceUpdateDate>2019/03/11 08:35</PriceUpdateDate>
      <ItemCode>7290014206731</ItemCode>
      <ItemType>1</ItemType>
      <ItemName>קערה אובלית חושן  10יח   "שווה"</ItemName>
      <ManufactureName>ח.כהן סוכנות מזון ומשקאות בע</ManufactureName>
      <ManufactureCountry />
      <ManufactureItemDescription />
      <UnitQty>י"ח</UnitQty>
      <Quantity>10</Quantity>
      <UnitMeasure>י"ח</UnitMeasure>
      <BisWeighted>0</BisWeighted>
      <QtyInPackage>1</QtyInPackage>
      <ItemPrice>7.90</ItemPrice>
      <UnitOfMeasurePrice>0.79</UnitOfMeasurePrice>
      <AllowDiscount>1</AllowDiscount>
      <itemStatus>1</itemStatus>
      <LastUpdateDate />
      <LastUpdateTime />
    </Product>
    <Product>
      <PriceUpdateDate>2018/08/29 08:54</PriceUpdateDate>
      <ItemCode>7290014206748</ItemCode>
      <ItemType>1</ItemType>
      <ItemName>צלחת בינוני "חושן"  "שווה" 10יח</ItemName>
      <ManufactureName>ח.כהן סוכנות מזון ומשקאות בע</ManufactureName>
      <ManufactureCountry />
      <ManufactureItemDescription />
      <UnitQty>י"ח</UnitQty>
      <Quantity>10</Quantity>
      <UnitMeasure>י"ח</UnitMeasure>
      <BisWeighted>0</BisWeighted>
      <QtyInPackage>1</QtyInPackage>
      <ItemPrice>9.90</ItemPrice>
      <UnitOfMeasurePrice>0.99</UnitOfMeasurePrice>
      <AllowDiscount>1</AllowDiscount>
      <itemStatus>1</itemStatus>
      <LastUpdateDate />
      <LastUpdateTime />
    </Product>
    <Product>
      <PriceUpdateDate>2018/08/29 08:54</PriceUpdateDate>
      <ItemCode>7290014206755</ItemCode>
      <ItemType>1</ItemType>
      <ItemName>צלחת גדולה "חושן"  "שווה" 10יח</ItemName>
      <ManufactureName>ח.כהן סוכנות מזון ומשקאות בע</ManufactureName>
      <ManufactureCountry />
      <ManufactureItemDescription />
      <UnitQty>י"ח</UnitQty>
      <Quantity>10</Quantity>
      <UnitMeasure>י"ח</UnitMeasure>
      <BisWeighted>0</BisWeighted>
      <QtyInPackage>1</QtyInPackage>
      <ItemPrice>14.90</ItemPrice>
      <UnitOfMeasurePrice>1.49</UnitOfMeasurePrice>
      <AllowDiscount>1</AllowDiscount>
      <itemStatus>1</itemStatus>
      <LastUpdateDate />
      <LastUpdateTime />
    </Product>
    <Product>
      <PriceUpdateDate>2018/08/29 08:54</PriceUpdateDate>
      <ItemCode>7290014206762</ItemCode>
      <ItemType>1</ItemType>
      <ItemName>צלחת ענקית "חושן"  "שווה" 10יח</ItemName>
      <ManufactureName>ח.כהן סוכנות מזון ומשקאות בע</ManufactureName>
      <ManufactureCountry />
      <ManufactureItemDescription />
      <UnitQty>י"ח</UnitQty>
      <Quantity>10</Quantity>
      <UnitMeasure>י"ח</UnitMeasure>
      <BisWeighted>0</BisWeighted>
      <QtyInPackage>1</QtyInPackage>
      <ItemPrice>19.90</ItemPrice>
      <UnitOfMeasurePrice>1.99</UnitOfMeasurePrice>
      <AllowDiscount>1</AllowDiscount>
      <itemStatus>1</itemStatus>
      <LastUpdateDate />
      <LastUpdateTime />
    </Product>
    <Product>
      <PriceUpdateDate>2018/08/29 08:54</PriceUpdateDate>
      <ItemCode>7290014206779</ItemCode>
      <ItemType>1</ItemType>
      <ItemName>מרקיה "חושן"  "שווה" 10יח</ItemName>
      <ManufactureName>ח.כהן סוכנות מזון ומשקאות בע</ManufactureName>
      <ManufactureCountry />
      <ManufactureItemDescription />
      <UnitQty>י"ח</UnitQty>
      <Quantity>10</Quantity>
      <UnitMeasure>י"ח</UnitMeasure>
      <BisWeighted>0</BisWeighted>
      <QtyInPackage>1</QtyInPackage>
      <ItemPrice>13.90</ItemPrice>
      <UnitOfMeasurePrice>1.39</UnitOfMeasurePrice>
      <AllowDiscount>1</AllowDiscount>
      <itemStatus>1</itemStatus>
      <LastUpdateDate />
      <LastUpdateTime />
    </Product>
    <Product>
      <PriceUpdateDate>2019/03/11 08:35</PriceUpdateDate>
      <ItemCode>7290014206786</ItemCode>
      <ItemType>1</ItemType>
      <ItemName>לפתניה סדרת חושן  10יח   "שווה"</ItemName>
      <ManufactureName>ח.כהן סוכנות מזון ומשקאות בע</ManufactureName>
      <ManufactureCountry />
      <ManufactureItemDescription />
      <UnitQty>י"ח</UnitQty>
      <Quantity>10</Quantity>
      <UnitMeasure>י"ח</UnitMeasure>
      <BisWeighted>0</BisWeighted>
      <QtyInPackage>1</QtyInPackage>
      <ItemPrice>7.90</ItemPrice>
      <UnitOfMeasurePrice>0.79</UnitOfMeasurePrice>
      <AllowDiscount>1</AllowDiscount>
      <itemStatus>1</itemStatus>
      <LastUpdateDate />
      <LastUpdateTime />
    </Product>
    <Product>
      <PriceUpdateDate>2018/08/26 09:36</PriceUpdateDate>
      <ItemCode>7290014206915</ItemCode>
      <ItemType>1</ItemType>
      <ItemName>לפתניה קשוף  "שווה" 20יח</ItemName>
      <ManufactureName>ח.כהן סוכנות מזון ומשקאות בע</ManufactureName>
      <ManufactureCountry />
      <ManufactureItemDescription />
      <UnitQty>י"ח</UnitQty>
      <Quantity>2000</Quantity>
      <UnitMeasure>ל  גרם</UnitMeasure>
      <BisWeighted>0</BisWeighted>
      <QtyInPackage>1</QtyInPackage>
      <ItemPrice>4.90</ItemPrice>
      <UnitOfMeasurePrice>0.25</UnitOfMeasurePrice>
      <AllowDiscount>1</AllowDiscount>
      <itemStatus>1</itemStatus>
      <LastUpdateDate />
      <LastUpdateTime />
    </Product>
    <Product>
      <PriceUpdateDate>2018/08/26 09:36</PriceUpdateDate>
      <ItemCode>7290014206922</ItemCode>
      <ItemType>1</ItemType>
      <ItemName>קערית אובלית קשוף  "שווה" 20יח</ItemName>
      <ManufactureName>ח.כהן סוכנות מזון ומשקאות בע</ManufactureName>
      <ManufactureCountry />
      <ManufactureItemDescription />
      <UnitQty>י"ח</UnitQty>
      <Quantity>2000</Quantity>
      <UnitMeasure>ל  גרם</UnitMeasure>
      <BisWeighted>0</BisWeighted>
      <QtyInPackage>1</QtyInPackage>
      <ItemPrice>5.90</ItemPrice>
      <UnitOfMeasurePrice>0.30</UnitOfMeasurePrice>
      <AllowDiscount>1</AllowDiscount>
      <itemStatus>1</itemStatus>
      <LastUpdateDate />
      <LastUpdateTime />
    </Product>
    <Product>
      <PriceUpdateDate>2018/08/26 09:36</PriceUpdateDate>
      <ItemCode>7290014206939</ItemCode>
      <ItemType>1</ItemType>
      <ItemName>מרקיה קשופה  "שווה" 20יח</ItemName>
      <ManufactureName>ח.כהן סוכנות מזון ומשקאות בע</ManufactureName>
      <ManufactureCountry />
      <ManufactureItemDescription />
      <UnitQty>י"ח</UnitQty>
      <Quantity>2000</Quantity>
      <UnitMeasure>ל  גרם</UnitMeasure>
      <BisWeighted>0</BisWeighted>
      <QtyInPackage>1</QtyInPackage>
      <ItemPrice>7.90</ItemPrice>
      <UnitOfMeasurePrice>0.40</UnitOfMeasurePrice>
      <AllowDiscount>1</AllowDiscount>
      <itemStatus>1</itemStatus>
      <LastUpdateDate />
      <LastUpdateTime />
    </Product>
    <Product>
      <PriceUpdateDate>2018/08/26 09:36</PriceUpdateDate>
      <ItemCode>7290014206946</ItemCode>
      <ItemType>1</ItemType>
      <ItemName>צלחת קטנה קשופה  "שווה" 20יח</ItemName>
      <ManufactureName>ח.כהן סוכנות מזון ומשקאות בע</ManufactureName>
      <ManufactureCountry />
      <ManufactureItemDescription />
      <UnitQty>י"ח</UnitQty>
      <Quantity>2000</Quantity>
      <UnitMeasure>ל  גרם</UnitMeasure>
      <BisWeighted>0</BisWeighted>
      <QtyInPackage>1</QtyInPackage>
      <ItemPrice>6.90</ItemPrice>
      <UnitOfMeasurePrice>0.35</UnitOfMeasurePrice>
      <AllowDiscount>1</AllowDiscount>
      <itemStatus>1</itemStatus>
      <LastUpdateDate />
      <LastUpdateTime />
    </Product>
    <Product>
      <PriceUpdateDate>2018/08/26 09:36</PriceUpdateDate>
      <ItemCode>7290014206953</ItemCode>
      <ItemType>1</ItemType>
      <ItemName>צלחת גדולה קשופה  "שווה" 20יח</ItemName>
      <ManufactureName>ח.כהן סוכנות מזון ומשקאות בע</ManufactureName>
      <ManufactureCountry />
      <ManufactureItemDescription />
      <UnitQty>י"ח</UnitQty>
      <Quantity>2000</Quantity>
      <UnitMeasure>ל  גרם</UnitMeasure>
      <BisWeighted>0</BisWeighted>
      <QtyInPackage>1</QtyInPackage>
      <ItemPrice>9.90</ItemPrice>
      <UnitOfMeasurePrice>0.50</UnitOfMeasurePrice>
      <AllowDiscount>1</AllowDiscount>
      <itemStatus>1</itemStatus>
      <LastUpdateDate />
      <LastUpdateTime />
    </Product>
    <Product>
      <PriceUpdateDate>2018/08/26 09:36</PriceUpdateDate>
      <ItemCode>7290014206960</ItemCode>
      <ItemType>1</ItemType>
      <ItemName>צלחת ענקית קשופה  "שווה" 20יח</ItemName>
      <ManufactureName>ח.כהן סוכנות מזון ומשקאות בע</ManufactureName>
      <ManufactureCountry />
      <ManufactureItemDescription />
      <UnitQty>י"ח</UnitQty>
      <Quantity>2000</Quantity>
      <UnitMeasure>ל  גרם</UnitMeasure>
      <BisWeighted>0</BisWeighted>
      <QtyInPackage>1</QtyInPackage>
      <ItemPrice>16.90</ItemPrice>
      <UnitOfMeasurePrice>0.85</UnitOfMeasurePrice>
      <AllowDiscount>1</AllowDiscount>
      <itemStatus>1</itemStatus>
      <LastUpdateDate />
      <LastUpdateTime />
    </Product>
    <Product>
      <PriceUpdateDate>2018/08/26 09:36</PriceUpdateDate>
      <ItemCode>7290014206977</ItemCode>
      <ItemType>1</ItemType>
      <ItemName>מגש אובלי בינוני קשוף  "שווה" 10יח</ItemName>
      <ManufactureName>ח.כהן סוכנות מזון ומשקאות בע</ManufactureName>
      <ManufactureCountry />
      <ManufactureItemDescription />
      <UnitQty>י"ח</UnitQty>
      <Quantity>10</Quantity>
      <UnitMeasure>י"ח</UnitMeasure>
      <BisWeighted>0</BisWeighted>
      <QtyInPackage>1</QtyInPackage>
      <ItemPrice>10.90</ItemPrice>
      <UnitOfMeasurePrice>1.09</UnitOfMeasurePrice>
      <AllowDiscount>1</AllowDiscount>
      <itemStatus>1</itemStatus>
      <LastUpdateDate />
      <LastUpdateTime />
    </Product>
    <Product>
      <PriceUpdateDate>2018/08/26 09:36</PriceUpdateDate>
      <ItemCode>7290014206984</ItemCode>
      <ItemType>1</ItemType>
      <ItemName>קערת סלט ענקית קשופה  "שווה" 10יח</ItemName>
      <ManufactureName>ח.כהן סוכנות מזון ומשקאות בע</ManufactureName>
      <ManufactureCountry />
      <ManufactureItemDescription />
      <UnitQty>י"ח</UnitQty>
      <Quantity>10</Quantity>
      <UnitMeasure>י"ח</UnitMeasure>
      <BisWeighted>0</BisWeighted>
      <QtyInPackage>1</QtyInPackage>
      <ItemPrice>9.90</ItemPrice>
      <UnitOfMeasurePrice>0.99</UnitOfMeasurePrice>
      <AllowDiscount>1</AllowDiscount>
      <itemStatus>1</itemStatus>
      <LastUpdateDate />
      <LastUpdateTime />
    </Product>
    <Product>
      <PriceUpdateDate>2014/12/12 07:16</PriceUpdateDate>
      <ItemCode>7290014218086</ItemCode>
      <ItemType>1</ItemType>
      <ItemName>זוג פיצה משפחתי בחבק</ItemName>
      <ManufactureName>תנובה בשר</ManufactureName>
      <ManufactureCountry />
      <ManufactureItemDescription />
      <UnitQty>י"ח</UnitQty>
      <Quantity>50</Quantity>
      <UnitMeasure>ל  גרם</UnitMeasure>
      <BisWeighted>0</BisWeighted>
      <QtyInPackage>1</QtyInPackage>
      <ItemPrice>30.90</ItemPrice>
      <UnitOfMeasurePrice>61.80</UnitOfMeasurePrice>
      <AllowDiscount>1</AllowDiscount>
      <itemStatus>1</itemStatus>
      <LastUpdateDate />
      <LastUpdateTime />
    </Product>
    <Product>
      <PriceUpdateDate>2018/12/30 09:44</PriceUpdateDate>
      <ItemCode>7290014218093</ItemCode>
      <ItemType>1</ItemType>
      <ItemName>פיצה מקמח מלא 500ג</ItemName>
      <ManufactureName>תנובה בשר</ManufactureName>
      <ManufactureCountry />
      <ManufactureItemDescription />
      <UnitQty>י"ח</UnitQty>
      <Quantity>50</Quantity>
      <UnitMeasure>ל  גרם</UnitMeasure>
      <BisWeighted>0</BisWeighted>
      <QtyInPackage>1</QtyInPackage>
      <ItemPrice>25.90</ItemPrice>
      <UnitOfMeasurePrice>51.80</UnitOfMeasurePrice>
      <AllowDiscount>1</AllowDiscount>
      <itemStatus>1</itemStatus>
      <LastUpdateDate />
      <LastUpdateTime />
    </Product>
    <Product>
      <PriceUpdateDate>2016/03/07 14:34</PriceUpdateDate>
      <ItemCode>7290014218130</ItemCode>
      <ItemType>1</ItemType>
      <ItemName>פיצה דקה מעדנות{</ItemName>
      <ManufactureName>תנובה בשר</ManufactureName>
      <ManufactureCountry />
      <ManufactureItemDescription />
      <UnitQty>י"ח</UnitQty>
      <Quantity>380</Quantity>
      <UnitMeasure>ל  גרם</UnitMeasure>
      <BisWeighted>0</BisWeighted>
      <QtyInPackage>1</QtyInPackage>
      <ItemPrice>14.90</ItemPrice>
      <UnitOfMeasurePrice>3.92</UnitOfMeasurePrice>
      <AllowDiscount>1</AllowDiscount>
      <itemStatus>1</itemStatus>
      <LastUpdateDate />
      <LastUpdateTime />
    </Product>
    <Product>
      <PriceUpdateDate>2016/03/07 14:34</PriceUpdateDate>
      <ItemCode>7290014218154</ItemCode>
      <ItemType>1</ItemType>
      <ItemName>פיצה דקה בתיבול שום 410ג</ItemName>
      <ManufactureName>תנובה בשר</ManufactureName>
      <ManufactureCountry />
      <ManufactureItemDescription />
      <UnitQty>י"ח</UnitQty>
      <Quantity>410</Quantity>
      <UnitMeasure>ל  גרם</UnitMeasure>
      <BisWeighted>0</BisWeighted>
      <QtyInPackage>1</QtyInPackage>
      <ItemPrice>14.90</ItemPrice>
      <UnitOfMeasurePrice>3.63</UnitOfMeasurePrice>
      <AllowDiscount>1</AllowDiscount>
      <itemStatus>1</itemStatus>
      <LastUpdateDate />
      <LastUpdateTime />
    </Product>
    <Product>
      <PriceUpdateDate>2015/06/28 10:17</PriceUpdateDate>
      <ItemCode>7290014218178</ItemCode>
      <ItemType>1</ItemType>
      <ItemName>פיצה אישית מלבן  200ג</ItemName>
      <ManufactureName>תנובה בשר</ManufactureName>
      <ManufactureCountry />
      <ManufactureItemDescription />
      <UnitQty>י"ח</UnitQty>
      <Quantity>200</Quantity>
      <UnitMeasure>ל  גרם</UnitMeasure>
      <BisWeighted>0</BisWeighted>
      <QtyInPackage>1</QtyInPackage>
      <ItemPrice>5.50</ItemPrice>
      <UnitOfMeasurePrice>2.75</UnitOfMeasurePrice>
      <AllowDiscount>1</AllowDiscount>
      <itemStatus>1</itemStatus>
      <LastUpdateDate />
      <LastUpdateTime />
    </Product>
    <Product>
      <PriceUpdateDate>2018/07/15 15:22</PriceUpdateDate>
      <ItemCode>7290014218215</ItemCode>
      <ItemType>1</ItemType>
      <ItemName>מיני מלאווח 530 ג}מעדנות{</ItemName>
      <ManufactureName>תנובה בשר</ManufactureName>
      <ManufactureCountry />
      <ManufactureItemDescription />
      <UnitQty>י"ח</UnitQty>
      <Quantity>530</Quantity>
      <UnitMeasure>ל  גרם</UnitMeasure>
      <BisWeighted>0</BisWeighted>
      <QtyInPackage>1</QtyInPackage>
      <ItemPrice>12.90</ItemPrice>
      <UnitOfMeasurePrice>2.43</UnitOfMeasurePrice>
      <AllowDiscount>1</AllowDiscount>
      <itemStatus>1</itemStatus>
      <LastUpdateDate />
      <LastUpdateTime />
    </Product>
    <Product>
      <PriceUpdateDate>2015/06/28 10:17</PriceUpdateDate>
      <ItemCode>7290014218222</ItemCode>
      <ItemType>1</ItemType>
      <ItemName>מלוואח 234ג</ItemName>
      <ManufactureName>תנובה בשר</ManufactureName>
      <ManufactureCountry />
      <ManufactureItemDescription />
      <UnitQty>י"ח</UnitQty>
      <Quantity>234</Quantity>
      <UnitMeasure>ל  גרם</UnitMeasure>
      <BisWeighted>0</BisWeighted>
      <QtyInPackage>1</QtyInPackage>
      <ItemPrice>5.50</ItemPrice>
      <UnitOfMeasurePrice>2.35</UnitOfMeasurePrice>
      <AllowDiscount>1</AllowDiscount>
      <itemStatus>1</itemStatus>
      <LastUpdateDate />
      <LastUpdateTime />
    </Product>
    <Product>
      <PriceUpdateDate>2015/06/28 10:17</PriceUpdateDate>
      <ItemCode>7290014218239</ItemCode>
      <ItemType>1</ItemType>
      <ItemName>בורקס תפו"א   200ג</ItemName>
      <ManufactureName>תנובה בשר</ManufactureName>
      <ManufactureCountry />
      <ManufactureItemDescription />
      <UnitQty>י"ח</UnitQty>
      <Quantity>180</Quantity>
      <UnitMeasure>ל  גרם</UnitMeasure>
      <BisWeighted>0</BisWeighted>
      <QtyInPackage>1</QtyInPackage>
      <ItemPrice>5.50</ItemPrice>
      <UnitOfMeasurePrice>3.06</UnitOfMeasurePrice>
      <AllowDiscount>1</AllowDiscount>
      <itemStatus>1</itemStatus>
      <LastUpdateDate />
      <LastUpdateTime />
    </Product>
    <Product>
      <PriceUpdateDate>2015/06/28 10:17</PriceUpdateDate>
      <ItemCode>7290014218246</ItemCode>
      <ItemType>1</ItemType>
      <ItemName>בורקס גבינה   200ג</ItemName>
      <ManufactureName>תנובה בשר</ManufactureName>
      <ManufactureCountry />
      <ManufactureItemDescription />
      <UnitQty>י"ח</UnitQty>
      <Quantity>180</Quantity>
      <UnitMeasure>ל  גרם</UnitMeasure>
      <BisWeighted>0</BisWeighted>
      <QtyInPackage>1</QtyInPackage>
      <ItemPrice>5.50</ItemPrice>
      <UnitOfMeasurePrice>3.06</UnitOfMeasurePrice>
      <AllowDiscount>1</AllowDiscount>
      <itemStatus>1</itemStatus>
      <LastUpdateDate />
      <LastUpdateTime />
    </Product>
    <Product>
      <PriceUpdateDate>2015/10/18 12:44</PriceUpdateDate>
      <ItemCode>7290014218291</ItemCode>
      <ItemType>1</ItemType>
      <ItemName>בצק פילו 500גר</ItemName>
      <ManufactureName>תנובה בשר</ManufactureName>
      <ManufactureCountry />
      <ManufactureItemDescription />
      <UnitQty>י"ח</UnitQty>
      <Quantity>500</Quantity>
      <UnitMeasure>ל  גרם</UnitMeasure>
      <BisWeighted>0</BisWeighted>
      <QtyInPackage>1</QtyInPackage>
      <ItemPrice>21.90</ItemPrice>
      <UnitOfMeasurePrice>4.38</UnitOfMeasurePrice>
      <AllowDiscount>1</AllowDiscount>
      <itemStatus>1</itemStatus>
      <LastUpdateDate />
      <LastUpdateTime />
    </Product>
    <Product>
      <PriceUpdateDate>2015/10/18 12:44</PriceUpdateDate>
      <ItemCode>7290014218307</ItemCode>
      <ItemType>1</ItemType>
      <ItemName>בצק פילו עם קמח מלא 500גר</ItemName>
      <ManufactureName>תנובה בשר</ManufactureName>
      <ManufactureCountry />
      <ManufactureItemDescription />
      <UnitQty>י"ח</UnitQty>
      <Quantity>500</Quantity>
      <UnitMeasure>ל  גרם</UnitMeasure>
      <BisWeighted>0</BisWeighted>
      <QtyInPackage>1</QtyInPackage>
      <ItemPrice>21.90</ItemPrice>
      <UnitOfMeasurePrice>4.38</UnitOfMeasurePrice>
      <AllowDiscount>1</AllowDiscount>
      <itemStatus>1</itemStatus>
      <LastUpdateDate />
      <LastUpdateTime />
    </Product>
    <Product>
      <PriceUpdateDate>2015/11/18 09:21</PriceUpdateDate>
      <ItemCode>7290014218314</ItemCode>
      <ItemType>1</ItemType>
      <ItemName>מאגדת בורקס עלים תפו"א 1.6ק"ג</ItemName>
      <ManufactureName>תנובה בשר</ManufactureName>
      <ManufactureCountry />
      <ManufactureItemDescription />
      <UnitQty>י"ח</UnitQty>
      <Quantity>1.60</Quantity>
      <UnitMeasure>ק"ג</UnitMeasure>
      <BisWeighted>0</BisWeighted>
      <QtyInPackage>1</QtyInPackage>
      <ItemPrice>28.90</ItemPrice>
      <UnitOfMeasurePrice>18.06</UnitOfMeasurePrice>
      <AllowDiscount>1</AllowDiscount>
      <itemStatus>1</itemStatus>
      <LastUpdateDate />
      <LastUpdateTime />
    </Product>
    <Product>
      <PriceUpdateDate>2018/07/15 15:22</PriceUpdateDate>
      <ItemCode>7290014218321</ItemCode>
      <ItemType>1</ItemType>
      <ItemName>בורקס  יפו מעדנות גבינה 600ג</ItemName>
      <ManufactureName>תנובה בשר</ManufactureName>
      <ManufactureCountry />
      <ManufactureItemDescription />
      <UnitQty>י"ח</UnitQty>
      <Quantity>600</Quantity>
      <UnitMeasure>ל  גרם</UnitMeasure>
      <BisWeighted>0</BisWeighted>
      <QtyInPackage>1</QtyInPackage>
      <ItemPrice>18.90</ItemPrice>
      <UnitOfMeasurePrice>3.15</UnitOfMeasurePrice>
      <AllowDiscount>1</AllowDiscount>
      <itemStatus>1</itemStatus>
      <LastUpdateDate />
      <LastUpdateTime />
    </Product>
    <Product>
      <PriceUpdateDate>2016/01/10 10:28</PriceUpdateDate>
      <ItemCode>7290014218338</ItemCode>
      <ItemType>1</ItemType>
      <ItemName>בורקס יפו מעדנות תפו"א  600ג</ItemName>
      <ManufactureName>תנובה בשר</ManufactureName>
      <ManufactureCountry />
      <ManufactureItemDescription />
      <UnitQty>י"ח</UnitQty>
      <Quantity>600</Quantity>
      <UnitMeasure>ל  גרם</UnitMeasure>
      <BisWeighted>0</BisWeighted>
      <QtyInPackage>1</QtyInPackage>
      <ItemPrice>15.90</ItemPrice>
      <UnitOfMeasurePrice>2.65</UnitOfMeasurePrice>
      <AllowDiscount>1</AllowDiscount>
      <itemStatus>1</itemStatus>
      <LastUpdateDate />
      <LastUpdateTime />
    </Product>
    <Product>
      <PriceUpdateDate>2016/04/15 09:23</PriceUpdateDate>
      <ItemCode>7290014218406</ItemCode>
      <ItemType>1</ItemType>
      <ItemName>בצק שמרים עלים חמאה</ItemName>
      <ManufactureName>תנובה בשר</ManufactureName>
      <ManufactureCountry />
      <ManufactureItemDescription />
      <UnitQty>י"ח</UnitQty>
      <Quantity>600</Quantity>
      <UnitMeasure>ל  גרם</UnitMeasure>
      <BisWeighted>0</BisWeighted>
      <QtyInPackage>1</QtyInPackage>
      <ItemPrice>26.90</ItemPrice>
      <UnitOfMeasurePrice>4.48</UnitOfMeasurePrice>
      <AllowDiscount>1</AllowDiscount>
      <itemStatus>1</itemStatus>
      <LastUpdateDate />
      <LastUpdateTime />
    </Product>
    <Product>
      <PriceUpdateDate>2016/04/15 09:23</PriceUpdateDate>
      <ItemCode>7290014218413</ItemCode>
      <ItemType>1</ItemType>
      <ItemName>בצק פריך מתוק חמאה</ItemName>
      <ManufactureName>תנובה בשר</ManufactureName>
      <ManufactureCountry />
      <ManufactureItemDescription />
      <UnitQty>י"ח</UnitQty>
      <Quantity>600</Quantity>
      <UnitMeasure>ל  גרם</UnitMeasure>
      <BisWeighted>0</BisWeighted>
      <QtyInPackage>1</QtyInPackage>
      <ItemPrice>26.90</ItemPrice>
      <UnitOfMeasurePrice>4.48</UnitOfMeasurePrice>
      <AllowDiscount>1</AllowDiscount>
      <itemStatus>1</itemStatus>
      <LastUpdateDate />
      <LastUpdateTime />
    </Product>
    <Product>
      <PriceUpdateDate>2016/07/20 10:49</PriceUpdateDate>
      <ItemCode>7290014218475</ItemCode>
      <ItemType>1</ItemType>
      <ItemName>חטיפי פיצה גבינה על בסיס קמח מלא מעדנות</ItemName>
      <ManufactureName>תנובה בשר</ManufactureName>
      <ManufactureCountry />
      <ManufactureItemDescription />
      <UnitQty>י"ח</UnitQty>
      <Quantity>650</Quantity>
      <UnitMeasure>ל  גרם</UnitMeasure>
      <BisWeighted>0</BisWeighted>
      <QtyInPackage>1</QtyInPackage>
      <ItemPrice>29.90</ItemPrice>
      <UnitOfMeasurePrice>4.60</UnitOfMeasurePrice>
      <AllowDiscount>1</AllowDiscount>
      <itemStatus>1</itemStatus>
      <LastUpdateDate />
      <LastUpdateTime />
    </Product>
    <Product>
      <PriceUpdateDate>2016/06/10 09:58</PriceUpdateDate>
      <ItemCode>7290014218482</ItemCode>
      <ItemType>1</ItemType>
      <ItemName>חטיפי פיצה גבינה בד"צ650ג</ItemName>
      <ManufactureName>תנובה בשר</ManufactureName>
      <ManufactureCountry />
      <ManufactureItemDescription />
      <UnitQty>י"ח</UnitQty>
      <Quantity>650</Quantity>
      <UnitMeasure>ל  גרם</UnitMeasure>
      <BisWeighted>0</BisWeighted>
      <QtyInPackage>1</QtyInPackage>
      <ItemPrice>34.90</ItemPrice>
      <UnitOfMeasurePrice>5.37</UnitOfMeasurePrice>
      <AllowDiscount>1</AllowDiscount>
      <itemStatus>1</itemStatus>
      <LastUpdateDate />
      <LastUpdateTime />
    </Product>
    <Product>
      <PriceUpdateDate>2018/07/01 11:51</PriceUpdateDate>
      <ItemCode>7290014218499</ItemCode>
      <ItemType>1</ItemType>
      <ItemName>פיצה משפחתית גבינה 500ג בד"צ</ItemName>
      <ManufactureName>תנובה בשר</ManufactureName>
      <ManufactureCountry />
      <ManufactureItemDescription />
      <UnitQty>י"ח</UnitQty>
      <Quantity>1.08</Quantity>
      <UnitMeasure>ק"ג</UnitMeasure>
      <BisWeighted>0</BisWeighted>
      <QtyInPackage>1</QtyInPackage>
      <ItemPrice>23.90</ItemPrice>
      <UnitOfMeasurePrice>22.13</UnitOfMeasurePrice>
      <AllowDiscount>1</AllowDiscount>
      <itemStatus>1</itemStatus>
      <LastUpdateDate />
      <LastUpdateTime />
    </Product>
    <Product>
      <PriceUpdateDate>2019/09/02 08:10</PriceUpdateDate>
      <ItemCode>7290014218505</ItemCode>
      <ItemType>1</ItemType>
      <ItemName>שלישיית פיצות בחבק *360ג</ItemName>
      <ManufactureName>תנובה בשר</ManufactureName>
      <ManufactureCountry />
      <ManufactureItemDescription />
      <UnitQty>י"ח</UnitQty>
      <Quantity>1.08</Quantity>
      <UnitMeasure>ק"ג</UnitMeasure>
      <BisWeighted>0</BisWeighted>
      <QtyInPackage>1</QtyInPackage>
      <ItemPrice>29.90</ItemPrice>
      <UnitOfMeasurePrice>27.69</UnitOfMeasurePrice>
      <AllowDiscount>1</AllowDiscount>
      <itemStatus>1</itemStatus>
      <LastUpdateDate />
      <LastUpdateTime />
    </Product>
    <Product>
      <PriceUpdateDate>2016/12/08 09:01</PriceUpdateDate>
      <ItemCode>7290014218536</ItemCode>
      <ItemType>1</ItemType>
      <ItemName>בצק עלים מופחת שומן 1ק"ג</ItemName>
      <ManufactureName>תנובה בשר</ManufactureName>
      <ManufactureCountry />
      <ManufactureItemDescription />
      <UnitQty>י"ח</UnitQty>
      <Quantity>1</Quantity>
      <UnitMeasure>ק"ג</UnitMeasure>
      <BisWeighted>0</BisWeighted>
      <QtyInPackage>1</QtyInPackage>
      <ItemPrice>21.90</ItemPrice>
      <UnitOfMeasurePrice>21.90</UnitOfMeasurePrice>
      <AllowDiscount>1</AllowDiscount>
      <itemStatus>1</itemStatus>
      <LastUpdateDate />
      <LastUpdateTime />
    </Product>
    <Product>
      <PriceUpdateDate>2016/12/08 09:01</PriceUpdateDate>
      <ItemCode>7290014218543</ItemCode>
      <ItemType>1</ItemType>
      <ItemName>פיצה ביאנקה ברוטב שמנת ותרד</ItemName>
      <ManufactureName>תנובה בשר</ManufactureName>
      <ManufactureCountry />
      <ManufactureItemDescription />
      <UnitQty>י"ח</UnitQty>
      <Quantity>560</Quantity>
      <UnitMeasure>ל  גרם</UnitMeasure>
      <BisWeighted>0</BisWeighted>
      <QtyInPackage>1</QtyInPackage>
      <ItemPrice>24.90</ItemPrice>
      <UnitOfMeasurePrice>4.45</UnitOfMeasurePrice>
      <AllowDiscount>1</AllowDiscount>
      <itemStatus>1</itemStatus>
      <LastUpdateDate />
      <LastUpdateTime />
    </Product>
    <Product>
      <PriceUpdateDate>2018/07/15 15:22</PriceUpdateDate>
      <ItemCode>7290014218550</ItemCode>
      <ItemType>1</ItemType>
      <ItemName>בורקס  יפו תרד וגבינה600ג</ItemName>
      <ManufactureName>תנובה בשר</ManufactureName>
      <ManufactureCountry />
      <ManufactureItemDescription />
      <UnitQty>י"ח</UnitQty>
      <Quantity>600</Quantity>
      <UnitMeasure>ל  גרם</UnitMeasure>
      <BisWeighted>0</BisWeighted>
      <QtyInPackage>1</QtyInPackage>
      <ItemPrice>21.90</ItemPrice>
      <UnitOfMeasurePrice>3.65</UnitOfMeasurePrice>
      <AllowDiscount>1</AllowDiscount>
      <itemStatus>1</itemStatus>
      <LastUpdateDate />
      <LastUpdateTime />
    </Product>
    <Product>
      <PriceUpdateDate>2017/05/11 10:18</PriceUpdateDate>
      <ItemCode>7290014218567</ItemCode>
      <ItemType>1</ItemType>
      <ItemName>שטרודל תפוח עץ  600ג</ItemName>
      <ManufactureName>תנובה בשר</ManufactureName>
      <ManufactureCountry />
      <ManufactureItemDescription />
      <UnitQty>י"ח</UnitQty>
      <Quantity>600</Quantity>
      <UnitMeasure>ל  גרם</UnitMeasure>
      <BisWeighted>0</BisWeighted>
      <QtyInPackage>1</QtyInPackage>
      <ItemPrice>19.90</ItemPrice>
      <UnitOfMeasurePrice>3.32</UnitOfMeasurePrice>
      <AllowDiscount>1</AllowDiscount>
      <itemStatus>1</itemStatus>
      <LastUpdateDate />
      <LastUpdateTime />
    </Product>
    <Product>
      <PriceUpdateDate>2018/07/15 15:22</PriceUpdateDate>
      <ItemCode>7290014218581</ItemCode>
      <ItemType>1</ItemType>
      <ItemName>פוקצה 600ג</ItemName>
      <ManufactureName>תנובה בשר</ManufactureName>
      <ManufactureCountry />
      <ManufactureItemDescription />
      <UnitQty>י"ח</UnitQty>
      <Quantity>600</Quantity>
      <UnitMeasure>ל  גרם</UnitMeasure>
      <BisWeighted>0</BisWeighted>
      <QtyInPackage>1</QtyInPackage>
      <ItemPrice>14.90</ItemPrice>
      <UnitOfMeasurePrice>2.48</UnitOfMeasurePrice>
      <AllowDiscount>1</AllowDiscount>
      <itemStatus>1</itemStatus>
      <LastUpdateDate />
      <LastUpdateTime />
    </Product>
    <Product>
      <PriceUpdateDate>2017/05/11 10:18</PriceUpdateDate>
      <ItemCode>7290014218598</ItemCode>
      <ItemType>1</ItemType>
      <ItemName>פוקצה מקמח מלא 600ג</ItemName>
      <ManufactureName>תנובה בשר</ManufactureName>
      <ManufactureCountry />
      <ManufactureItemDescription />
      <UnitQty>י"ח</UnitQty>
      <Quantity>600</Quantity>
      <UnitMeasure>ל  גרם</UnitMeasure>
      <BisWeighted>0</BisWeighted>
      <QtyInPackage>1</QtyInPackage>
      <ItemPrice>13.90</ItemPrice>
      <UnitOfMeasurePrice>2.32</UnitOfMeasurePrice>
      <AllowDiscount>1</AllowDiscount>
      <itemStatus>1</itemStatus>
      <LastUpdateDate />
      <LastUpdateTime />
    </Product>
    <Product>
      <PriceUpdateDate>2018/07/15 15:22</PriceUpdateDate>
      <ItemCode>7290014218611</ItemCode>
      <ItemType>1</ItemType>
      <ItemName>פיצה עם בצק עגבניות מעדנות 460ג</ItemName>
      <ManufactureName>תנובה בשר</ManufactureName>
      <ManufactureCountry />
      <ManufactureItemDescription />
      <UnitQty>י"ח</UnitQty>
      <Quantity>460</Quantity>
      <UnitMeasure>ל  גרם</UnitMeasure>
      <BisWeighted>0</BisWeighted>
      <QtyInPackage>1</QtyInPackage>
      <ItemPrice>25.90</ItemPrice>
      <UnitOfMeasurePrice>5.63</UnitOfMeasurePrice>
      <AllowDiscount>1</AllowDiscount>
      <itemStatus>1</itemStatus>
      <LastUpdateDate />
      <LastUpdateTime />
    </Product>
    <Product>
      <PriceUpdateDate>2018/07/01 11:51</PriceUpdateDate>
      <ItemCode>7290014218628</ItemCode>
      <ItemType>1</ItemType>
      <ItemName>פיצה עם בצק תרד מעדנות 460ג</ItemName>
      <ManufactureName>תנובה בשר</ManufactureName>
      <ManufactureCountry />
      <ManufactureItemDescription />
      <UnitQty>י"ח</UnitQty>
      <Quantity>460</Quantity>
      <UnitMeasure>ל  גרם</UnitMeasure>
      <BisWeighted>0</BisWeighted>
      <QtyInPackage>1</QtyInPackage>
      <ItemPrice>23.90</ItemPrice>
      <UnitOfMeasurePrice>5.20</UnitOfMeasurePrice>
      <AllowDiscount>1</AllowDiscount>
      <itemStatus>1</itemStatus>
      <LastUpdateDate />
      <LastUpdateTime />
    </Product>
    <Product>
      <PriceUpdateDate>2018/07/01 11:51</PriceUpdateDate>
      <ItemCode>7290014218635</ItemCode>
      <ItemType>1</ItemType>
      <ItemName>פיצה עם בצק פלפלים מעדנות 460ג</ItemName>
      <ManufactureName>תנובה בשר</ManufactureName>
      <ManufactureCountry />
      <ManufactureItemDescription />
      <UnitQty>י"ח</UnitQty>
      <Quantity>460</Quantity>
      <UnitMeasure>ל  גרם</UnitMeasure>
      <BisWeighted>0</BisWeighted>
      <QtyInPackage>1</QtyInPackage>
      <ItemPrice>23.90</ItemPrice>
      <UnitOfMeasurePrice>5.20</UnitOfMeasurePrice>
      <AllowDiscount>1</AllowDiscount>
      <itemStatus>1</itemStatus>
      <LastUpdateDate />
      <LastUpdateTime />
    </Product>
    <Product>
      <PriceUpdateDate>2018/07/01 11:51</PriceUpdateDate>
      <ItemCode>7290014218666</ItemCode>
      <ItemType>1</ItemType>
      <ItemName>פיצה פוקציה מרגריטה</ItemName>
      <ManufactureName>תנובה בשר</ManufactureName>
      <ManufactureCountry />
      <ManufactureItemDescription />
      <UnitQty>י"ח</UnitQty>
      <Quantity>490</Quantity>
      <UnitMeasure>ל  גרם</UnitMeasure>
      <BisWeighted>0</BisWeighted>
      <QtyInPackage>1</QtyInPackage>
      <ItemPrice>23.90</ItemPrice>
      <UnitOfMeasurePrice>4.88</UnitOfMeasurePrice>
      <AllowDiscount>1</AllowDiscount>
      <itemStatus>1</itemStatus>
      <LastUpdateDate />
      <LastUpdateTime />
    </Product>
    <Product>
      <PriceUpdateDate>2017/12/21 10:37</PriceUpdateDate>
      <ItemCode>7290014218673</ItemCode>
      <ItemType>1</ItemType>
      <ItemName>פיצה פוקציה בסגנון יווני</ItemName>
      <ManufactureName>תנובה בשר</ManufactureName>
      <ManufactureCountry />
      <ManufactureItemDescription />
      <UnitQty>י"ח</UnitQty>
      <Quantity>490</Quantity>
      <UnitMeasure>ל  גרם</UnitMeasure>
      <BisWeighted>0</BisWeighted>
      <QtyInPackage>1</QtyInPackage>
      <ItemPrice>24.90</ItemPrice>
      <UnitOfMeasurePrice>5.08</UnitOfMeasurePrice>
      <AllowDiscount>1</AllowDiscount>
      <itemStatus>1</itemStatus>
      <LastUpdateDate />
      <LastUpdateTime />
    </Product>
    <Product>
      <PriceUpdateDate>2018/03/18 11:45</PriceUpdateDate>
      <ItemCode>7290014218697</ItemCode>
      <ItemType>1</ItemType>
      <ItemName>בורקס  יפו משפחתי שבלול גבינה500ג</ItemName>
      <ManufactureName>תנובה בשר</ManufactureName>
      <ManufactureCountry />
      <ManufactureItemDescription />
      <UnitQty>י"ח</UnitQty>
      <Quantity>500</Quantity>
      <UnitMeasure>ל  גרם</UnitMeasure>
      <BisWeighted>0</BisWeighted>
      <QtyInPackage>1</QtyInPackage>
      <ItemPrice>17.90</ItemPrice>
      <UnitOfMeasurePrice>3.58</UnitOfMeasurePrice>
      <AllowDiscount>1</AllowDiscount>
      <itemStatus>1</itemStatus>
      <LastUpdateDate />
      <LastUpdateTime />
    </Product>
    <Product>
      <PriceUpdateDate>2018/03/18 11:45</PriceUpdateDate>
      <ItemCode>7290014218703</ItemCode>
      <ItemType>1</ItemType>
      <ItemName>בורקס  יפו משפחתי שבלול תפו"א 500ג</ItemName>
      <ManufactureName>תנובה בשר</ManufactureName>
      <ManufactureCountry />
      <ManufactureItemDescription />
      <UnitQty>י"ח</UnitQty>
      <Quantity>500</Quantity>
      <UnitMeasure>ל  גרם</UnitMeasure>
      <BisWeighted>0</BisWeighted>
      <QtyInPackage>1</QtyInPackage>
      <ItemPrice>15.90</ItemPrice>
      <UnitOfMeasurePrice>3.18</UnitOfMeasurePrice>
      <AllowDiscount>1</AllowDiscount>
      <itemStatus>1</itemStatus>
      <LastUpdateDate />
      <LastUpdateTime />
    </Product>
    <Product>
      <PriceUpdateDate>2018/03/18 11:45</PriceUpdateDate>
      <ItemCode>7290014218710</ItemCode>
      <ItemType>1</ItemType>
      <ItemName>בורקס  יפו משפחתי שבלול תרד גבינה 500ג</ItemName>
      <ManufactureName>תנובה בשר</ManufactureName>
      <ManufactureCountry />
      <ManufactureItemDescription />
      <UnitQty>י"ח</UnitQty>
      <Quantity>500</Quantity>
      <UnitMeasure>ל  גרם</UnitMeasure>
      <BisWeighted>0</BisWeighted>
      <QtyInPackage>1</QtyInPackage>
      <ItemPrice>20.90</ItemPrice>
      <UnitOfMeasurePrice>4.18</UnitOfMeasurePrice>
      <AllowDiscount>1</AllowDiscount>
      <itemStatus>1</itemStatus>
      <LastUpdateDate />
      <LastUpdateTime />
    </Product>
    <Product>
      <PriceUpdateDate>2019/01/30 10:12</PriceUpdateDate>
      <ItemCode>7290014218758</ItemCode>
      <ItemType>1</ItemType>
      <ItemName>שטרודל תפוחי עץ   קפוא</ItemName>
      <ManufactureName>תנובה בשר</ManufactureName>
      <ManufactureCountry />
      <ManufactureItemDescription />
      <UnitQty>י"ח</UnitQty>
      <Quantity>500</Quantity>
      <UnitMeasure>ל  גרם</UnitMeasure>
      <BisWeighted>0</BisWeighted>
      <QtyInPackage>1</QtyInPackage>
      <ItemPrice>19.90</ItemPrice>
      <UnitOfMeasurePrice>3.98</UnitOfMeasurePrice>
      <AllowDiscount>1</AllowDiscount>
      <itemStatus>1</itemStatus>
      <LastUpdateDate />
      <LastUpdateTime />
    </Product>
    <Product>
      <PriceUpdateDate>2019/04/12 09:30</PriceUpdateDate>
      <ItemCode>7290014218772</ItemCode>
      <ItemType>1</ItemType>
      <ItemName>פיצה פוקציה ביאנקה בזיליקום</ItemName>
      <ManufactureName>תנובה בשר</ManufactureName>
      <ManufactureCountry />
      <ManufactureItemDescription />
      <UnitQty>י"ח</UnitQty>
      <Quantity>490</Quantity>
      <UnitMeasure>ל  גרם</UnitMeasure>
      <BisWeighted>0</BisWeighted>
      <QtyInPackage>1</QtyInPackage>
      <ItemPrice>23.90</ItemPrice>
      <UnitOfMeasurePrice>4.88</UnitOfMeasurePrice>
      <AllowDiscount>1</AllowDiscount>
      <itemStatus>1</itemStatus>
      <LastUpdateDate />
      <LastUpdateTime />
    </Product>
    <Product>
      <PriceUpdateDate>2019/04/12 09:30</PriceUpdateDate>
      <ItemCode>7290014218789</ItemCode>
      <ItemType>1</ItemType>
      <ItemName>עוגת קראנץ שמרים שוקולד קפוא</ItemName>
      <ManufactureName>תנובה בשר</ManufactureName>
      <ManufactureCountry />
      <ManufactureItemDescription />
      <UnitQty>י"ח</UnitQty>
      <Quantity>500</Quantity>
      <UnitMeasure>ל  גרם</UnitMeasure>
      <BisWeighted>0</BisWeighted>
      <QtyInPackage>1</QtyInPackage>
      <ItemPrice>19.90</ItemPrice>
      <UnitOfMeasurePrice>3.98</UnitOfMeasurePrice>
      <AllowDiscount>1</AllowDiscount>
      <itemStatus>1</itemStatus>
      <LastUpdateDate />
      <LastUpdateTime />
    </Product>
    <Product>
      <PriceUpdateDate>2019/01/30 10:12</PriceUpdateDate>
      <ItemCode>7290014218826</ItemCode>
      <ItemType>1</ItemType>
      <ItemName>עוגת קראנץ שמרים שוקולד קפוא</ItemName>
      <ManufactureName>תנובה בשר</ManufactureName>
      <ManufactureCountry />
      <ManufactureItemDescription />
      <UnitQty>י"ח</UnitQty>
      <Quantity>500</Quantity>
      <UnitMeasure>ל  גרם</UnitMeasure>
      <BisWeighted>0</BisWeighted>
      <QtyInPackage>1</QtyInPackage>
      <ItemPrice>19.90</ItemPrice>
      <UnitOfMeasurePrice>3.98</UnitOfMeasurePrice>
      <AllowDiscount>1</AllowDiscount>
      <itemStatus>1</itemStatus>
      <LastUpdateDate />
      <LastUpdateTime />
    </Product>
    <Product>
      <PriceUpdateDate>2019/01/30 10:12</PriceUpdateDate>
      <ItemCode>7290014218833</ItemCode>
      <ItemType>1</ItemType>
      <ItemName>עוגת קראנץ שמרים חלבה שוקולד  קפוא</ItemName>
      <ManufactureName>תנובה בשר</ManufactureName>
      <ManufactureCountry />
      <ManufactureItemDescription />
      <UnitQty>י"ח</UnitQty>
      <Quantity>500</Quantity>
      <UnitMeasure>ל  גרם</UnitMeasure>
      <BisWeighted>0</BisWeighted>
      <QtyInPackage>1</QtyInPackage>
      <ItemPrice>19.90</ItemPrice>
      <UnitOfMeasurePrice>3.98</UnitOfMeasurePrice>
      <AllowDiscount>1</AllowDiscount>
      <itemStatus>1</itemStatus>
      <LastUpdateDate />
      <LastUpdateTime />
    </Product>
    <Product>
      <PriceUpdateDate>2019/01/30 10:12</PriceUpdateDate>
      <ItemCode>7290014218840</ItemCode>
      <ItemType>1</ItemType>
      <ItemName>עוגת קראנץ שמרים נוגט קפוא</ItemName>
      <ManufactureName>תנובה בשר</ManufactureName>
      <ManufactureCountry />
      <ManufactureItemDescription />
      <UnitQty>י"ח</UnitQty>
      <Quantity>500</Quantity>
      <UnitMeasure>ל  גרם</UnitMeasure>
      <BisWeighted>0</BisWeighted>
      <QtyInPackage>1</QtyInPackage>
      <ItemPrice>19.90</ItemPrice>
      <UnitOfMeasurePrice>3.98</UnitOfMeasurePrice>
      <AllowDiscount>1</AllowDiscount>
      <itemStatus>1</itemStatus>
      <LastUpdateDate />
      <LastUpdateTime />
    </Product>
    <Product>
      <PriceUpdateDate>2019/01/30 10:12</PriceUpdateDate>
      <ItemCode>7290014218857</ItemCode>
      <ItemType>1</ItemType>
      <ItemName>שטרודל גבינה   קפוא</ItemName>
      <ManufactureName>תנובה בשר</ManufactureName>
      <ManufactureCountry />
      <ManufactureItemDescription />
      <UnitQty>י"ח</UnitQty>
      <Quantity>500</Quantity>
      <UnitMeasure>ל  גרם</UnitMeasure>
      <BisWeighted>0</BisWeighted>
      <QtyInPackage>1</QtyInPackage>
      <ItemPrice>19.90</ItemPrice>
      <UnitOfMeasurePrice>3.98</UnitOfMeasurePrice>
      <AllowDiscount>1</AllowDiscount>
      <itemStatus>1</itemStatus>
      <LastUpdateDate />
      <LastUpdateTime />
    </Product>
    <Product>
      <PriceUpdateDate>2018/08/26 13:56</PriceUpdateDate>
      <ItemCode>7290014218888</ItemCode>
      <ItemType>1</ItemType>
      <ItemName>בורקס גבינה מופחת שומן 800ג.</ItemName>
      <ManufactureName>תנובה בשר</ManufactureName>
      <ManufactureCountry />
      <ManufactureItemDescription />
      <UnitQty>י"ח</UnitQty>
      <Quantity>800</Quantity>
      <UnitMeasure>ל  גרם</UnitMeasure>
      <BisWeighted>0</BisWeighted>
      <QtyInPackage>1</QtyInPackage>
      <ItemPrice>22.90</ItemPrice>
      <UnitOfMeasurePrice>2.86</UnitOfMeasurePrice>
      <AllowDiscount>1</AllowDiscount>
      <itemStatus>1</itemStatus>
      <LastUpdateDate />
      <LastUpdateTime />
    </Product>
    <Product>
      <PriceUpdateDate>2018/08/26 13:56</PriceUpdateDate>
      <ItemCode>7290014218895</ItemCode>
      <ItemType>1</ItemType>
      <ItemName>בורקס תפו"א  מופחת שומן 800ג</ItemName>
      <ManufactureName>תנובה בשר</ManufactureName>
      <ManufactureCountry />
      <ManufactureItemDescription />
      <UnitQty>י"ח</UnitQty>
      <Quantity>800</Quantity>
      <UnitMeasure>ל  גרם</UnitMeasure>
      <BisWeighted>0</BisWeighted>
      <QtyInPackage>1</QtyInPackage>
      <ItemPrice>22.90</ItemPrice>
      <UnitOfMeasurePrice>2.86</UnitOfMeasurePrice>
      <AllowDiscount>1</AllowDiscount>
      <itemStatus>1</itemStatus>
      <LastUpdateDate />
      <LastUpdateTime />
    </Product>
    <Product>
      <PriceUpdateDate>2019/04/12 09:30</PriceUpdateDate>
      <ItemCode>7290014218932</ItemCode>
      <ItemType>1</ItemType>
      <ItemName>חטיפי פיצה  עם זיתים מעדנות</ItemName>
      <ManufactureName>תנובה בשר</ManufactureName>
      <ManufactureCountry />
      <ManufactureItemDescription />
      <UnitQty>י"ח</UnitQty>
      <Quantity>710</Quantity>
      <UnitMeasure>ל  גרם</UnitMeasure>
      <BisWeighted>0</BisWeighted>
      <QtyInPackage>1</QtyInPackage>
      <ItemPrice>32.90</ItemPrice>
      <UnitOfMeasurePrice>4.63</UnitOfMeasurePrice>
      <AllowDiscount>1</AllowDiscount>
      <itemStatus>1</itemStatus>
      <LastUpdateDate />
      <LastUpdateTime />
    </Product>
    <Product>
      <PriceUpdateDate>2015/01/26 10:39</PriceUpdateDate>
      <ItemCode>7290014256620</ItemCode>
      <ItemType>1</ItemType>
      <ItemName>יין אדום יאנג סלקטד BUZZ</ItemName>
      <ManufactureName>אגודת הכורמים -כרמל מזרחי</ManufactureName>
      <ManufactureCountry />
      <ManufactureItemDescription />
      <UnitQty>י"ח</UnitQty>
      <Quantity>750</Quantity>
      <UnitMeasure>ל  מ"ל</UnitMeasure>
      <BisWeighted>0</BisWeighted>
      <QtyInPackage>1</QtyInPackage>
      <ItemPrice>27</ItemPrice>
      <UnitOfMeasurePrice>3.56</UnitOfMeasurePrice>
      <AllowDiscount>1</AllowDiscount>
      <itemStatus>1</itemStatus>
      <LastUpdateDate />
      <LastUpdateTime />
    </Product>
    <Product>
      <PriceUpdateDate>2015/01/26 10:39</PriceUpdateDate>
      <ItemCode>7290014256637</ItemCode>
      <ItemType>1</ItemType>
      <ItemName>סלקטד לבן יאנג  BUZZ מוסקטו</ItemName>
      <ManufactureName>אגודת הכורמים -כרמל מזרחי</ManufactureName>
      <ManufactureCountry />
      <ManufactureItemDescription />
      <UnitQty>י"ח</UnitQty>
      <Quantity>750</Quantity>
      <UnitMeasure>ל  מ"ל</UnitMeasure>
      <BisWeighted>0</BisWeighted>
      <QtyInPackage>1</QtyInPackage>
      <ItemPrice>27</ItemPrice>
      <UnitOfMeasurePrice>3.56</UnitOfMeasurePrice>
      <AllowDiscount>1</AllowDiscount>
      <itemStatus>1</itemStatus>
      <LastUpdateDate />
      <LastUpdateTime />
    </Product>
    <Product>
      <PriceUpdateDate>2015/01/26 10:39</PriceUpdateDate>
      <ItemCode>7290014256651</ItemCode>
      <ItemType>1</ItemType>
      <ItemName>יין אדום חצי יבש יאנג סלקטד BUZZ</ItemName>
      <ManufactureName>אגודת הכורמים -כרמל מזרחי</ManufactureName>
      <ManufactureCountry />
      <ManufactureItemDescription />
      <UnitQty>י"ח</UnitQty>
      <Quantity>750</Quantity>
      <UnitMeasure>ל  מ"ל</UnitMeasure>
      <BisWeighted>0</BisWeighted>
      <QtyInPackage>1</QtyInPackage>
      <ItemPrice>27</ItemPrice>
      <UnitOfMeasurePrice>3.56</UnitOfMeasurePrice>
      <AllowDiscount>1</AllowDiscount>
      <itemStatus>1</itemStatus>
      <LastUpdateDate />
      <LastUpdateTime />
    </Product>
    <Product>
      <PriceUpdateDate>2015/12/22 09:49</PriceUpdateDate>
      <ItemCode>7290014256897</ItemCode>
      <ItemType>1</ItemType>
      <ItemName>יין אדום יאנג סלקטד BUZZ שמיטה</ItemName>
      <ManufactureName>אגודת הכורמים -כרמל מזרחי</ManufactureName>
      <ManufactureCountry />
      <ManufactureItemDescription />
      <UnitQty>י"ח</UnitQty>
      <Quantity>750</Quantity>
      <UnitMeasure>ל  מ"ל</UnitMeasure>
      <BisWeighted>0</BisWeighted>
      <QtyInPackage>1</QtyInPackage>
      <ItemPrice>27</ItemPrice>
      <UnitOfMeasurePrice>3.56</UnitOfMeasurePrice>
      <AllowDiscount>1</AllowDiscount>
      <itemStatus>1</itemStatus>
      <LastUpdateDate />
      <LastUpdateTime />
    </Product>
    <Product>
      <PriceUpdateDate>2018/12/05 10:41</PriceUpdateDate>
      <ItemCode>7290014256903</ItemCode>
      <ItemType>1</ItemType>
      <ItemName>יין מוסקטו   סלקטד 750מ"ל שמיטה</ItemName>
      <ManufactureName>אגודת הכורמים -כרמל מזרחי</ManufactureName>
      <ManufactureCountry />
      <ManufactureItemDescription />
      <UnitQty>י"ח</UnitQty>
      <Quantity>750</Quantity>
      <UnitMeasure>ל  מ"ל</UnitMeasure>
      <BisWeighted>0</BisWeighted>
      <QtyInPackage>1</QtyInPackage>
      <ItemPrice>27</ItemPrice>
      <UnitOfMeasurePrice>3.56</UnitOfMeasurePrice>
      <AllowDiscount>1</AllowDiscount>
      <itemStatus>1</itemStatus>
      <LastUpdateDate />
      <LastUpdateTime />
    </Product>
    <Product>
      <PriceUpdateDate>2015/12/22 09:49</PriceUpdateDate>
      <ItemCode>7290014256910</ItemCode>
      <ItemType>1</ItemType>
      <ItemName>יין  סלקטד לבן יאנג  BUZZ שמיטה</ItemName>
      <ManufactureName>אגודת הכורמים -כרמל מזרחי</ManufactureName>
      <ManufactureCountry />
      <ManufactureItemDescription />
      <UnitQty>י"ח</UnitQty>
      <Quantity>750</Quantity>
      <UnitMeasure>ל  מ"ל</UnitMeasure>
      <BisWeighted>0</BisWeighted>
      <QtyInPackage>1</QtyInPackage>
      <ItemPrice>27</ItemPrice>
      <UnitOfMeasurePrice>3.56</UnitOfMeasurePrice>
      <AllowDiscount>1</AllowDiscount>
      <itemStatus>1</itemStatus>
      <LastUpdateDate />
      <LastUpdateTime />
    </Product>
    <Product>
      <PriceUpdateDate>2018/12/05 10:41</PriceUpdateDate>
      <ItemCode>7290014256927</ItemCode>
      <ItemType>1</ItemType>
      <ItemName>סלקטד ריזלינג 0.75 ל שמיטה</ItemName>
      <ManufactureName>אגודת הכורמים -כרמל מזרחי</ManufactureName>
      <ManufactureCountry />
      <ManufactureItemDescription />
      <UnitQty>י"ח</UnitQty>
      <Quantity>750</Quantity>
      <UnitMeasure>ל  מ"ל</UnitMeasure>
      <BisWeighted>0</BisWeighted>
      <QtyInPackage>1</QtyInPackage>
      <ItemPrice>27</ItemPrice>
      <UnitOfMeasurePrice>3.56</UnitOfMeasurePrice>
      <AllowDiscount>1</AllowDiscount>
      <itemStatus>1</itemStatus>
      <LastUpdateDate />
      <LastUpdateTime />
    </Product>
    <Product>
      <PriceUpdateDate>2015/12/22 09:49</PriceUpdateDate>
      <ItemCode>7290014256941</ItemCode>
      <ItemType>1</ItemType>
      <ItemName>סובניון בלאן סלקטד 750מ"ל שמיטה</ItemName>
      <ManufactureName>אגודת הכורמים -כרמל מזרחי</ManufactureName>
      <ManufactureCountry />
      <ManufactureItemDescription />
      <UnitQty>י"ח</UnitQty>
      <Quantity>750</Quantity>
      <UnitMeasure>ל  מ"ל</UnitMeasure>
      <BisWeighted>0</BisWeighted>
      <QtyInPackage>1</QtyInPackage>
      <ItemPrice>27</ItemPrice>
      <UnitOfMeasurePrice>3.56</UnitOfMeasurePrice>
      <AllowDiscount>1</AllowDiscount>
      <itemStatus>1</itemStatus>
      <LastUpdateDate />
      <LastUpdateTime />
    </Product>
    <Product>
      <PriceUpdateDate>2017/01/24 11:25</PriceUpdateDate>
      <ItemCode>7290014288140</ItemCode>
      <ItemType>1</ItemType>
      <ItemName>צלחת ענקית עמוקה הלל 5יח  "שווה"</ItemName>
      <ManufactureName>ח.כהן סוכנות מזון ומשקאות בע</ManufactureName>
      <ManufactureCountry />
      <ManufactureItemDescription />
      <UnitQty>י"ח</UnitQty>
      <Quantity>5</Quantity>
      <UnitMeasure>י"ח</UnitMeasure>
      <BisWeighted>0</BisWeighted>
      <QtyInPackage>1</QtyInPackage>
      <ItemPrice>10.90</ItemPrice>
      <UnitOfMeasurePrice>2.18</UnitOfMeasurePrice>
      <AllowDiscount>1</AllowDiscount>
      <itemStatus>1</itemStatus>
      <LastUpdateDate />
      <LastUpdateTime />
    </Product>
    <Product>
      <PriceUpdateDate>2017/06/29 10:59</PriceUpdateDate>
      <ItemCode>7290014288195</ItemCode>
      <ItemType>1</ItemType>
      <ItemName>מפת שולחן אל בד 1.8/1.1</ItemName>
      <ManufactureName>ח.כהן סוכנות מזון ומשקאות בע</ManufactureName>
      <ManufactureCountry />
      <ManufactureItemDescription />
      <UnitQty>י"ח</UnitQty>
      <Quantity>1.80</Quantity>
      <UnitMeasure>מטר</UnitMeasure>
      <BisWeighted>0</BisWeighted>
      <QtyInPackage>1</QtyInPackage>
      <ItemPrice>4.90</ItemPrice>
      <UnitOfMeasurePrice>2.72</UnitOfMeasurePrice>
      <AllowDiscount>1</AllowDiscount>
      <itemStatus>1</itemStatus>
      <LastUpdateDate />
      <LastUpdateTime />
    </Product>
    <Product>
      <PriceUpdateDate>2017/06/29 10:59</PriceUpdateDate>
      <ItemCode>7290014288218</ItemCode>
      <ItemType>1</ItemType>
      <ItemName>מפת שולחן אלבד עם ראנר   שווה</ItemName>
      <ManufactureName>ח.כהן סוכנות מזון ומשקאות בע</ManufactureName>
      <ManufactureCountry />
      <ManufactureItemDescription />
      <UnitQty />
      <Quantity>1</Quantity>
      <UnitMeasure />
      <BisWeighted>0</BisWeighted>
      <QtyInPackage>1</QtyInPackage>
      <ItemPrice>5.90</ItemPrice>
      <UnitOfMeasurePrice>5.90</UnitOfMeasurePrice>
      <AllowDiscount>1</AllowDiscount>
      <itemStatus>1</itemStatus>
      <LastUpdateDate />
      <LastUpdateTime />
    </Product>
    <Product>
      <PriceUpdateDate>2016/08/17 11:00</PriceUpdateDate>
      <ItemCode>7290014288287</ItemCode>
      <ItemType>1</ItemType>
      <ItemName>גליל אלבד חלק 20 מטר  שווה</ItemName>
      <ManufactureName>ח.כהן סוכנות מזון ומשקאות בע</ManufactureName>
      <ManufactureCountry />
      <ManufactureItemDescription />
      <UnitQty />
      <Quantity>1</Quantity>
      <UnitMeasure />
      <BisWeighted>0</BisWeighted>
      <QtyInPackage>1</QtyInPackage>
      <ItemPrice>24.90</ItemPrice>
      <UnitOfMeasurePrice>24.90</UnitOfMeasurePrice>
      <AllowDiscount>1</AllowDiscount>
      <itemStatus>1</itemStatus>
      <LastUpdateDate />
      <LastUpdateTime />
    </Product>
    <Product>
      <PriceUpdateDate>2016/03/28 09:34</PriceUpdateDate>
      <ItemCode>7290014288294</ItemCode>
      <ItemType>1</ItemType>
      <ItemName>גליל אלבד עם ראנר 20 מטר  שווה</ItemName>
      <ManufactureName>ח.כהן סוכנות מזון ומשקאות בע</ManufactureName>
      <ManufactureCountry />
      <ManufactureItemDescription />
      <UnitQty />
      <Quantity>1</Quantity>
      <UnitMeasure />
      <BisWeighted>0</BisWeighted>
      <QtyInPackage>1</QtyInPackage>
      <ItemPrice>29.90</ItemPrice>
      <UnitOfMeasurePrice>29.90</UnitOfMeasurePrice>
      <AllowDiscount>1</AllowDiscount>
      <itemStatus>1</itemStatus>
      <LastUpdateDate />
      <LastUpdateTime />
    </Product>
    <Product>
      <PriceUpdateDate>2016/07/05 10:33</PriceUpdateDate>
      <ItemCode>7290014288379</ItemCode>
      <ItemType>1</ItemType>
      <ItemName>ערמונים 100ג שווה</ItemName>
      <ManufactureName>ח.כהן סוכנות מזון ומשקאות בע</ManufactureName>
      <ManufactureCountry />
      <ManufactureItemDescription />
      <UnitQty>י"ח</UnitQty>
      <Quantity>100</Quantity>
      <UnitMeasure>ל  גרם</UnitMeasure>
      <BisWeighted>0</BisWeighted>
      <QtyInPackage>1</QtyInPackage>
      <ItemPrice>4.90</ItemPrice>
      <UnitOfMeasurePrice>4.90</UnitOfMeasurePrice>
      <AllowDiscount>1</AllowDiscount>
      <itemStatus>1</itemStatus>
      <LastUpdateDate />
      <LastUpdateTime />
    </Product>
    <Product>
      <PriceUpdateDate>2016/08/17 11:00</PriceUpdateDate>
      <ItemCode>7290014288423</ItemCode>
      <ItemType>1</ItemType>
      <ItemName>נר נשמה 48ש   בזכוכית"שווה"</ItemName>
      <ManufactureName>ח.כהן סוכנות מזון ומשקאות בע</ManufactureName>
      <ManufactureCountry />
      <ManufactureItemDescription />
      <UnitQty>י"ח</UnitQty>
      <Quantity>1</Quantity>
      <UnitMeasure />
      <BisWeighted>0</BisWeighted>
      <QtyInPackage>1</QtyInPackage>
      <ItemPrice>4.50</ItemPrice>
      <UnitOfMeasurePrice>4.50</UnitOfMeasurePrice>
      <AllowDiscount>1</AllowDiscount>
      <itemStatus>1</itemStatus>
      <LastUpdateDate />
      <LastUpdateTime />
    </Product>
    <Product>
      <PriceUpdateDate>2018/06/25 12:41</PriceUpdateDate>
      <ItemCode>7290014288584</ItemCode>
      <ItemType>1</ItemType>
      <ItemName>נייר אפיה 50יח איכותי  שווה</ItemName>
      <ManufactureName>ח.כהן סוכנות מזון ומשקאות בע</ManufactureName>
      <ManufactureCountry />
      <ManufactureItemDescription />
      <UnitQty>י"ח</UnitQty>
      <Quantity>50</Quantity>
      <UnitMeasure>י"ח</UnitMeasure>
      <BisWeighted>0</BisWeighted>
      <QtyInPackage>1</QtyInPackage>
      <ItemPrice>9.90</ItemPrice>
      <UnitOfMeasurePrice>0.20</UnitOfMeasurePrice>
      <AllowDiscount>1</AllowDiscount>
      <itemStatus>1</itemStatus>
      <LastUpdateDate />
      <LastUpdateTime />
    </Product>
    <Product>
      <PriceUpdateDate>2017/01/01 16:21</PriceUpdateDate>
      <ItemCode>7290014288645</ItemCode>
      <ItemType>1</ItemType>
      <ItemName>מגבונים מגבופיל 72יח  שווה</ItemName>
      <ManufactureName>ח.כהן סוכנות מזון ומשקאות בע</ManufactureName>
      <ManufactureCountry />
      <ManufactureItemDescription />
      <UnitQty>י"ח</UnitQty>
      <Quantity>72</Quantity>
      <UnitMeasure>י"ח</UnitMeasure>
      <BisWeighted>0</BisWeighted>
      <QtyInPackage>1</QtyInPackage>
      <ItemPrice>15.90</ItemPrice>
      <UnitOfMeasurePrice>0.22</UnitOfMeasurePrice>
      <AllowDiscount>1</AllowDiscount>
      <itemStatus>1</itemStatus>
      <LastUpdateDate />
      <LastUpdateTime />
    </Product>
    <Product>
      <PriceUpdateDate>2016/02/18 08:51</PriceUpdateDate>
      <ItemCode>7290014288683</ItemCode>
      <ItemType>1</ItemType>
      <ItemName>מגש אובלי ענק 20יח שווה</ItemName>
      <ManufactureName>ח.כהן סוכנות מזון ומשקאות בע</ManufactureName>
      <ManufactureCountry />
      <ManufactureItemDescription />
      <UnitQty>י"ח</UnitQty>
      <Quantity>20</Quantity>
      <UnitMeasure>י"ח</UnitMeasure>
      <BisWeighted>0</BisWeighted>
      <QtyInPackage>1</QtyInPackage>
      <ItemPrice>14.90</ItemPrice>
      <UnitOfMeasurePrice>0.75</UnitOfMeasurePrice>
      <AllowDiscount>1</AllowDiscount>
      <itemStatus>1</itemStatus>
      <LastUpdateDate />
      <LastUpdateTime />
    </Product>
    <Product>
      <PriceUpdateDate>2016/02/18 08:51</PriceUpdateDate>
      <ItemCode>7290014288690</ItemCode>
      <ItemType>1</ItemType>
      <ItemName>מגש אובלי עמוק  20יח שווה</ItemName>
      <ManufactureName>ח.כהן סוכנות מזון ומשקאות בע</ManufactureName>
      <ManufactureCountry />
      <ManufactureItemDescription />
      <UnitQty>י"ח</UnitQty>
      <Quantity>20</Quantity>
      <UnitMeasure>י"ח</UnitMeasure>
      <BisWeighted>0</BisWeighted>
      <QtyInPackage>1</QtyInPackage>
      <ItemPrice>14.90</ItemPrice>
      <UnitOfMeasurePrice>0.75</UnitOfMeasurePrice>
      <AllowDiscount>1</AllowDiscount>
      <itemStatus>1</itemStatus>
      <LastUpdateDate />
      <LastUpdateTime />
    </Product>
    <Product>
      <PriceUpdateDate>2016/02/18 08:51</PriceUpdateDate>
      <ItemCode>7290014288706</ItemCode>
      <ItemType>1</ItemType>
      <ItemName>קערת סלט ענקית 10יח שווה</ItemName>
      <ManufactureName>ח.כהן סוכנות מזון ומשקאות בע</ManufactureName>
      <ManufactureCountry />
      <ManufactureItemDescription />
      <UnitQty>י"ח</UnitQty>
      <Quantity>10</Quantity>
      <UnitMeasure>י"ח</UnitMeasure>
      <BisWeighted>0</BisWeighted>
      <QtyInPackage>1</QtyInPackage>
      <ItemPrice>7.90</ItemPrice>
      <UnitOfMeasurePrice>0.79</UnitOfMeasurePrice>
      <AllowDiscount>1</AllowDiscount>
      <itemStatus>1</itemStatus>
      <LastUpdateDate />
      <LastUpdateTime />
    </Product>
    <Product>
      <PriceUpdateDate>2016/01/11 13:36</PriceUpdateDate>
      <ItemCode>7290014288737</ItemCode>
      <ItemType>1</ItemType>
      <ItemName>כוסות חד פעמי מעוטרות 40יח 285מ"ל שווה</ItemName>
      <ManufactureName>ח.כהן סוכנות מזון ומשקאות בע</ManufactureName>
      <ManufactureCountry />
      <ManufactureItemDescription />
      <UnitQty>י"ח</UnitQty>
      <Quantity>40</Quantity>
      <UnitMeasure>י"ח</UnitMeasure>
      <BisWeighted>0</BisWeighted>
      <QtyInPackage>1</QtyInPackage>
      <ItemPrice>8.90</ItemPrice>
      <UnitOfMeasurePrice>0.22</UnitOfMeasurePrice>
      <AllowDiscount>1</AllowDiscount>
      <itemStatus>1</itemStatus>
      <LastUpdateDate />
      <LastUpdateTime />
    </Product>
    <Product>
      <PriceUpdateDate>2015/12/29 09:41</PriceUpdateDate>
      <ItemCode>7290014288751</ItemCode>
      <ItemType>1</ItemType>
      <ItemName>מזלגות כסופות 20יח  שווה.</ItemName>
      <ManufactureName>ח.כהן סוכנות מזון ומשקאות בע</ManufactureName>
      <ManufactureCountry />
      <ManufactureItemDescription />
      <UnitQty>י"ח</UnitQty>
      <Quantity>20</Quantity>
      <UnitMeasure>י"ח</UnitMeasure>
      <BisWeighted>0</BisWeighted>
      <QtyInPackage>1</QtyInPackage>
      <ItemPrice>3.90</ItemPrice>
      <UnitOfMeasurePrice>0.20</UnitOfMeasurePrice>
      <AllowDiscount>1</AllowDiscount>
      <itemStatus>1</itemStatus>
      <LastUpdateDate />
      <LastUpdateTime />
    </Product>
    <Product>
      <PriceUpdateDate>2015/12/29 09:41</PriceUpdateDate>
      <ItemCode>7290014288768</ItemCode>
      <ItemType>1</ItemType>
      <ItemName>סכינים כסופות 20יח  שווה.</ItemName>
      <ManufactureName>ח.כהן סוכנות מזון ומשקאות בע</ManufactureName>
      <ManufactureCountry />
      <ManufactureItemDescription />
      <UnitQty>י"ח</UnitQty>
      <Quantity>20</Quantity>
      <UnitMeasure>י"ח</UnitMeasure>
      <BisWeighted>0</BisWeighted>
      <QtyInPackage>1</QtyInPackage>
      <ItemPrice>3.90</ItemPrice>
      <UnitOfMeasurePrice>0.20</UnitOfMeasurePrice>
      <AllowDiscount>1</AllowDiscount>
      <itemStatus>1</itemStatus>
      <LastUpdateDate />
      <LastUpdateTime />
    </Product>
    <Product>
      <PriceUpdateDate>2015/12/29 09:41</PriceUpdateDate>
      <ItemCode>7290014288775</ItemCode>
      <ItemType>1</ItemType>
      <ItemName>כפיות  כסופות 20יח  שווה.</ItemName>
      <ManufactureName>ח.כהן סוכנות מזון ומשקאות בע</ManufactureName>
      <ManufactureCountry />
      <ManufactureItemDescription />
      <UnitQty>י"ח</UnitQty>
      <Quantity>20</Quantity>
      <UnitMeasure>י"ח</UnitMeasure>
      <BisWeighted>0</BisWeighted>
      <QtyInPackage>1</QtyInPackage>
      <ItemPrice>3.90</ItemPrice>
      <UnitOfMeasurePrice>0.20</UnitOfMeasurePrice>
      <AllowDiscount>1</AllowDiscount>
      <itemStatus>1</itemStatus>
      <LastUpdateDate />
      <LastUpdateTime />
    </Product>
    <Product>
      <PriceUpdateDate>2015/12/29 09:41</PriceUpdateDate>
      <ItemCode>7290014288782</ItemCode>
      <ItemType>1</ItemType>
      <ItemName>כפות כסופות 20יח  שווה.</ItemName>
      <ManufactureName>ח.כהן סוכנות מזון ומשקאות בע</ManufactureName>
      <ManufactureCountry />
      <ManufactureItemDescription />
      <UnitQty>י"ח</UnitQty>
      <Quantity>20</Quantity>
      <UnitMeasure>י"ח</UnitMeasure>
      <BisWeighted>0</BisWeighted>
      <QtyInPackage>1</QtyInPackage>
      <ItemPrice>3.90</ItemPrice>
      <UnitOfMeasurePrice>0.20</UnitOfMeasurePrice>
      <AllowDiscount>1</AllowDiscount>
      <itemStatus>1</itemStatus>
      <LastUpdateDate />
      <LastUpdateTime />
    </Product>
    <Product>
      <PriceUpdateDate>2016/02/18 08:51</PriceUpdateDate>
      <ItemCode>7290014288799</ItemCode>
      <ItemType>1</ItemType>
      <ItemName>מגש מלבני שקוף   שווה</ItemName>
      <ManufactureName>ח.כהן סוכנות מזון ומשקאות בע</ManufactureName>
      <ManufactureCountry />
      <ManufactureItemDescription />
      <UnitQty>י"ח</UnitQty>
      <Quantity>1</Quantity>
      <UnitMeasure>י"ח</UnitMeasure>
      <BisWeighted>0</BisWeighted>
      <QtyInPackage>1</QtyInPackage>
      <ItemPrice>5.90</ItemPrice>
      <UnitOfMeasurePrice>5.90</UnitOfMeasurePrice>
      <AllowDiscount>1</AllowDiscount>
      <itemStatus>1</itemStatus>
      <LastUpdateDate />
      <LastUpdateTime />
    </Product>
    <Product>
      <PriceUpdateDate>2015/12/29 09:41</PriceUpdateDate>
      <ItemCode>7290014288805</ItemCode>
      <ItemType>1</ItemType>
      <ItemName>קערה שקופה בנונית   שווה</ItemName>
      <ManufactureName>ח.כהן סוכנות מזון ומשקאות בע</ManufactureName>
      <ManufactureCountry />
      <ManufactureItemDescription />
      <UnitQty>י"ח</UnitQty>
      <Quantity>1</Quantity>
      <UnitMeasure>י"ח</UnitMeasure>
      <BisWeighted>0</BisWeighted>
      <QtyInPackage>1</QtyInPackage>
      <ItemPrice>3.90</ItemPrice>
      <UnitOfMeasurePrice>3.90</UnitOfMeasurePrice>
      <AllowDiscount>1</AllowDiscount>
      <itemStatus>1</itemStatus>
      <LastUpdateDate />
      <LastUpdateTime />
    </Product>
    <Product>
      <PriceUpdateDate>2016/02/18 08:51</PriceUpdateDate>
      <ItemCode>7290014288812</ItemCode>
      <ItemType>1</ItemType>
      <ItemName>קערה שקופה בגדולה   שווה</ItemName>
      <ManufactureName>ח.כהן סוכנות מזון ומשקאות בע</ManufactureName>
      <ManufactureCountry />
      <ManufactureItemDescription />
      <UnitQty>י"ח</UnitQty>
      <Quantity>1</Quantity>
      <UnitMeasure>י"ח</UnitMeasure>
      <BisWeighted>0</BisWeighted>
      <QtyInPackage>1</QtyInPackage>
      <ItemPrice>6.90</ItemPrice>
      <UnitOfMeasurePrice>6.90</UnitOfMeasurePrice>
      <AllowDiscount>1</AllowDiscount>
      <itemStatus>1</itemStatus>
      <LastUpdateDate />
      <LastUpdateTime />
    </Product>
    <Product>
      <PriceUpdateDate>2016/02/18 08:51</PriceUpdateDate>
      <ItemCode>7290014288829</ItemCode>
      <ItemType>1</ItemType>
      <ItemName>קערה שקופה ענקית   שווה</ItemName>
      <ManufactureName>ח.כהן סוכנות מזון ומשקאות בע</ManufactureName>
      <ManufactureCountry />
      <ManufactureItemDescription />
      <UnitQty>י"ח</UnitQty>
      <Quantity>1</Quantity>
      <UnitMeasure>י"ח</UnitMeasure>
      <BisWeighted>0</BisWeighted>
      <QtyInPackage>1</QtyInPackage>
      <ItemPrice>7.90</ItemPrice>
      <UnitOfMeasurePrice>7.90</UnitOfMeasurePrice>
      <AllowDiscount>1</AllowDiscount>
      <itemStatus>1</itemStatus>
      <LastUpdateDate />
      <LastUpdateTime />
    </Product>
    <Product>
      <PriceUpdateDate>2016/02/18 08:51</PriceUpdateDate>
      <ItemCode>7290014288836</ItemCode>
      <ItemType>1</ItemType>
      <ItemName>קערה אובלית שקופה   שווה</ItemName>
      <ManufactureName>ח.כהן סוכנות מזון ומשקאות בע</ManufactureName>
      <ManufactureCountry />
      <ManufactureItemDescription />
      <UnitQty>י"ח</UnitQty>
      <Quantity>1</Quantity>
      <UnitMeasure>י"ח</UnitMeasure>
      <BisWeighted>0</BisWeighted>
      <QtyInPackage>1</QtyInPackage>
      <ItemPrice>5.90</ItemPrice>
      <UnitOfMeasurePrice>5.90</UnitOfMeasurePrice>
      <AllowDiscount>1</AllowDiscount>
      <itemStatus>1</itemStatus>
      <LastUpdateDate />
      <LastUpdateTime />
    </Product>
    <Product>
      <PriceUpdateDate>2016/03/28 09:34</PriceUpdateDate>
      <ItemCode>7290014288898</ItemCode>
      <ItemType>1</ItemType>
      <ItemName>לפתניה סד. הלל</ItemName>
      <ManufactureName>ח.כהן סוכנות מזון ומשקאות בע</ManufactureName>
      <ManufactureCountry />
      <ManufactureItemDescription />
      <UnitQty />
      <Quantity>1</Quantity>
      <UnitMeasure />
      <BisWeighted>0</BisWeighted>
      <QtyInPackage>1</QtyInPackage>
      <ItemPrice>7.90</ItemPrice>
      <UnitOfMeasurePrice>7.90</UnitOfMeasurePrice>
      <AllowDiscount>1</AllowDiscount>
      <itemStatus>1</itemStatus>
      <LastUpdateDate />
      <LastUpdateTime />
    </Product>
    <Product>
      <PriceUpdateDate>2017/08/31 09:50</PriceUpdateDate>
      <ItemCode>7290014288904</ItemCode>
      <ItemType>1</ItemType>
      <ItemName>מרקיה  סד. הלל</ItemName>
      <ManufactureName>ח.כהן סוכנות מזון ומשקאות בע</ManufactureName>
      <ManufactureCountry />
      <ManufactureItemDescription />
      <UnitQty>י"ח</UnitQty>
      <Quantity>1</Quantity>
      <UnitMeasure />
      <BisWeighted>0</BisWeighted>
      <QtyInPackage>1</QtyInPackage>
      <ItemPrice>11.90</ItemPrice>
      <UnitOfMeasurePrice>11.90</UnitOfMeasurePrice>
      <AllowDiscount>1</AllowDiscount>
      <itemStatus>1</itemStatus>
      <LastUpdateDate />
      <LastUpdateTime />
    </Product>
    <Product>
      <PriceUpdateDate>2017/08/31 09:50</PriceUpdateDate>
      <ItemCode>7290014288911</ItemCode>
      <ItemType>1</ItemType>
      <ItemName>צלחת בינונית  סד. הלל</ItemName>
      <ManufactureName>ח.כהן סוכנות מזון ומשקאות בע</ManufactureName>
      <ManufactureCountry />
      <ManufactureItemDescription />
      <UnitQty />
      <Quantity>1</Quantity>
      <UnitMeasure />
      <BisWeighted>0</BisWeighted>
      <QtyInPackage>1</QtyInPackage>
      <ItemPrice>8.90</ItemPrice>
      <UnitOfMeasurePrice>8.90</UnitOfMeasurePrice>
      <AllowDiscount>1</AllowDiscount>
      <itemStatus>1</itemStatus>
      <LastUpdateDate />
      <LastUpdateTime />
    </Product>
    <Product>
      <PriceUpdateDate>2017/08/31 09:50</PriceUpdateDate>
      <ItemCode>7290014288928</ItemCode>
      <ItemType>1</ItemType>
      <ItemName>צלחות גדולות  סד. הלל</ItemName>
      <ManufactureName>ח.כהן סוכנות מזון ומשקאות בע</ManufactureName>
      <ManufactureCountry />
      <ManufactureItemDescription />
      <UnitQty />
      <Quantity>1</Quantity>
      <UnitMeasure />
      <BisWeighted>0</BisWeighted>
      <QtyInPackage>1</QtyInPackage>
      <ItemPrice>13.90</ItemPrice>
      <UnitOfMeasurePrice>13.90</UnitOfMeasurePrice>
      <AllowDiscount>1</AllowDiscount>
      <itemStatus>1</itemStatus>
      <LastUpdateDate />
      <LastUpdateTime />
    </Product>
    <Product>
      <PriceUpdateDate>2017/08/31 09:50</PriceUpdateDate>
      <ItemCode>7290014288935</ItemCode>
      <ItemType>1</ItemType>
      <ItemName>צלחות ענקיות  סד. הלל</ItemName>
      <ManufactureName>ח.כהן סוכנות מזון ומשקאות בע</ManufactureName>
      <ManufactureCountry />
      <ManufactureItemDescription />
      <UnitQty />
      <Quantity>1</Quantity>
      <UnitMeasure />
      <BisWeighted>0</BisWeighted>
      <QtyInPackage>1</QtyInPackage>
      <ItemPrice>16.90</ItemPrice>
      <UnitOfMeasurePrice>16.90</UnitOfMeasurePrice>
      <AllowDiscount>1</AllowDiscount>
      <itemStatus>1</itemStatus>
      <LastUpdateDate />
      <LastUpdateTime />
    </Product>
    <Product>
      <PriceUpdateDate>2016/03/28 09:34</PriceUpdateDate>
      <ItemCode>7290014288942</ItemCode>
      <ItemType>1</ItemType>
      <ItemName>קערית אובלית  סד. הלל</ItemName>
      <ManufactureName>ח.כהן סוכנות מזון ומשקאות בע</ManufactureName>
      <ManufactureCountry />
      <ManufactureItemDescription />
      <UnitQty />
      <Quantity>1</Quantity>
      <UnitMeasure />
      <BisWeighted>0</BisWeighted>
      <QtyInPackage>1</QtyInPackage>
      <ItemPrice>7.90</ItemPrice>
      <UnitOfMeasurePrice>7.90</UnitOfMeasurePrice>
      <AllowDiscount>1</AllowDiscount>
      <itemStatus>1</itemStatus>
      <LastUpdateDate />
      <LastUpdateTime />
    </Product>
    <Product>
      <PriceUpdateDate>2016/03/28 09:34</PriceUpdateDate>
      <ItemCode>7290014288959</ItemCode>
      <ItemType>1</ItemType>
      <ItemName>כוס 10   סד. הלל</ItemName>
      <ManufactureName>ח.כהן סוכנות מזון ומשקאות בע</ManufactureName>
      <ManufactureCountry />
      <ManufactureItemDescription />
      <UnitQty>י"ח</UnitQty>
      <Quantity>1</Quantity>
      <UnitMeasure />
      <BisWeighted>0</BisWeighted>
      <QtyInPackage>1</QtyInPackage>
      <ItemPrice>9.90</ItemPrice>
      <UnitOfMeasurePrice>9.90</UnitOfMeasurePrice>
      <AllowDiscount>1</AllowDiscount>
      <itemStatus>1</itemStatus>
      <LastUpdateDate />
      <LastUpdateTime />
    </Product>
    <Product>
      <PriceUpdateDate>2017/08/31 09:50</PriceUpdateDate>
      <ItemCode>7290014288966</ItemCode>
      <ItemType>1</ItemType>
      <ItemName>כוס 10   סד. הלל</ItemName>
      <ManufactureName>ח.כהן סוכנות מזון ומשקאות בע</ManufactureName>
      <ManufactureCountry />
      <ManufactureItemDescription />
      <UnitQty />
      <Quantity>1</Quantity>
      <UnitMeasure />
      <BisWeighted>0</BisWeighted>
      <QtyInPackage>1</QtyInPackage>
      <ItemPrice>11.90</ItemPrice>
      <UnitOfMeasurePrice>11.90</UnitOfMeasurePrice>
      <AllowDiscount>1</AllowDiscount>
      <itemStatus>1</itemStatus>
      <LastUpdateDate />
      <LastUpdateTime />
    </Product>
    <Product>
      <PriceUpdateDate>2017/01/26 09:24</PriceUpdateDate>
      <ItemCode>7290014356061</ItemCode>
      <ItemType>1</ItemType>
      <ItemName>ספגטי 500גר שדות</ItemName>
      <ManufactureName>אחים אגא (א.מ.) שיווק</ManufactureName>
      <ManufactureCountry />
      <ManufactureItemDescription />
      <UnitQty>י"ח</UnitQty>
      <Quantity>500</Quantity>
      <UnitMeasure>ל  גרם</UnitMeasure>
      <BisWeighted>0</BisWeighted>
      <QtyInPackage>1</QtyInPackage>
      <ItemPrice>3.20</ItemPrice>
      <UnitOfMeasurePrice>0.64</UnitOfMeasurePrice>
      <AllowDiscount>1</AllowDiscount>
      <itemStatus>1</itemStatus>
      <LastUpdateDate />
      <LastUpdateTime />
    </Product>
    <Product>
      <PriceUpdateDate>2017/02/16 13:18</PriceUpdateDate>
      <ItemCode>7290014356078</ItemCode>
      <ItemType>1</ItemType>
      <ItemName>ספגטי 500גר שדות</ItemName>
      <ManufactureName>אחים אגא (א.מ.) שיווק</ManufactureName>
      <ManufactureCountry />
      <ManufactureItemDescription />
      <UnitQty>י"ח</UnitQty>
      <Quantity>500</Quantity>
      <UnitMeasure>ל  גרם</UnitMeasure>
      <BisWeighted>0</BisWeighted>
      <QtyInPackage>1</QtyInPackage>
      <ItemPrice>3.20</ItemPrice>
      <UnitOfMeasurePrice>0.64</UnitOfMeasurePrice>
      <AllowDiscount>1</AllowDiscount>
      <itemStatus>1</itemStatus>
      <LastUpdateDate />
      <LastUpdateTime />
    </Product>
    <Product>
      <PriceUpdateDate>2017/02/16 13:18</PriceUpdateDate>
      <ItemCode>7290014356085</ItemCode>
      <ItemType>1</ItemType>
      <ItemName>ספגטי 500גר שדות</ItemName>
      <ManufactureName>אחים אגא (א.מ.) שיווק</ManufactureName>
      <ManufactureCountry />
      <ManufactureItemDescription />
      <UnitQty>י"ח</UnitQty>
      <Quantity>500</Quantity>
      <UnitMeasure>ל  גרם</UnitMeasure>
      <BisWeighted>0</BisWeighted>
      <QtyInPackage>1</QtyInPackage>
      <ItemPrice>3.20</ItemPrice>
      <UnitOfMeasurePrice>0.64</UnitOfMeasurePrice>
      <AllowDiscount>1</AllowDiscount>
      <itemStatus>1</itemStatus>
      <LastUpdateDate />
      <LastUpdateTime />
    </Product>
    <Product>
      <PriceUpdateDate>2017/02/16 13:18</PriceUpdateDate>
      <ItemCode>7290014356092</ItemCode>
      <ItemType>1</ItemType>
      <ItemName>ספגטי 500גר שדות</ItemName>
      <ManufactureName>אחים אגא (א.מ.) שיווק</ManufactureName>
      <ManufactureCountry />
      <ManufactureItemDescription />
      <UnitQty>י"ח</UnitQty>
      <Quantity>500</Quantity>
      <UnitMeasure>ל  גרם</UnitMeasure>
      <BisWeighted>0</BisWeighted>
      <QtyInPackage>1</QtyInPackage>
      <ItemPrice>3.20</ItemPrice>
      <UnitOfMeasurePrice>0.64</UnitOfMeasurePrice>
      <AllowDiscount>1</AllowDiscount>
      <itemStatus>1</itemStatus>
      <LastUpdateDate />
      <LastUpdateTime />
    </Product>
    <Product>
      <PriceUpdateDate>2017/02/16 13:18</PriceUpdateDate>
      <ItemCode>7290014356108</ItemCode>
      <ItemType>1</ItemType>
      <ItemName>ספגטי 500גר שדות</ItemName>
      <ManufactureName>אחים אגא (א.מ.) שיווק</ManufactureName>
      <ManufactureCountry />
      <ManufactureItemDescription />
      <UnitQty>י"ח</UnitQty>
      <Quantity>500</Quantity>
      <UnitMeasure>ל  גרם</UnitMeasure>
      <BisWeighted>0</BisWeighted>
      <QtyInPackage>1</QtyInPackage>
      <ItemPrice>3.20</ItemPrice>
      <UnitOfMeasurePrice>0.64</UnitOfMeasurePrice>
      <AllowDiscount>1</AllowDiscount>
      <itemStatus>1</itemStatus>
      <LastUpdateDate />
      <LastUpdateTime />
    </Product>
    <Product>
      <PriceUpdateDate>2017/02/16 13:18</PriceUpdateDate>
      <ItemCode>7290014356450</ItemCode>
      <ItemType>1</ItemType>
      <ItemName>ספגטי 500גר שדות</ItemName>
      <ManufactureName>אחים אגא (א.מ.) שיווק</ManufactureName>
      <ManufactureCountry />
      <ManufactureItemDescription />
      <UnitQty>י"ח</UnitQty>
      <Quantity>500</Quantity>
      <UnitMeasure>ל  גרם</UnitMeasure>
      <BisWeighted>0</BisWeighted>
      <QtyInPackage>1</QtyInPackage>
      <ItemPrice>3.20</ItemPrice>
      <UnitOfMeasurePrice>0.64</UnitOfMeasurePrice>
      <AllowDiscount>1</AllowDiscount>
      <itemStatus>1</itemStatus>
      <LastUpdateDate />
      <LastUpdateTime />
    </Product>
    <Product>
      <PriceUpdateDate>2020/03/12 08:30</PriceUpdateDate>
      <ItemCode>7290014356481</ItemCode>
      <ItemType>1</ItemType>
      <ItemName>טונה  1/4 150 גר במים שדות</ItemName>
      <ManufactureName>אחים אגא (א.מ.) שיווק</ManufactureName>
      <ManufactureCountry />
      <ManufactureItemDescription />
      <UnitQty>י"ח</UnitQty>
      <Quantity>600</Quantity>
      <UnitMeasure>ל  גרם</UnitMeasure>
      <BisWeighted>0</BisWeighted>
      <QtyInPackage>1</QtyInPackage>
      <ItemPrice>19.90</ItemPrice>
      <UnitOfMeasurePrice>3.32</UnitOfMeasurePrice>
      <AllowDiscount>1</AllowDiscount>
      <itemStatus>1</itemStatus>
      <LastUpdateDate />
      <LastUpdateTime />
    </Product>
    <Product>
      <PriceUpdateDate>2020/03/12 08:30</PriceUpdateDate>
      <ItemCode>7290014356498</ItemCode>
      <ItemType>1</ItemType>
      <ItemName>טונה  1/4 150 גר בשמן שדות</ItemName>
      <ManufactureName>אחים אגא (א.מ.) שיווק</ManufactureName>
      <ManufactureCountry />
      <ManufactureItemDescription />
      <UnitQty>י"ח</UnitQty>
      <Quantity>600</Quantity>
      <UnitMeasure>ל  גרם</UnitMeasure>
      <BisWeighted>0</BisWeighted>
      <QtyInPackage>1</QtyInPackage>
      <ItemPrice>19.90</ItemPrice>
      <UnitOfMeasurePrice>3.32</UnitOfMeasurePrice>
      <AllowDiscount>1</AllowDiscount>
      <itemStatus>1</itemStatus>
      <LastUpdateDate />
      <LastUpdateTime />
    </Product>
    <Product>
      <PriceUpdateDate>2017/02/16 13:18</PriceUpdateDate>
      <ItemCode>7290014356535</ItemCode>
      <ItemType>1</ItemType>
      <ItemName>ספגטי 500גר שדות</ItemName>
      <ManufactureName>אחים אגא (א.מ.) שיווק</ManufactureName>
      <ManufactureCountry />
      <ManufactureItemDescription />
      <UnitQty>י"ח</UnitQty>
      <Quantity>500</Quantity>
      <UnitMeasure>ל  גרם</UnitMeasure>
      <BisWeighted>0</BisWeighted>
      <QtyInPackage>1</QtyInPackage>
      <ItemPrice>3.20</ItemPrice>
      <UnitOfMeasurePrice>0.64</UnitOfMeasurePrice>
      <AllowDiscount>1</AllowDiscount>
      <itemStatus>1</itemStatus>
      <LastUpdateDate />
      <LastUpdateTime />
    </Product>
    <Product>
      <PriceUpdateDate>2015/04/21 08:59</PriceUpdateDate>
      <ItemCode>7290014356917</ItemCode>
      <ItemType>1</ItemType>
      <ItemName>חצאי אפרסק בסירופ קל 820גר שדות</ItemName>
      <ManufactureName>אחים אגא (א.מ.) שיווק</ManufactureName>
      <ManufactureCountry />
      <ManufactureItemDescription />
      <UnitQty>י"ח</UnitQty>
      <Quantity>820</Quantity>
      <UnitMeasure>ל  גרם</UnitMeasure>
      <BisWeighted>0</BisWeighted>
      <QtyInPackage>1</QtyInPackage>
      <ItemPrice>7.90</ItemPrice>
      <UnitOfMeasurePrice>0.96</UnitOfMeasurePrice>
      <AllowDiscount>1</AllowDiscount>
      <itemStatus>1</itemStatus>
      <LastUpdateDate />
      <LastUpdateTime />
    </Product>
    <Product>
      <PriceUpdateDate>2019/11/05 10:58</PriceUpdateDate>
      <ItemCode>7290014373563</ItemCode>
      <ItemType>1</ItemType>
      <ItemName>עוגיות מעמול תמרים לחמי</ItemName>
      <ManufactureName>תה ויסוצקי (ישראל)בעמ</ManufactureName>
      <ManufactureCountry />
      <ManufactureItemDescription />
      <UnitQty>י"ח</UnitQty>
      <Quantity>1</Quantity>
      <UnitMeasure />
      <BisWeighted>0</BisWeighted>
      <QtyInPackage>1</QtyInPackage>
      <ItemPrice>15.90</ItemPrice>
      <UnitOfMeasurePrice>15.90</UnitOfMeasurePrice>
      <AllowDiscount>1</AllowDiscount>
      <itemStatus>1</itemStatus>
      <LastUpdateDate />
      <LastUpdateTime />
    </Product>
    <Product>
      <PriceUpdateDate>2019/11/05 10:58</PriceUpdateDate>
      <ItemCode>7290014373570</ItemCode>
      <ItemType>1</ItemType>
      <ItemName>עוגיות גרנולה לחמי</ItemName>
      <ManufactureName>תה ויסוצקי (ישראל)בעמ</ManufactureName>
      <ManufactureCountry />
      <ManufactureItemDescription />
      <UnitQty>י"ח</UnitQty>
      <Quantity>1</Quantity>
      <UnitMeasure />
      <BisWeighted>0</BisWeighted>
      <QtyInPackage>1</QtyInPackage>
      <ItemPrice>15.90</ItemPrice>
      <UnitOfMeasurePrice>15.90</UnitOfMeasurePrice>
      <AllowDiscount>1</AllowDiscount>
      <itemStatus>1</itemStatus>
      <LastUpdateDate />
      <LastUpdateTime />
    </Product>
    <Product>
      <PriceUpdateDate>2019/11/05 10:58</PriceUpdateDate>
      <ItemCode>7290014373778</ItemCode>
      <ItemType>1</ItemType>
      <ItemName>עוגיות רולדה עם מלית תמרים 300ג</ItemName>
      <ManufactureName>תה ויסוצקי (ישראל)בעמ</ManufactureName>
      <ManufactureCountry />
      <ManufactureItemDescription />
      <UnitQty>י"ח</UnitQty>
      <Quantity>380</Quantity>
      <UnitMeasure>ל  גרם</UnitMeasure>
      <BisWeighted>0</BisWeighted>
      <QtyInPackage>1</QtyInPackage>
      <ItemPrice>15.90</ItemPrice>
      <UnitOfMeasurePrice>4.18</UnitOfMeasurePrice>
      <AllowDiscount>1</AllowDiscount>
      <itemStatus>1</itemStatus>
      <LastUpdateDate />
      <LastUpdateTime />
    </Product>
    <Product>
      <PriceUpdateDate>2019/11/05 10:58</PriceUpdateDate>
      <ItemCode>7290014374096</ItemCode>
      <ItemType>1</ItemType>
      <ItemName>עוגיות לחמי חמאה פרג ולימון</ItemName>
      <ManufactureName>תה ויסוצקי (ישראל)בעמ</ManufactureName>
      <ManufactureCountry />
      <ManufactureItemDescription />
      <UnitQty>י"ח</UnitQty>
      <Quantity>1</Quantity>
      <UnitMeasure />
      <BisWeighted>0</BisWeighted>
      <QtyInPackage>1</QtyInPackage>
      <ItemPrice>15.90</ItemPrice>
      <UnitOfMeasurePrice>15.90</UnitOfMeasurePrice>
      <AllowDiscount>1</AllowDiscount>
      <itemStatus>1</itemStatus>
      <LastUpdateDate />
      <LastUpdateTime />
    </Product>
    <Product>
      <PriceUpdateDate>2019/11/05 10:58</PriceUpdateDate>
      <ItemCode>7290014374102</ItemCode>
      <ItemType>1</ItemType>
      <ItemName>עוגיות לחמי חמאה ארוזות במשושה</ItemName>
      <ManufactureName>תה ויסוצקי (ישראל)בעמ</ManufactureName>
      <ManufactureCountry />
      <ManufactureItemDescription />
      <UnitQty>י"ח</UnitQty>
      <Quantity>1</Quantity>
      <UnitMeasure />
      <BisWeighted>0</BisWeighted>
      <QtyInPackage>1</QtyInPackage>
      <ItemPrice>15.90</ItemPrice>
      <UnitOfMeasurePrice>15.90</UnitOfMeasurePrice>
      <AllowDiscount>1</AllowDiscount>
      <itemStatus>1</itemStatus>
      <LastUpdateDate />
      <LastUpdateTime />
    </Product>
    <Product>
      <PriceUpdateDate>2019/11/05 10:58</PriceUpdateDate>
      <ItemCode>7290014374225</ItemCode>
      <ItemType>1</ItemType>
      <ItemName>עוגיות לחמי עם טחינה 200גר</ItemName>
      <ManufactureName>תה ויסוצקי (ישראל)בעמ</ManufactureName>
      <ManufactureCountry />
      <ManufactureItemDescription />
      <UnitQty>י"ח</UnitQty>
      <Quantity>1</Quantity>
      <UnitMeasure />
      <BisWeighted>0</BisWeighted>
      <QtyInPackage>1</QtyInPackage>
      <ItemPrice>15.90</ItemPrice>
      <UnitOfMeasurePrice>15.90</UnitOfMeasurePrice>
      <AllowDiscount>1</AllowDiscount>
      <itemStatus>1</itemStatus>
      <LastUpdateDate />
      <LastUpdateTime />
    </Product>
    <Product>
      <PriceUpdateDate>2018/01/25 09:20</PriceUpdateDate>
      <ItemCode>7290014374256</ItemCode>
      <ItemType>1</ItemType>
      <ItemName>בראוניז שוקולד ואגוזים עשירה</ItemName>
      <ManufactureName>תה ויסוצקי (ישראל)בעמ</ManufactureName>
      <ManufactureCountry />
      <ManufactureItemDescription />
      <UnitQty>י"ח</UnitQty>
      <Quantity>380</Quantity>
      <UnitMeasure>ל  גרם</UnitMeasure>
      <BisWeighted>0</BisWeighted>
      <QtyInPackage>1</QtyInPackage>
      <ItemPrice>18.90</ItemPrice>
      <UnitOfMeasurePrice>4.97</UnitOfMeasurePrice>
      <AllowDiscount>1</AllowDiscount>
      <itemStatus>1</itemStatus>
      <LastUpdateDate />
      <LastUpdateTime />
    </Product>
    <Product>
      <PriceUpdateDate>2019/12/17 10:06</PriceUpdateDate>
      <ItemCode>7290014397002</ItemCode>
      <ItemType>1</ItemType>
      <ItemName>קרמה ספריי דבש</ItemName>
      <ManufactureName>החב הדרומית לשיווק</ManufactureName>
      <ManufactureCountry />
      <ManufactureItemDescription />
      <UnitQty>י"ח</UnitQty>
      <Quantity>80</Quantity>
      <UnitMeasure>ל  מ"ל</UnitMeasure>
      <BisWeighted>0</BisWeighted>
      <QtyInPackage>1</QtyInPackage>
      <ItemPrice>13.90</ItemPrice>
      <UnitOfMeasurePrice>17.38</UnitOfMeasurePrice>
      <AllowDiscount>1</AllowDiscount>
      <itemStatus>1</itemStatus>
      <LastUpdateDate />
      <LastUpdateTime />
    </Product>
    <Product>
      <PriceUpdateDate>2019/12/17 10:06</PriceUpdateDate>
      <ItemCode>7290014397149</ItemCode>
      <ItemType>1</ItemType>
      <ItemName>קרמה תחליב רחצה 750מ"ל מאסק</ItemName>
      <ManufactureName>החב הדרומית לשיווק</ManufactureName>
      <ManufactureCountry />
      <ManufactureItemDescription />
      <UnitQty>י"ח</UnitQty>
      <Quantity>750</Quantity>
      <UnitMeasure>ל  מ"ל</UnitMeasure>
      <BisWeighted>0</BisWeighted>
      <QtyInPackage>1</QtyInPackage>
      <ItemPrice>15.90</ItemPrice>
      <UnitOfMeasurePrice>2.12</UnitOfMeasurePrice>
      <AllowDiscount>1</AllowDiscount>
      <itemStatus>1</itemStatus>
      <LastUpdateDate />
      <LastUpdateTime />
    </Product>
    <Product>
      <PriceUpdateDate>2019/12/04 13:48</PriceUpdateDate>
      <ItemCode>7290014397163</ItemCode>
      <ItemType>1</ItemType>
      <ItemName>פרש אוטומטיק בניחוח FLORAL HARMONY</ItemName>
      <ManufactureName>החב הדרומית לשיווק</ManufactureName>
      <ManufactureCountry />
      <ManufactureItemDescription />
      <UnitQty>י"ח</UnitQty>
      <Quantity>165</Quantity>
      <UnitMeasure>ל  גרם</UnitMeasure>
      <BisWeighted>0</BisWeighted>
      <QtyInPackage>1</QtyInPackage>
      <ItemPrice>15.90</ItemPrice>
      <UnitOfMeasurePrice>9.64</UnitOfMeasurePrice>
      <AllowDiscount>1</AllowDiscount>
      <itemStatus>1</itemStatus>
      <LastUpdateDate />
      <LastUpdateTime />
    </Product>
    <Product>
      <PriceUpdateDate>2020/01/13 10:05</PriceUpdateDate>
      <ItemCode>7290014397170</ItemCode>
      <ItemType>1</ItemType>
      <ItemName>פרש אוטומטיק בניחוח SOFT BALANCE</ItemName>
      <ManufactureName>החב הדרומית לשיווק</ManufactureName>
      <ManufactureCountry />
      <ManufactureItemDescription />
      <UnitQty>י"ח</UnitQty>
      <Quantity>165</Quantity>
      <UnitMeasure>ל  גרם</UnitMeasure>
      <BisWeighted>0</BisWeighted>
      <QtyInPackage>1</QtyInPackage>
      <ItemPrice>15.90</ItemPrice>
      <UnitOfMeasurePrice>9.64</UnitOfMeasurePrice>
      <AllowDiscount>1</AllowDiscount>
      <itemStatus>1</itemStatus>
      <LastUpdateDate />
      <LastUpdateTime />
    </Product>
    <Product>
      <PriceUpdateDate>2019/12/04 13:48</PriceUpdateDate>
      <ItemCode>7290014397279</ItemCode>
      <ItemType>1</ItemType>
      <ItemName>שקיות אוכל אריזת חיסכון</ItemName>
      <ManufactureName>החב הדרומית לשיווק</ManufactureName>
      <ManufactureCountry />
      <ManufactureItemDescription />
      <UnitQty>י"ח</UnitQty>
      <Quantity>1</Quantity>
      <UnitMeasure />
      <BisWeighted>0</BisWeighted>
      <QtyInPackage>1</QtyInPackage>
      <ItemPrice>11.90</ItemPrice>
      <UnitOfMeasurePrice>11.90</UnitOfMeasurePrice>
      <AllowDiscount>1</AllowDiscount>
      <itemStatus>1</itemStatus>
      <LastUpdateDate />
      <LastUpdateTime />
    </Product>
    <Product>
      <PriceUpdateDate>2019/12/16 08:33</PriceUpdateDate>
      <ItemCode>7290014397286</ItemCode>
      <ItemType>1</ItemType>
      <ItemName>מרכך כביסה מקסימה 1 ליטר מרוכז</ItemName>
      <ManufactureName>החב הדרומית לשיווק</ManufactureName>
      <ManufactureCountry />
      <ManufactureItemDescription />
      <UnitQty>י"ח</UnitQty>
      <Quantity>1</Quantity>
      <UnitMeasure>ליטר</UnitMeasure>
      <BisWeighted>0</BisWeighted>
      <QtyInPackage>1</QtyInPackage>
      <ItemPrice>15.90</ItemPrice>
      <UnitOfMeasurePrice>15.90</UnitOfMeasurePrice>
      <AllowDiscount>1</AllowDiscount>
      <itemStatus>1</itemStatus>
      <LastUpdateDate />
      <LastUpdateTime />
    </Product>
    <Product>
      <PriceUpdateDate>2019/12/16 08:33</PriceUpdateDate>
      <ItemCode>7290014397293</ItemCode>
      <ItemType>1</ItemType>
      <ItemName>מרכך כביסה מקסימה 1 ליטר מרוכז</ItemName>
      <ManufactureName>החב הדרומית לשיווק</ManufactureName>
      <ManufactureCountry />
      <ManufactureItemDescription />
      <UnitQty>י"ח</UnitQty>
      <Quantity>1</Quantity>
      <UnitMeasure>ליטר</UnitMeasure>
      <BisWeighted>0</BisWeighted>
      <QtyInPackage>1</QtyInPackage>
      <ItemPrice>15.90</ItemPrice>
      <UnitOfMeasurePrice>15.90</UnitOfMeasurePrice>
      <AllowDiscount>1</AllowDiscount>
      <itemStatus>1</itemStatus>
      <LastUpdateDate />
      <LastUpdateTime />
    </Product>
    <Product>
      <PriceUpdateDate>2019/12/04 13:48</PriceUpdateDate>
      <ItemCode>7290014397453</ItemCode>
      <ItemType>1</ItemType>
      <ItemName>סנו אוקסיגן 3ליטר כביסה לבנה</ItemName>
      <ManufactureName>החב הדרומית לשיווק</ManufactureName>
      <ManufactureCountry />
      <ManufactureItemDescription />
      <UnitQty>י"ח</UnitQty>
      <Quantity>3</Quantity>
      <UnitMeasure>ליטר</UnitMeasure>
      <BisWeighted>0</BisWeighted>
      <QtyInPackage>1</QtyInPackage>
      <ItemPrice>28.90</ItemPrice>
      <UnitOfMeasurePrice>9.63</UnitOfMeasurePrice>
      <AllowDiscount>1</AllowDiscount>
      <itemStatus>1</itemStatus>
      <LastUpdateDate />
      <LastUpdateTime />
    </Product>
    <Product>
      <PriceUpdateDate>2016/06/09 14:11</PriceUpdateDate>
      <ItemCode>7290014397767</ItemCode>
      <ItemType>1</ItemType>
      <ItemName>ריצפז פרש הום כותנה מלטפת 2ל</ItemName>
      <ManufactureName>החב הדרומית לשיווק</ManufactureName>
      <ManufactureCountry />
      <ManufactureItemDescription />
      <UnitQty>י"ח</UnitQty>
      <Quantity>1.45</Quantity>
      <UnitMeasure>ליטר</UnitMeasure>
      <BisWeighted>0</BisWeighted>
      <QtyInPackage>1</QtyInPackage>
      <ItemPrice>19.90</ItemPrice>
      <UnitOfMeasurePrice>13.72</UnitOfMeasurePrice>
      <AllowDiscount>1</AllowDiscount>
      <itemStatus>1</itemStatus>
      <LastUpdateDate />
      <LastUpdateTime />
    </Product>
    <Product>
      <PriceUpdateDate>2020/01/09 08:46</PriceUpdateDate>
      <ItemCode>7290014397774</ItemCode>
      <ItemType>1</ItemType>
      <ItemName>ריצפז פרש  הום טבע רענן 2ל לרצפה</ItemName>
      <ManufactureName>החב הדרומית לשיווק</ManufactureName>
      <ManufactureCountry />
      <ManufactureItemDescription />
      <UnitQty>י"ח</UnitQty>
      <Quantity>1.45</Quantity>
      <UnitMeasure>ליטר</UnitMeasure>
      <BisWeighted>0</BisWeighted>
      <QtyInPackage>1</QtyInPackage>
      <ItemPrice>19.90</ItemPrice>
      <UnitOfMeasurePrice>13.72</UnitOfMeasurePrice>
      <AllowDiscount>1</AllowDiscount>
      <itemStatus>1</itemStatus>
      <LastUpdateDate />
      <LastUpdateTime />
    </Product>
    <Product>
      <PriceUpdateDate>2016/06/09 14:11</PriceUpdateDate>
      <ItemCode>7290014397781</ItemCode>
      <ItemType>1</ItemType>
      <ItemName>ריצפז פרש הום סבון מפנק  2ל לרצפה</ItemName>
      <ManufactureName>החב הדרומית לשיווק</ManufactureName>
      <ManufactureCountry />
      <ManufactureItemDescription />
      <UnitQty>י"ח</UnitQty>
      <Quantity>1.45</Quantity>
      <UnitMeasure>ליטר</UnitMeasure>
      <BisWeighted>0</BisWeighted>
      <QtyInPackage>1</QtyInPackage>
      <ItemPrice>19.90</ItemPrice>
      <UnitOfMeasurePrice>13.72</UnitOfMeasurePrice>
      <AllowDiscount>1</AllowDiscount>
      <itemStatus>1</itemStatus>
      <LastUpdateDate />
      <LastUpdateTime />
    </Product>
    <Product>
      <PriceUpdateDate>2019/11/11 08:38</PriceUpdateDate>
      <ItemCode>7290014466128</ItemCode>
      <ItemType>1</ItemType>
      <ItemName>יין הר חרמון אינדיגו 750 מ"ל</ItemName>
      <ManufactureName>היכל היין שקד גולן בעמ</ManufactureName>
      <ManufactureCountry />
      <ManufactureItemDescription />
      <UnitQty>י"ח</UnitQty>
      <Quantity>750</Quantity>
      <UnitMeasure>ל  מ"ל</UnitMeasure>
      <BisWeighted>0</BisWeighted>
      <QtyInPackage>1</QtyInPackage>
      <ItemPrice>32.90</ItemPrice>
      <UnitOfMeasurePrice>4.35</UnitOfMeasurePrice>
      <AllowDiscount>1</AllowDiscount>
      <itemStatus>1</itemStatus>
      <LastUpdateDate />
      <LastUpdateTime />
    </Product>
    <Product>
      <PriceUpdateDate>2020/03/03 13:20</PriceUpdateDate>
      <ItemCode>7290014466463</ItemCode>
      <ItemType>1</ItemType>
      <ItemName>יין הר חרמון מוסקטו 750 מ"ל</ItemName>
      <ManufactureName>היכל היין שקד גולן בעמ</ManufactureName>
      <ManufactureCountry />
      <ManufactureItemDescription />
      <UnitQty>י"ח</UnitQty>
      <Quantity>750</Quantity>
      <UnitMeasure>ל  מ"ל</UnitMeasure>
      <BisWeighted>0</BisWeighted>
      <QtyInPackage>1</QtyInPackage>
      <ItemPrice>32.90</ItemPrice>
      <UnitOfMeasurePrice>4.35</UnitOfMeasurePrice>
      <AllowDiscount>1</AllowDiscount>
      <itemStatus>1</itemStatus>
      <LastUpdateDate />
      <LastUpdateTime />
    </Product>
    <Product>
      <PriceUpdateDate>2014/07/06 13:16</PriceUpdateDate>
      <ItemCode>7290014471412</ItemCode>
      <ItemType>1</ItemType>
      <ItemName>מוזלי בוטנים אגוזים ושקדים 1ק"ג</ItemName>
      <ManufactureName>דין שיווק וקליהבעמ</ManufactureName>
      <ManufactureCountry />
      <ManufactureItemDescription />
      <UnitQty>י"ח</UnitQty>
      <Quantity>0</Quantity>
      <UnitMeasure>ק"ג</UnitMeasure>
      <BisWeighted>0</BisWeighted>
      <QtyInPackage>1</QtyInPackage>
      <ItemPrice>21.90</ItemPrice>
      <UnitOfMeasurePrice>21.90</UnitOfMeasurePrice>
      <AllowDiscount>1</AllowDiscount>
      <itemStatus>1</itemStatus>
      <LastUpdateDate />
      <LastUpdateTime />
    </Product>
    <Product>
      <PriceUpdateDate>2014/07/06 13:16</PriceUpdateDate>
      <ItemCode>7290014471429</ItemCode>
      <ItemType>1</ItemType>
      <ItemName>מוזלי פירות 1ק"ג</ItemName>
      <ManufactureName>דין שיווק וקליהבעמ</ManufactureName>
      <ManufactureCountry />
      <ManufactureItemDescription />
      <UnitQty>י"ח</UnitQty>
      <Quantity>0</Quantity>
      <UnitMeasure>ק"ג</UnitMeasure>
      <BisWeighted>0</BisWeighted>
      <QtyInPackage>1</QtyInPackage>
      <ItemPrice>21.90</ItemPrice>
      <UnitOfMeasurePrice>21.90</UnitOfMeasurePrice>
      <AllowDiscount>1</AllowDiscount>
      <itemStatus>1</itemStatus>
      <LastUpdateDate />
      <LastUpdateTime />
    </Product>
    <Product>
      <PriceUpdateDate>2014/07/06 13:16</PriceUpdateDate>
      <ItemCode>7290014471436</ItemCode>
      <ItemType>1</ItemType>
      <ItemName>מוזלי צימוקים תפוח קינמון רגעיני חמ 1ק"ג</ItemName>
      <ManufactureName>דין שיווק וקליהבעמ</ManufactureName>
      <ManufactureCountry />
      <ManufactureItemDescription />
      <UnitQty>י"ח</UnitQty>
      <Quantity>0</Quantity>
      <UnitMeasure>ק"ג</UnitMeasure>
      <BisWeighted>0</BisWeighted>
      <QtyInPackage>1</QtyInPackage>
      <ItemPrice>21.90</ItemPrice>
      <UnitOfMeasurePrice>21.90</UnitOfMeasurePrice>
      <AllowDiscount>1</AllowDiscount>
      <itemStatus>1</itemStatus>
      <LastUpdateDate />
      <LastUpdateTime />
    </Product>
    <Product>
      <PriceUpdateDate>2014/07/06 13:16</PriceUpdateDate>
      <ItemCode>7290014471443</ItemCode>
      <ItemType>1</ItemType>
      <ItemName>גרנולה אגוזים 1ק"ג</ItemName>
      <ManufactureName>דין שיווק וקליהבעמ</ManufactureName>
      <ManufactureCountry />
      <ManufactureItemDescription />
      <UnitQty>י"ח</UnitQty>
      <Quantity>0</Quantity>
      <UnitMeasure>ק"ג</UnitMeasure>
      <BisWeighted>0</BisWeighted>
      <QtyInPackage>1</QtyInPackage>
      <ItemPrice>21.90</ItemPrice>
      <UnitOfMeasurePrice>21.90</UnitOfMeasurePrice>
      <AllowDiscount>1</AllowDiscount>
      <itemStatus>1</itemStatus>
      <LastUpdateDate />
      <LastUpdateTime />
    </Product>
    <Product>
      <PriceUpdateDate>2016/11/08 13:29</PriceUpdateDate>
      <ItemCode>7290014501225</ItemCode>
      <ItemType>1</ItemType>
      <ItemName>הרי גליל אדום</ItemName>
      <ManufactureName>היכל היין שקד גולן בעמ</ManufactureName>
      <ManufactureCountry />
      <ManufactureItemDescription />
      <UnitQty>י"ח</UnitQty>
      <Quantity>750</Quantity>
      <UnitMeasure>ל  מ"ל</UnitMeasure>
      <BisWeighted>0</BisWeighted>
      <QtyInPackage>1</QtyInPackage>
      <ItemPrice>35.20</ItemPrice>
      <UnitOfMeasurePrice>4.65</UnitOfMeasurePrice>
      <AllowDiscount>1</AllowDiscount>
      <itemStatus>1</itemStatus>
      <LastUpdateDate />
      <LastUpdateTime />
    </Product>
    <Product>
      <PriceUpdateDate>2016/08/16 09:44</PriceUpdateDate>
      <ItemCode>7290014501232</ItemCode>
      <ItemType>1</ItemType>
      <ItemName>גליל לבן</ItemName>
      <ManufactureName>היכל היין שקד גולן בעמ</ManufactureName>
      <ManufactureCountry />
      <ManufactureItemDescription />
      <UnitQty>י"ח</UnitQty>
      <Quantity>750</Quantity>
      <UnitMeasure>ל  מ"ל</UnitMeasure>
      <BisWeighted>0</BisWeighted>
      <QtyInPackage>1</QtyInPackage>
      <ItemPrice>35.20</ItemPrice>
      <UnitOfMeasurePrice>4.65</UnitOfMeasurePrice>
      <AllowDiscount>1</AllowDiscount>
      <itemStatus>1</itemStatus>
      <LastUpdateDate />
      <LastUpdateTime />
    </Product>
    <Product>
      <PriceUpdateDate>2019/02/03 09:34</PriceUpdateDate>
      <ItemCode>7290014525009</ItemCode>
      <ItemType>1</ItemType>
      <ItemName>חטיף בריאות בטעם יוגורט במילוי תפוח</ItemName>
      <ManufactureName>ש.שסטוביץ בעמ</ManufactureName>
      <ManufactureCountry />
      <ManufactureItemDescription />
      <UnitQty>י"ח</UnitQty>
      <Quantity>283</Quantity>
      <UnitMeasure>ל  גרם</UnitMeasure>
      <BisWeighted>0</BisWeighted>
      <QtyInPackage>1</QtyInPackage>
      <ItemPrice>12.90</ItemPrice>
      <UnitOfMeasurePrice>4.56</UnitOfMeasurePrice>
      <AllowDiscount>1</AllowDiscount>
      <itemStatus>1</itemStatus>
      <LastUpdateDate />
      <LastUpdateTime />
    </Product>
    <Product>
      <PriceUpdateDate>2019/02/03 09:34</PriceUpdateDate>
      <ItemCode>7290014525016</ItemCode>
      <ItemType>1</ItemType>
      <ItemName>חטיף בריאות בטעם יוגורט במילוי תות שדה</ItemName>
      <ManufactureName>ש.שסטוביץ בעמ</ManufactureName>
      <ManufactureCountry />
      <ManufactureItemDescription />
      <UnitQty>י"ח</UnitQty>
      <Quantity>283</Quantity>
      <UnitMeasure>ל  גרם</UnitMeasure>
      <BisWeighted>0</BisWeighted>
      <QtyInPackage>1</QtyInPackage>
      <ItemPrice>12.90</ItemPrice>
      <UnitOfMeasurePrice>4.56</UnitOfMeasurePrice>
      <AllowDiscount>1</AllowDiscount>
      <itemStatus>1</itemStatus>
      <LastUpdateDate />
      <LastUpdateTime />
    </Product>
    <Product>
      <PriceUpdateDate>2019/02/03 09:34</PriceUpdateDate>
      <ItemCode>7290014525023</ItemCode>
      <ItemType>1</ItemType>
      <ItemName>חטיף בריאות במילוי פירות יער</ItemName>
      <ManufactureName>ש.שסטוביץ בעמ</ManufactureName>
      <ManufactureCountry />
      <ManufactureItemDescription />
      <UnitQty>י"ח</UnitQty>
      <Quantity>283</Quantity>
      <UnitMeasure>ל  גרם</UnitMeasure>
      <BisWeighted>0</BisWeighted>
      <QtyInPackage>1</QtyInPackage>
      <ItemPrice>12.90</ItemPrice>
      <UnitOfMeasurePrice>4.56</UnitOfMeasurePrice>
      <AllowDiscount>1</AllowDiscount>
      <itemStatus>1</itemStatus>
      <LastUpdateDate />
      <LastUpdateTime />
    </Product>
    <Product>
      <PriceUpdateDate>2019/02/03 09:34</PriceUpdateDate>
      <ItemCode>7290014525177</ItemCode>
      <ItemType>1</ItemType>
      <ItemName>מרבה סלים פרוט בטעם יוגורט ופירות יע 1</ItemName>
      <ManufactureName>ש.שסטוביץ בעמ</ManufactureName>
      <ManufactureCountry />
      <ManufactureItemDescription />
      <UnitQty>י"ח</UnitQty>
      <Quantity>120</Quantity>
      <UnitMeasure>ל  גרם</UnitMeasure>
      <BisWeighted>0</BisWeighted>
      <QtyInPackage>1</QtyInPackage>
      <ItemPrice>12.90</ItemPrice>
      <UnitOfMeasurePrice>10.75</UnitOfMeasurePrice>
      <AllowDiscount>1</AllowDiscount>
      <itemStatus>1</itemStatus>
      <LastUpdateDate />
      <LastUpdateTime />
    </Product>
    <Product>
      <PriceUpdateDate>2019/02/03 09:34</PriceUpdateDate>
      <ItemCode>7290014525290</ItemCode>
      <ItemType>1</ItemType>
      <ItemName>מרבה סלים דלים קריספי תות 125ג</ItemName>
      <ManufactureName>ש.שסטוביץ בעמ</ManufactureName>
      <ManufactureCountry />
      <ManufactureItemDescription />
      <UnitQty>י"ח</UnitQty>
      <Quantity>120</Quantity>
      <UnitMeasure>ל  גרם</UnitMeasure>
      <BisWeighted>0</BisWeighted>
      <QtyInPackage>1</QtyInPackage>
      <ItemPrice>12.90</ItemPrice>
      <UnitOfMeasurePrice>10.75</UnitOfMeasurePrice>
      <AllowDiscount>1</AllowDiscount>
      <itemStatus>1</itemStatus>
      <LastUpdateDate />
      <LastUpdateTime />
    </Product>
    <Product>
      <PriceUpdateDate>2019/02/03 09:34</PriceUpdateDate>
      <ItemCode>7290014525306</ItemCode>
      <ItemType>1</ItemType>
      <ItemName>מרבה סלים דלים קריספי אוכמניות  125ג</ItemName>
      <ManufactureName>ש.שסטוביץ בעמ</ManufactureName>
      <ManufactureCountry />
      <ManufactureItemDescription />
      <UnitQty>י"ח</UnitQty>
      <Quantity>120</Quantity>
      <UnitMeasure>ל  גרם</UnitMeasure>
      <BisWeighted>0</BisWeighted>
      <QtyInPackage>1</QtyInPackage>
      <ItemPrice>12.90</ItemPrice>
      <UnitOfMeasurePrice>10.75</UnitOfMeasurePrice>
      <AllowDiscount>1</AllowDiscount>
      <itemStatus>1</itemStatus>
      <LastUpdateDate />
      <LastUpdateTime />
    </Product>
    <Product>
      <PriceUpdateDate>2019/02/03 09:34</PriceUpdateDate>
      <ItemCode>7290014525313</ItemCode>
      <ItemType>1</ItemType>
      <ItemName>מרבה סלים דלים קריספי שוקולד  125ג</ItemName>
      <ManufactureName>ש.שסטוביץ בעמ</ManufactureName>
      <ManufactureCountry />
      <ManufactureItemDescription />
      <UnitQty>י"ח</UnitQty>
      <Quantity>120</Quantity>
      <UnitMeasure>ל  גרם</UnitMeasure>
      <BisWeighted>0</BisWeighted>
      <QtyInPackage>1</QtyInPackage>
      <ItemPrice>12.90</ItemPrice>
      <UnitOfMeasurePrice>10.75</UnitOfMeasurePrice>
      <AllowDiscount>1</AllowDiscount>
      <itemStatus>1</itemStatus>
      <LastUpdateDate />
      <LastUpdateTime />
    </Product>
    <Product>
      <PriceUpdateDate>2018/07/29 08:52</PriceUpdateDate>
      <ItemCode>7290014525573</ItemCode>
      <ItemType>1</ItemType>
      <ItemName>מרבה שוקודליס עוגיות שוקולד חלב  145ג</ItemName>
      <ManufactureName>ש.שסטוביץ בעמ</ManufactureName>
      <ManufactureCountry />
      <ManufactureItemDescription />
      <UnitQty>י"ח</UnitQty>
      <Quantity>145</Quantity>
      <UnitMeasure>ל  גרם</UnitMeasure>
      <BisWeighted>0</BisWeighted>
      <QtyInPackage>1</QtyInPackage>
      <ItemPrice>12.90</ItemPrice>
      <UnitOfMeasurePrice>8.90</UnitOfMeasurePrice>
      <AllowDiscount>1</AllowDiscount>
      <itemStatus>1</itemStatus>
      <LastUpdateDate />
      <LastUpdateTime />
    </Product>
    <Product>
      <PriceUpdateDate>2018/07/29 08:52</PriceUpdateDate>
      <ItemCode>7290014525580</ItemCode>
      <ItemType>1</ItemType>
      <ItemName>מרבה שוקודליס עוגיות שוקולד מריר  145ג</ItemName>
      <ManufactureName>ש.שסטוביץ בעמ</ManufactureName>
      <ManufactureCountry />
      <ManufactureItemDescription />
      <UnitQty>י"ח</UnitQty>
      <Quantity>145</Quantity>
      <UnitMeasure>ל  גרם</UnitMeasure>
      <BisWeighted>0</BisWeighted>
      <QtyInPackage>1</QtyInPackage>
      <ItemPrice>12.90</ItemPrice>
      <UnitOfMeasurePrice>8.90</UnitOfMeasurePrice>
      <AllowDiscount>1</AllowDiscount>
      <itemStatus>1</itemStatus>
      <LastUpdateDate />
      <LastUpdateTime />
    </Product>
    <Product>
      <PriceUpdateDate>2018/07/29 08:52</PriceUpdateDate>
      <ItemCode>7290014525597</ItemCode>
      <ItemType>1</ItemType>
      <ItemName>מרבה שוקודליס עוגיות קרם וניל 176ג</ItemName>
      <ManufactureName>ש.שסטוביץ בעמ</ManufactureName>
      <ManufactureCountry />
      <ManufactureItemDescription />
      <UnitQty>י"ח</UnitQty>
      <Quantity>176</Quantity>
      <UnitMeasure>ל  גרם</UnitMeasure>
      <BisWeighted>0</BisWeighted>
      <QtyInPackage>1</QtyInPackage>
      <ItemPrice>12.90</ItemPrice>
      <UnitOfMeasurePrice>7.33</UnitOfMeasurePrice>
      <AllowDiscount>1</AllowDiscount>
      <itemStatus>1</itemStatus>
      <LastUpdateDate />
      <LastUpdateTime />
    </Product>
    <Product>
      <PriceUpdateDate>2018/07/29 08:52</PriceUpdateDate>
      <ItemCode>7290014525603</ItemCode>
      <ItemType>1</ItemType>
      <ItemName>מרבה שוקודליס עוגיות קרם שוקולד 176ג</ItemName>
      <ManufactureName>ש.שסטוביץ בעמ</ManufactureName>
      <ManufactureCountry />
      <ManufactureItemDescription />
      <UnitQty>י"ח</UnitQty>
      <Quantity>176</Quantity>
      <UnitMeasure>ל  גרם</UnitMeasure>
      <BisWeighted>0</BisWeighted>
      <QtyInPackage>1</QtyInPackage>
      <ItemPrice>12.90</ItemPrice>
      <UnitOfMeasurePrice>7.33</UnitOfMeasurePrice>
      <AllowDiscount>1</AllowDiscount>
      <itemStatus>1</itemStatus>
      <LastUpdateDate />
      <LastUpdateTime />
    </Product>
    <Product>
      <PriceUpdateDate>2020/01/17 07:48</PriceUpdateDate>
      <ItemCode>7290014525658</ItemCode>
      <ItemType>1</ItemType>
      <ItemName>מרבה שוקודליס עוגיות קרם קפוצינו  145ג</ItemName>
      <ManufactureName>ש.שסטוביץ בעמ</ManufactureName>
      <ManufactureCountry />
      <ManufactureItemDescription />
      <UnitQty>י"ח</UnitQty>
      <Quantity>145</Quantity>
      <UnitMeasure>ל  גרם</UnitMeasure>
      <BisWeighted>0</BisWeighted>
      <QtyInPackage>1</QtyInPackage>
      <ItemPrice>12.90</ItemPrice>
      <UnitOfMeasurePrice>8.90</UnitOfMeasurePrice>
      <AllowDiscount>1</AllowDiscount>
      <itemStatus>1</itemStatus>
      <LastUpdateDate />
      <LastUpdateTime />
    </Product>
    <Product>
      <PriceUpdateDate>2018/11/20 07:48</PriceUpdateDate>
      <ItemCode>7290014547322</ItemCode>
      <ItemType>1</ItemType>
      <ItemName>זוג מברשות סנסודיין שיקום</ItemName>
      <ManufactureName>גורי ע.ע.ע. בעמ</ManufactureName>
      <ManufactureCountry />
      <ManufactureItemDescription />
      <UnitQty>י"ח</UnitQty>
      <Quantity>75</Quantity>
      <UnitMeasure>ל  מ"ל</UnitMeasure>
      <BisWeighted>0</BisWeighted>
      <QtyInPackage>1</QtyInPackage>
      <ItemPrice>29.90</ItemPrice>
      <UnitOfMeasurePrice>39.87</UnitOfMeasurePrice>
      <AllowDiscount>1</AllowDiscount>
      <itemStatus>1</itemStatus>
      <LastUpdateDate />
      <LastUpdateTime />
    </Product>
    <Product>
      <PriceUpdateDate>2017/10/20 07:39</PriceUpdateDate>
      <ItemCode>7290014547339</ItemCode>
      <ItemType>1</ItemType>
      <ItemName>סנסודיין מברשת שיקום והגנה 75מ"ל</ItemName>
      <ManufactureName>גורי ע.ע.ע. בעמ</ManufactureName>
      <ManufactureCountry />
      <ManufactureItemDescription />
      <UnitQty>י"ח</UnitQty>
      <Quantity>75</Quantity>
      <UnitMeasure>ל  מ"ל</UnitMeasure>
      <BisWeighted>0</BisWeighted>
      <QtyInPackage>1</QtyInPackage>
      <ItemPrice>24.90</ItemPrice>
      <UnitOfMeasurePrice>33.20</UnitOfMeasurePrice>
      <AllowDiscount>1</AllowDiscount>
      <itemStatus>1</itemStatus>
      <LastUpdateDate />
      <LastUpdateTime />
    </Product>
    <Product>
      <PriceUpdateDate>2018/11/20 07:48</PriceUpdateDate>
      <ItemCode>7290014547353</ItemCode>
      <ItemType>1</ItemType>
      <ItemName>זוג מברשות סנסודיין דואלקר</ItemName>
      <ManufactureName>גורי ע.ע.ע. בעמ</ManufactureName>
      <ManufactureCountry />
      <ManufactureItemDescription />
      <UnitQty>י"ח</UnitQty>
      <Quantity>75</Quantity>
      <UnitMeasure>ל  מ"ל</UnitMeasure>
      <BisWeighted>0</BisWeighted>
      <QtyInPackage>1</QtyInPackage>
      <ItemPrice>24.90</ItemPrice>
      <UnitOfMeasurePrice>33.20</UnitOfMeasurePrice>
      <AllowDiscount>1</AllowDiscount>
      <itemStatus>1</itemStatus>
      <LastUpdateDate />
      <LastUpdateTime />
    </Product>
    <Product>
      <PriceUpdateDate>2014/07/14 15:56</PriceUpdateDate>
      <ItemCode>7290014692299</ItemCode>
      <ItemType>1</ItemType>
      <ItemName>ברי 125ג  ויליפוד</ItemName>
      <ManufactureName>ג.וילי פוד אינטרנשיונל בעמ</ManufactureName>
      <ManufactureCountry />
      <ManufactureItemDescription />
      <UnitQty>י"ח</UnitQty>
      <Quantity>125</Quantity>
      <UnitMeasure>ל  גרם</UnitMeasure>
      <BisWeighted>0</BisWeighted>
      <QtyInPackage>1</QtyInPackage>
      <ItemPrice>19.40</ItemPrice>
      <UnitOfMeasurePrice>15.52</UnitOfMeasurePrice>
      <AllowDiscount>1</AllowDiscount>
      <itemStatus>1</itemStatus>
      <LastUpdateDate />
      <LastUpdateTime />
    </Product>
    <Product>
      <PriceUpdateDate>2014/07/14 15:56</PriceUpdateDate>
      <ItemCode>7290014692305</ItemCode>
      <ItemType>1</ItemType>
      <ItemName>קממבר  125ג  ויליפוד</ItemName>
      <ManufactureName>ג.וילי פוד אינטרנשיונל בעמ</ManufactureName>
      <ManufactureCountry />
      <ManufactureItemDescription />
      <UnitQty>י"ח</UnitQty>
      <Quantity>125</Quantity>
      <UnitMeasure>ל  גרם</UnitMeasure>
      <BisWeighted>0</BisWeighted>
      <QtyInPackage>1</QtyInPackage>
      <ItemPrice>19.40</ItemPrice>
      <UnitOfMeasurePrice>15.52</UnitOfMeasurePrice>
      <AllowDiscount>1</AllowDiscount>
      <itemStatus>1</itemStatus>
      <LastUpdateDate />
      <LastUpdateTime />
    </Product>
    <Product>
      <PriceUpdateDate>2014/01/03 13:46</PriceUpdateDate>
      <ItemCode>7290014692534</ItemCode>
      <ItemType>1</ItemType>
      <ItemName>גבינת גאודה מגורדת 500ג</ItemName>
      <ManufactureName>ג.וילי פוד אינטרנשיונל בעמ</ManufactureName>
      <ManufactureCountry />
      <ManufactureItemDescription />
      <UnitQty>י"ח</UnitQty>
      <Quantity>5</Quantity>
      <UnitMeasure>י"ח</UnitMeasure>
      <BisWeighted>0</BisWeighted>
      <QtyInPackage>1</QtyInPackage>
      <ItemPrice>30.60</ItemPrice>
      <UnitOfMeasurePrice>6.12</UnitOfMeasurePrice>
      <AllowDiscount>0</AllowDiscount>
      <itemStatus>1</itemStatus>
      <LastUpdateDate />
      <LastUpdateTime />
    </Product>
    <Product>
      <PriceUpdateDate>2014/07/14 15:56</PriceUpdateDate>
      <ItemCode>7290014692633</ItemCode>
      <ItemType>1</ItemType>
      <ItemName>גבינה עיזים צאנק 150ג</ItemName>
      <ManufactureName>ג.וילי פוד אינטרנשיונל בעמ</ManufactureName>
      <ManufactureCountry />
      <ManufactureItemDescription />
      <UnitQty>י"ח</UnitQty>
      <Quantity>150</Quantity>
      <UnitMeasure>ל  גרם</UnitMeasure>
      <BisWeighted>0</BisWeighted>
      <QtyInPackage>1</QtyInPackage>
      <ItemPrice>19</ItemPrice>
      <UnitOfMeasurePrice>12.67</UnitOfMeasurePrice>
      <AllowDiscount>0</AllowDiscount>
      <itemStatus>1</itemStatus>
      <LastUpdateDate />
      <LastUpdateTime />
    </Product>
    <Product>
      <PriceUpdateDate>2019/03/01 08:21</PriceUpdateDate>
      <ItemCode>7290014692817</ItemCode>
      <ItemType>1</ItemType>
      <ItemName>מוצרלה מגורדת 200ג ויליפוד</ItemName>
      <ManufactureName>ג.וילי פוד אינטרנשיונל בעמ</ManufactureName>
      <ManufactureCountry />
      <ManufactureItemDescription />
      <UnitQty>י"ח</UnitQty>
      <Quantity>200</Quantity>
      <UnitMeasure>ל  גרם</UnitMeasure>
      <BisWeighted>0</BisWeighted>
      <QtyInPackage>1</QtyInPackage>
      <ItemPrice>11.90</ItemPrice>
      <UnitOfMeasurePrice>5.95</UnitOfMeasurePrice>
      <AllowDiscount>0</AllowDiscount>
      <itemStatus>1</itemStatus>
      <LastUpdateDate />
      <LastUpdateTime />
    </Product>
    <Product>
      <PriceUpdateDate>2020/05/03 15:08</PriceUpdateDate>
      <ItemCode>7290014745599</ItemCode>
      <ItemType>1</ItemType>
      <ItemName>שניצל עוף טוב ביתי ציפוי צ`יפס רכיבים</ItemName>
      <ManufactureName>קבוצת אוסם סחר-שות.מוגבלת</ManufactureName>
      <ManufactureCountry />
      <ManufactureItemDescription />
      <UnitQty>י"ח</UnitQty>
      <Quantity>700</Quantity>
      <UnitMeasure>ל  גרם</UnitMeasure>
      <BisWeighted>0</BisWeighted>
      <QtyInPackage>1</QtyInPackage>
      <ItemPrice>36.90</ItemPrice>
      <UnitOfMeasurePrice>5.27</UnitOfMeasurePrice>
      <AllowDiscount>1</AllowDiscount>
      <itemStatus>1</itemStatus>
      <LastUpdateDate />
      <LastUpdateTime />
    </Product>
    <Product>
      <PriceUpdateDate>2014/03/18 16:32</PriceUpdateDate>
      <ItemCode>7290014745919</ItemCode>
      <ItemType>1</ItemType>
      <ItemName>שניצל עוף דק בציפוי קריספי 700  ג`רכיב</ItemName>
      <ManufactureName>קבוצת אוסם סחר-שות.מוגבלת</ManufactureName>
      <ManufactureCountry />
      <ManufactureItemDescription />
      <UnitQty>י"ח</UnitQty>
      <Quantity>700</Quantity>
      <UnitMeasure>ל  גרם</UnitMeasure>
      <BisWeighted>0</BisWeighted>
      <QtyInPackage>1</QtyInPackage>
      <ItemPrice>36.90</ItemPrice>
      <UnitOfMeasurePrice>5.27</UnitOfMeasurePrice>
      <AllowDiscount>1</AllowDiscount>
      <itemStatus>1</itemStatus>
      <LastUpdateDate />
      <LastUpdateTime />
    </Product>
    <Product>
      <PriceUpdateDate>2020/05/03 15:08</PriceUpdateDate>
      <ItemCode>7290014746466</ItemCode>
      <ItemType>1</ItemType>
      <ItemName>שניצל עוף דק פחות מלח 700גר רכיבים טבע</ItemName>
      <ManufactureName>קבוצת אוסם סחר-שות.מוגבלת</ManufactureName>
      <ManufactureCountry />
      <ManufactureItemDescription />
      <UnitQty>י"ח</UnitQty>
      <Quantity>700</Quantity>
      <UnitMeasure>ל  גרם</UnitMeasure>
      <BisWeighted>0</BisWeighted>
      <QtyInPackage>1</QtyInPackage>
      <ItemPrice>36.90</ItemPrice>
      <UnitOfMeasurePrice>5.27</UnitOfMeasurePrice>
      <AllowDiscount>1</AllowDiscount>
      <itemStatus>1</itemStatus>
      <LastUpdateDate />
      <LastUpdateTime />
    </Product>
    <Product>
      <PriceUpdateDate>2015/03/10 11:33</PriceUpdateDate>
      <ItemCode>7290014746480</ItemCode>
      <ItemType>1</ItemType>
      <ItemName>אצבעות שניצל שומשום פחות מלח 700 עוף ט</ItemName>
      <ManufactureName>קבוצת אוסם סחר-שות.מוגבלת</ManufactureName>
      <ManufactureCountry />
      <ManufactureItemDescription />
      <UnitQty>י"ח</UnitQty>
      <Quantity>700</Quantity>
      <UnitMeasure>ל  גרם</UnitMeasure>
      <BisWeighted>0</BisWeighted>
      <QtyInPackage>1</QtyInPackage>
      <ItemPrice>36.90</ItemPrice>
      <UnitOfMeasurePrice>5.27</UnitOfMeasurePrice>
      <AllowDiscount>1</AllowDiscount>
      <itemStatus>1</itemStatus>
      <LastUpdateDate />
      <LastUpdateTime />
    </Product>
    <Product>
      <PriceUpdateDate>2020/05/03 15:08</PriceUpdateDate>
      <ItemCode>7290014746565</ItemCode>
      <ItemType>1</ItemType>
      <ItemName>שניצל ביתי מעודן פחות מלח 700גר עוף טו</ItemName>
      <ManufactureName>קבוצת אוסם סחר-שות.מוגבלת</ManufactureName>
      <ManufactureCountry />
      <ManufactureItemDescription />
      <UnitQty>י"ח</UnitQty>
      <Quantity>700</Quantity>
      <UnitMeasure>ל  גרם</UnitMeasure>
      <BisWeighted>0</BisWeighted>
      <QtyInPackage>1</QtyInPackage>
      <ItemPrice>36.90</ItemPrice>
      <UnitOfMeasurePrice>5.27</UnitOfMeasurePrice>
      <AllowDiscount>1</AllowDiscount>
      <itemStatus>1</itemStatus>
      <LastUpdateDate />
      <LastUpdateTime />
    </Product>
    <Product>
      <PriceUpdateDate>2016/02/25 09:23</PriceUpdateDate>
      <ItemCode>7290014747333</ItemCode>
      <ItemType>1</ItemType>
      <ItemName>שניצל דק ענק 650ג כשל"פ</ItemName>
      <ManufactureName>קבוצת אוסם סחר-שות.מוגבלת</ManufactureName>
      <ManufactureCountry />
      <ManufactureItemDescription />
      <UnitQty>י"ח</UnitQty>
      <Quantity>700</Quantity>
      <UnitMeasure>ל  גרם</UnitMeasure>
      <BisWeighted>0</BisWeighted>
      <QtyInPackage>1</QtyInPackage>
      <ItemPrice>35.50</ItemPrice>
      <UnitOfMeasurePrice>5.07</UnitOfMeasurePrice>
      <AllowDiscount>1</AllowDiscount>
      <itemStatus>1</itemStatus>
      <LastUpdateDate />
      <LastUpdateTime />
    </Product>
    <Product>
      <PriceUpdateDate>2016/06/10 09:58</PriceUpdateDate>
      <ItemCode>7290014747753</ItemCode>
      <ItemType>1</ItemType>
      <ItemName>עוף טוב דלי פסטרמה כמו ברומניה  240ג</ItemName>
      <ManufactureName>קבוצת אוסם סחר-שות.מוגבלת</ManufactureName>
      <ManufactureCountry />
      <ManufactureItemDescription />
      <UnitQty>י"ח</UnitQty>
      <Quantity>240</Quantity>
      <UnitMeasure>ל  גרם</UnitMeasure>
      <BisWeighted>0</BisWeighted>
      <QtyInPackage>1</QtyInPackage>
      <ItemPrice>21.90</ItemPrice>
      <UnitOfMeasurePrice>9.13</UnitOfMeasurePrice>
      <AllowDiscount>1</AllowDiscount>
      <itemStatus>1</itemStatus>
      <LastUpdateDate />
      <LastUpdateTime />
    </Product>
    <Product>
      <PriceUpdateDate>2016/06/10 09:58</PriceUpdateDate>
      <ItemCode>7290014747777</ItemCode>
      <ItemType>1</ItemType>
      <ItemName>עוף טוב דלי פסטרמה מפולניה   240ג</ItemName>
      <ManufactureName>קבוצת אוסם סחר-שות.מוגבלת</ManufactureName>
      <ManufactureCountry />
      <ManufactureItemDescription />
      <UnitQty>י"ח</UnitQty>
      <Quantity>240</Quantity>
      <UnitMeasure>ל  גרם</UnitMeasure>
      <BisWeighted>0</BisWeighted>
      <QtyInPackage>1</QtyInPackage>
      <ItemPrice>21.90</ItemPrice>
      <UnitOfMeasurePrice>9.13</UnitOfMeasurePrice>
      <AllowDiscount>1</AllowDiscount>
      <itemStatus>1</itemStatus>
      <LastUpdateDate />
      <LastUpdateTime />
    </Product>
    <Product>
      <PriceUpdateDate>2016/06/10 09:58</PriceUpdateDate>
      <ItemCode>7290014747791</ItemCode>
      <ItemType>1</ItemType>
      <ItemName>עוף טוב דלי פסטרמה אמריקה סטייל  240ג</ItemName>
      <ManufactureName>קבוצת אוסם סחר-שות.מוגבלת</ManufactureName>
      <ManufactureCountry />
      <ManufactureItemDescription />
      <UnitQty>י"ח</UnitQty>
      <Quantity>240</Quantity>
      <UnitMeasure>ל  גרם</UnitMeasure>
      <BisWeighted>0</BisWeighted>
      <QtyInPackage>1</QtyInPackage>
      <ItemPrice>21.90</ItemPrice>
      <UnitOfMeasurePrice>9.13</UnitOfMeasurePrice>
      <AllowDiscount>1</AllowDiscount>
      <itemStatus>1</itemStatus>
      <LastUpdateDate />
      <LastUpdateTime />
    </Product>
    <Product>
      <PriceUpdateDate>2016/06/10 09:58</PriceUpdateDate>
      <ItemCode>7290014747814</ItemCode>
      <ItemType>1</ItemType>
      <ItemName>עוף טוב דלי סלמי פפרוני 240ג</ItemName>
      <ManufactureName>קבוצת אוסם סחר-שות.מוגבלת</ManufactureName>
      <ManufactureCountry />
      <ManufactureItemDescription />
      <UnitQty>י"ח</UnitQty>
      <Quantity>240</Quantity>
      <UnitMeasure>ל  גרם</UnitMeasure>
      <BisWeighted>0</BisWeighted>
      <QtyInPackage>1</QtyInPackage>
      <ItemPrice>21.90</ItemPrice>
      <UnitOfMeasurePrice>9.13</UnitOfMeasurePrice>
      <AllowDiscount>1</AllowDiscount>
      <itemStatus>1</itemStatus>
      <LastUpdateDate />
      <LastUpdateTime />
    </Product>
    <Product>
      <PriceUpdateDate>2018/02/14 10:43</PriceUpdateDate>
      <ItemCode>7290014747999</ItemCode>
      <ItemType>1</ItemType>
      <ItemName>פסטרמה ברביקיו דק דק 120גר</ItemName>
      <ManufactureName>קבוצת אוסם סחר-שות.מוגבלת</ManufactureName>
      <ManufactureCountry />
      <ManufactureItemDescription />
      <UnitQty>י"ח</UnitQty>
      <Quantity>120</Quantity>
      <UnitMeasure>ל  גרם</UnitMeasure>
      <BisWeighted>0</BisWeighted>
      <QtyInPackage>1</QtyInPackage>
      <ItemPrice>11.90</ItemPrice>
      <UnitOfMeasurePrice>9.92</UnitOfMeasurePrice>
      <AllowDiscount>1</AllowDiscount>
      <itemStatus>1</itemStatus>
      <LastUpdateDate />
      <LastUpdateTime />
    </Product>
    <Product>
      <PriceUpdateDate>2017/04/03 08:26</PriceUpdateDate>
      <ItemCode>7290014748101</ItemCode>
      <ItemType>1</ItemType>
      <ItemName>עוף טוב דלי סלמי איטליאנו 240ג</ItemName>
      <ManufactureName>קבוצת אוסם סחר-שות.מוגבלת</ManufactureName>
      <ManufactureCountry />
      <ManufactureItemDescription />
      <UnitQty>י"ח</UnitQty>
      <Quantity>240</Quantity>
      <UnitMeasure>ל  גרם</UnitMeasure>
      <BisWeighted>0</BisWeighted>
      <QtyInPackage>1</QtyInPackage>
      <ItemPrice>21.90</ItemPrice>
      <UnitOfMeasurePrice>9.13</UnitOfMeasurePrice>
      <AllowDiscount>1</AllowDiscount>
      <itemStatus>1</itemStatus>
      <LastUpdateDate />
      <LastUpdateTime />
    </Product>
    <Product>
      <PriceUpdateDate>2017/04/03 08:26</PriceUpdateDate>
      <ItemCode>7290014748132</ItemCode>
      <ItemType>1</ItemType>
      <ItemName>עוף טוב דלי קורנביף ניורקי 180ג</ItemName>
      <ManufactureName>קבוצת אוסם סחר-שות.מוגבלת</ManufactureName>
      <ManufactureCountry />
      <ManufactureItemDescription />
      <UnitQty>י"ח</UnitQty>
      <Quantity>180</Quantity>
      <UnitMeasure>ל  גרם</UnitMeasure>
      <BisWeighted>0</BisWeighted>
      <QtyInPackage>1</QtyInPackage>
      <ItemPrice>21.90</ItemPrice>
      <UnitOfMeasurePrice>12.17</UnitOfMeasurePrice>
      <AllowDiscount>1</AllowDiscount>
      <itemStatus>1</itemStatus>
      <LastUpdateDate />
      <LastUpdateTime />
    </Product>
    <Product>
      <PriceUpdateDate>2017/04/03 08:26</PriceUpdateDate>
      <ItemCode>7290014748149</ItemCode>
      <ItemType>1</ItemType>
      <ItemName>עוף טוב דלי כתף בקר עסיסי 200ג</ItemName>
      <ManufactureName>קבוצת אוסם סחר-שות.מוגבלת</ManufactureName>
      <ManufactureCountry />
      <ManufactureItemDescription />
      <UnitQty>י"ח</UnitQty>
      <Quantity>200</Quantity>
      <UnitMeasure>ל  גרם</UnitMeasure>
      <BisWeighted>0</BisWeighted>
      <QtyInPackage>1</QtyInPackage>
      <ItemPrice>21.90</ItemPrice>
      <UnitOfMeasurePrice>10.95</UnitOfMeasurePrice>
      <AllowDiscount>1</AllowDiscount>
      <itemStatus>1</itemStatus>
      <LastUpdateDate />
      <LastUpdateTime />
    </Product>
    <Product>
      <PriceUpdateDate>2018/02/14 10:43</PriceUpdateDate>
      <ItemCode>7290014748330</ItemCode>
      <ItemType>1</ItemType>
      <ItemName>כתף בקר דק דק 120גר</ItemName>
      <ManufactureName>קבוצת אוסם סחר-שות.מוגבלת</ManufactureName>
      <ManufactureCountry />
      <ManufactureItemDescription />
      <UnitQty>י"ח</UnitQty>
      <Quantity>120</Quantity>
      <UnitMeasure>ל  גרם</UnitMeasure>
      <BisWeighted>0</BisWeighted>
      <QtyInPackage>1</QtyInPackage>
      <ItemPrice>11.90</ItemPrice>
      <UnitOfMeasurePrice>9.92</UnitOfMeasurePrice>
      <AllowDiscount>1</AllowDiscount>
      <itemStatus>1</itemStatus>
      <LastUpdateDate />
      <LastUpdateTime />
    </Product>
    <Product>
      <PriceUpdateDate>2018/02/14 10:43</PriceUpdateDate>
      <ItemCode>7290014748361</ItemCode>
      <ItemType>1</ItemType>
      <ItemName>פסטרמה בדבש דק דק 120גר</ItemName>
      <ManufactureName>קבוצת אוסם סחר-שות.מוגבלת</ManufactureName>
      <ManufactureCountry />
      <ManufactureItemDescription />
      <UnitQty>י"ח</UnitQty>
      <Quantity>120</Quantity>
      <UnitMeasure>ל  גרם</UnitMeasure>
      <BisWeighted>0</BisWeighted>
      <QtyInPackage>1</QtyInPackage>
      <ItemPrice>11.90</ItemPrice>
      <UnitOfMeasurePrice>9.92</UnitOfMeasurePrice>
      <AllowDiscount>1</AllowDiscount>
      <itemStatus>1</itemStatus>
      <LastUpdateDate />
      <LastUpdateTime />
    </Product>
    <Product>
      <PriceUpdateDate>2018/02/14 10:43</PriceUpdateDate>
      <ItemCode>7290014748385</ItemCode>
      <ItemType>1</ItemType>
      <ItemName>פסטרמה מקסיקני דק דק 120גר</ItemName>
      <ManufactureName>קבוצת אוסם סחר-שות.מוגבלת</ManufactureName>
      <ManufactureCountry />
      <ManufactureItemDescription />
      <UnitQty>י"ח</UnitQty>
      <Quantity>120</Quantity>
      <UnitMeasure>ל  גרם</UnitMeasure>
      <BisWeighted>0</BisWeighted>
      <QtyInPackage>1</QtyInPackage>
      <ItemPrice>11.90</ItemPrice>
      <UnitOfMeasurePrice>9.92</UnitOfMeasurePrice>
      <AllowDiscount>1</AllowDiscount>
      <itemStatus>1</itemStatus>
      <LastUpdateDate />
      <LastUpdateTime />
    </Product>
    <Product>
      <PriceUpdateDate>2018/08/20 13:15</PriceUpdateDate>
      <ItemCode>7290014748590</ItemCode>
      <ItemType>1</ItemType>
      <ItemName>מקלוני דגים בציפוי צ`ילי 600 ג</ItemName>
      <ManufactureName>קבוצת אוסם סחר-שות.מוגבלת</ManufactureName>
      <ManufactureCountry />
      <ManufactureItemDescription />
      <UnitQty>י"ח</UnitQty>
      <Quantity>170</Quantity>
      <UnitMeasure>ל  גרם</UnitMeasure>
      <BisWeighted>0</BisWeighted>
      <QtyInPackage>1</QtyInPackage>
      <ItemPrice>30.90</ItemPrice>
      <UnitOfMeasurePrice>18.18</UnitOfMeasurePrice>
      <AllowDiscount>1</AllowDiscount>
      <itemStatus>1</itemStatus>
      <LastUpdateDate />
      <LastUpdateTime />
    </Product>
    <Product>
      <PriceUpdateDate>2018/08/20 13:15</PriceUpdateDate>
      <ItemCode>7290014748613</ItemCode>
      <ItemType>1</ItemType>
      <ItemName>מקלוני דגים בציפוי צ`יפס 600 ג</ItemName>
      <ManufactureName>קבוצת אוסם סחר-שות.מוגבלת</ManufactureName>
      <ManufactureCountry />
      <ManufactureItemDescription />
      <UnitQty>י"ח</UnitQty>
      <Quantity>170</Quantity>
      <UnitMeasure>ל  גרם</UnitMeasure>
      <BisWeighted>0</BisWeighted>
      <QtyInPackage>1</QtyInPackage>
      <ItemPrice>30.90</ItemPrice>
      <UnitOfMeasurePrice>18.18</UnitOfMeasurePrice>
      <AllowDiscount>1</AllowDiscount>
      <itemStatus>1</itemStatus>
      <LastUpdateDate />
      <LastUpdateTime />
    </Product>
    <Product>
      <PriceUpdateDate>2018/08/20 13:15</PriceUpdateDate>
      <ItemCode>7290014748651</ItemCode>
      <ItemType>1</ItemType>
      <ItemName>פילה אמנון מצופה מנתח שלם 360 ג</ItemName>
      <ManufactureName>קבוצת אוסם סחר-שות.מוגבלת</ManufactureName>
      <ManufactureCountry />
      <ManufactureItemDescription />
      <UnitQty>י"ח</UnitQty>
      <Quantity>170</Quantity>
      <UnitMeasure>ל  גרם</UnitMeasure>
      <BisWeighted>0</BisWeighted>
      <QtyInPackage>1</QtyInPackage>
      <ItemPrice>34.90</ItemPrice>
      <UnitOfMeasurePrice>20.53</UnitOfMeasurePrice>
      <AllowDiscount>1</AllowDiscount>
      <itemStatus>1</itemStatus>
      <LastUpdateDate />
      <LastUpdateTime />
    </Product>
    <Product>
      <PriceUpdateDate>2018/08/20 13:15</PriceUpdateDate>
      <ItemCode>7290014748675</ItemCode>
      <ItemType>1</ItemType>
      <ItemName>קציצות דגים 600 ג</ItemName>
      <ManufactureName>קבוצת אוסם סחר-שות.מוגבלת</ManufactureName>
      <ManufactureCountry />
      <ManufactureItemDescription />
      <UnitQty>י"ח</UnitQty>
      <Quantity>170</Quantity>
      <UnitMeasure>ל  גרם</UnitMeasure>
      <BisWeighted>0</BisWeighted>
      <QtyInPackage>1</QtyInPackage>
      <ItemPrice>30.90</ItemPrice>
      <UnitOfMeasurePrice>18.18</UnitOfMeasurePrice>
      <AllowDiscount>1</AllowDiscount>
      <itemStatus>1</itemStatus>
      <LastUpdateDate />
      <LastUpdateTime />
    </Product>
    <Product>
      <PriceUpdateDate>2018/08/20 13:15</PriceUpdateDate>
      <ItemCode>7290014748699</ItemCode>
      <ItemType>1</ItemType>
      <ItemName>קציצות דגים נורווגיות  600 ג</ItemName>
      <ManufactureName>קבוצת אוסם סחר-שות.מוגבלת</ManufactureName>
      <ManufactureCountry />
      <ManufactureItemDescription />
      <UnitQty>י"ח</UnitQty>
      <Quantity>170</Quantity>
      <UnitMeasure>ל  גרם</UnitMeasure>
      <BisWeighted>0</BisWeighted>
      <QtyInPackage>1</QtyInPackage>
      <ItemPrice>30.90</ItemPrice>
      <UnitOfMeasurePrice>18.18</UnitOfMeasurePrice>
      <AllowDiscount>1</AllowDiscount>
      <itemStatus>1</itemStatus>
      <LastUpdateDate />
      <LastUpdateTime />
    </Product>
    <Product>
      <PriceUpdateDate>2020/05/03 15:08</PriceUpdateDate>
      <ItemCode>7290014748729</ItemCode>
      <ItemType>1</ItemType>
      <ItemName>עוף טוב שניצל עוף ביתי מתובל ר.טבע 600</ItemName>
      <ManufactureName>קבוצת אוסם סחר-שות.מוגבלת</ManufactureName>
      <ManufactureCountry />
      <ManufactureItemDescription />
      <UnitQty>י"ח</UnitQty>
      <Quantity>600</Quantity>
      <UnitMeasure>ל  גרם</UnitMeasure>
      <BisWeighted>0</BisWeighted>
      <QtyInPackage>1</QtyInPackage>
      <ItemPrice>36.90</ItemPrice>
      <UnitOfMeasurePrice>6.15</UnitOfMeasurePrice>
      <AllowDiscount>1</AllowDiscount>
      <itemStatus>1</itemStatus>
      <LastUpdateDate />
      <LastUpdateTime />
    </Product>
    <Product>
      <PriceUpdateDate>2018/10/19 08:10</PriceUpdateDate>
      <ItemCode>7290014748743</ItemCode>
      <ItemType>1</ItemType>
      <ItemName>נקניקיות עוף טוב בראטוורסט עסיסיות 340</ItemName>
      <ManufactureName>קבוצת אוסם סחר-שות.מוגבלת</ManufactureName>
      <ManufactureCountry />
      <ManufactureItemDescription />
      <UnitQty>י"ח</UnitQty>
      <Quantity>340</Quantity>
      <UnitMeasure>ל  גרם</UnitMeasure>
      <BisWeighted>0</BisWeighted>
      <QtyInPackage>1</QtyInPackage>
      <ItemPrice>15.90</ItemPrice>
      <UnitOfMeasurePrice>4.68</UnitOfMeasurePrice>
      <AllowDiscount>1</AllowDiscount>
      <itemStatus>1</itemStatus>
      <LastUpdateDate />
      <LastUpdateTime />
    </Product>
    <Product>
      <PriceUpdateDate>2018/09/02 10:36</PriceUpdateDate>
      <ItemCode>7290014748767</ItemCode>
      <ItemType>1</ItemType>
      <ItemName>נקניקיות עוף טוב פרנקפורט צ`ילי 320</ItemName>
      <ManufactureName>קבוצת אוסם סחר-שות.מוגבלת</ManufactureName>
      <ManufactureCountry />
      <ManufactureItemDescription />
      <UnitQty>י"ח</UnitQty>
      <Quantity>320</Quantity>
      <UnitMeasure>ל  גרם</UnitMeasure>
      <BisWeighted>0</BisWeighted>
      <QtyInPackage>1</QtyInPackage>
      <ItemPrice>15.90</ItemPrice>
      <UnitOfMeasurePrice>4.97</UnitOfMeasurePrice>
      <AllowDiscount>1</AllowDiscount>
      <itemStatus>1</itemStatus>
      <LastUpdateDate />
      <LastUpdateTime />
    </Product>
    <Product>
      <PriceUpdateDate>2019/02/19 13:45</PriceUpdateDate>
      <ItemCode>7290014748927</ItemCode>
      <ItemType>1</ItemType>
      <ItemName>שניצל עוף  אהבה בשחקים ר. טבעים 600גר</ItemName>
      <ManufactureName>קבוצת אוסם סחר-שות.מוגבלת</ManufactureName>
      <ManufactureCountry />
      <ManufactureItemDescription />
      <UnitQty>י"ח</UnitQty>
      <Quantity>600</Quantity>
      <UnitMeasure>ל  גרם</UnitMeasure>
      <BisWeighted>0</BisWeighted>
      <QtyInPackage>1</QtyInPackage>
      <ItemPrice>33.90</ItemPrice>
      <UnitOfMeasurePrice>5.65</UnitOfMeasurePrice>
      <AllowDiscount>1</AllowDiscount>
      <itemStatus>1</itemStatus>
      <LastUpdateDate />
      <LastUpdateTime />
    </Product>
    <Product>
      <PriceUpdateDate>2019/02/19 13:45</PriceUpdateDate>
      <ItemCode>7290014748958</ItemCode>
      <ItemType>1</ItemType>
      <ItemName>מיני אמנון מצופים  ציפס מנתח שלם  400 ג</ItemName>
      <ManufactureName>קבוצת אוסם סחר-שות.מוגבלת</ManufactureName>
      <ManufactureCountry />
      <ManufactureItemDescription />
      <UnitQty>י"ח</UnitQty>
      <Quantity>170</Quantity>
      <UnitMeasure>ל  גרם</UnitMeasure>
      <BisWeighted>0</BisWeighted>
      <QtyInPackage>1</QtyInPackage>
      <ItemPrice>36.90</ItemPrice>
      <UnitOfMeasurePrice>21.71</UnitOfMeasurePrice>
      <AllowDiscount>1</AllowDiscount>
      <itemStatus>1</itemStatus>
      <LastUpdateDate />
      <LastUpdateTime />
    </Product>
    <Product>
      <PriceUpdateDate>2019/02/19 13:45</PriceUpdateDate>
      <ItemCode>7290014748972</ItemCode>
      <ItemType>1</ItemType>
      <ItemName>מיני אמנון מצופים מנתח שלם  400 ג</ItemName>
      <ManufactureName>קבוצת אוסם סחר-שות.מוגבלת</ManufactureName>
      <ManufactureCountry />
      <ManufactureItemDescription />
      <UnitQty>י"ח</UnitQty>
      <Quantity>170</Quantity>
      <UnitMeasure>ל  גרם</UnitMeasure>
      <BisWeighted>0</BisWeighted>
      <QtyInPackage>1</QtyInPackage>
      <ItemPrice>36.90</ItemPrice>
      <UnitOfMeasurePrice>21.71</UnitOfMeasurePrice>
      <AllowDiscount>1</AllowDiscount>
      <itemStatus>1</itemStatus>
      <LastUpdateDate />
      <LastUpdateTime />
    </Product>
    <Product>
      <PriceUpdateDate>2019/07/10 10:51</PriceUpdateDate>
      <ItemCode>7290014749078</ItemCode>
      <ItemType>1</ItemType>
      <ItemName>מקלוני קבנוס 200גר</ItemName>
      <ManufactureName>קבוצת אוסם סחר-שות.מוגבלת</ManufactureName>
      <ManufactureCountry />
      <ManufactureItemDescription />
      <UnitQty>י"ח</UnitQty>
      <Quantity>200</Quantity>
      <UnitMeasure>ל  גרם</UnitMeasure>
      <BisWeighted>0</BisWeighted>
      <QtyInPackage>1</QtyInPackage>
      <ItemPrice>15.90</ItemPrice>
      <UnitOfMeasurePrice>7.95</UnitOfMeasurePrice>
      <AllowDiscount>1</AllowDiscount>
      <itemStatus>1</itemStatus>
      <LastUpdateDate />
      <LastUpdateTime />
    </Product>
    <Product>
      <PriceUpdateDate>2019/10/24 06:29</PriceUpdateDate>
      <ItemCode>7290014749139</ItemCode>
      <ItemType>1</ItemType>
      <ItemName>עוף טוב שניצל מיני דקיק מצופה 500גר</ItemName>
      <ManufactureName>קבוצת אוסם סחר-שות.מוגבלת</ManufactureName>
      <ManufactureCountry />
      <ManufactureItemDescription />
      <UnitQty>י"ח</UnitQty>
      <Quantity>500</Quantity>
      <UnitMeasure>ל  גרם</UnitMeasure>
      <BisWeighted>0</BisWeighted>
      <QtyInPackage>1</QtyInPackage>
      <ItemPrice>27.90</ItemPrice>
      <UnitOfMeasurePrice>5.58</UnitOfMeasurePrice>
      <AllowDiscount>1</AllowDiscount>
      <itemStatus>1</itemStatus>
      <LastUpdateDate />
      <LastUpdateTime />
    </Product>
    <Product>
      <PriceUpdateDate>2019/10/24 06:29</PriceUpdateDate>
      <ItemCode>7290014749153</ItemCode>
      <ItemType>1</ItemType>
      <ItemName>עוף טוב שניצל מיני דקיק ציפוי ציפס 500גר</ItemName>
      <ManufactureName>קבוצת אוסם סחר-שות.מוגבלת</ManufactureName>
      <ManufactureCountry />
      <ManufactureItemDescription />
      <UnitQty>י"ח</UnitQty>
      <Quantity>500</Quantity>
      <UnitMeasure>ל  גרם</UnitMeasure>
      <BisWeighted>0</BisWeighted>
      <QtyInPackage>1</QtyInPackage>
      <ItemPrice>27.90</ItemPrice>
      <UnitOfMeasurePrice>5.58</UnitOfMeasurePrice>
      <AllowDiscount>1</AllowDiscount>
      <itemStatus>1</itemStatus>
      <LastUpdateDate />
      <LastUpdateTime />
    </Product>
    <Product>
      <PriceUpdateDate>2019/12/25 09:31</PriceUpdateDate>
      <ItemCode>7290014749290</ItemCode>
      <ItemType>1</ItemType>
      <ItemName>פסטרמה ברבקיו מופחת מלח דק דק 120גר</ItemName>
      <ManufactureName>קבוצת אוסם סחר-שות.מוגבלת</ManufactureName>
      <ManufactureCountry />
      <ManufactureItemDescription />
      <UnitQty>י"ח</UnitQty>
      <Quantity>120</Quantity>
      <UnitMeasure>ל  גרם</UnitMeasure>
      <BisWeighted>0</BisWeighted>
      <QtyInPackage>1</QtyInPackage>
      <ItemPrice>11.90</ItemPrice>
      <UnitOfMeasurePrice>9.92</UnitOfMeasurePrice>
      <AllowDiscount>1</AllowDiscount>
      <itemStatus>1</itemStatus>
      <LastUpdateDate />
      <LastUpdateTime />
    </Product>
    <Product>
      <PriceUpdateDate>2019/12/25 09:31</PriceUpdateDate>
      <ItemCode>7290014749313</ItemCode>
      <ItemType>1</ItemType>
      <ItemName>פסטרמה דבש מופחת מלח דק דק 120גר</ItemName>
      <ManufactureName>קבוצת אוסם סחר-שות.מוגבלת</ManufactureName>
      <ManufactureCountry />
      <ManufactureItemDescription />
      <UnitQty>י"ח</UnitQty>
      <Quantity>120</Quantity>
      <UnitMeasure>ל  גרם</UnitMeasure>
      <BisWeighted>0</BisWeighted>
      <QtyInPackage>1</QtyInPackage>
      <ItemPrice>11.90</ItemPrice>
      <UnitOfMeasurePrice>9.92</UnitOfMeasurePrice>
      <AllowDiscount>1</AllowDiscount>
      <itemStatus>1</itemStatus>
      <LastUpdateDate />
      <LastUpdateTime />
    </Product>
    <Product>
      <PriceUpdateDate>2019/12/26 08:31</PriceUpdateDate>
      <ItemCode>7290014749337</ItemCode>
      <ItemType>1</ItemType>
      <ItemName>עוף טוב שניצל עוף מיני דינוזאור 300גר</ItemName>
      <ManufactureName>קבוצת אוסם סחר-שות.מוגבלת</ManufactureName>
      <ManufactureCountry />
      <ManufactureItemDescription />
      <UnitQty>י"ח</UnitQty>
      <Quantity>300</Quantity>
      <UnitMeasure>ל  גרם</UnitMeasure>
      <BisWeighted>0</BisWeighted>
      <QtyInPackage>1</QtyInPackage>
      <ItemPrice>16.90</ItemPrice>
      <UnitOfMeasurePrice>5.63</UnitOfMeasurePrice>
      <AllowDiscount>1</AllowDiscount>
      <itemStatus>1</itemStatus>
      <LastUpdateDate />
      <LastUpdateTime />
    </Product>
    <Product>
      <PriceUpdateDate>2019/12/26 08:31</PriceUpdateDate>
      <ItemCode>7290014749375</ItemCode>
      <ItemType>1</ItemType>
      <ItemName>נקניקיות עוף מופחת מלח  360גר</ItemName>
      <ManufactureName>קבוצת אוסם סחר-שות.מוגבלת</ManufactureName>
      <ManufactureCountry />
      <ManufactureItemDescription />
      <UnitQty>י"ח</UnitQty>
      <Quantity>360</Quantity>
      <UnitMeasure>ל  גרם</UnitMeasure>
      <BisWeighted>0</BisWeighted>
      <QtyInPackage>1</QtyInPackage>
      <ItemPrice>15.90</ItemPrice>
      <UnitOfMeasurePrice>4.42</UnitOfMeasurePrice>
      <AllowDiscount>1</AllowDiscount>
      <itemStatus>1</itemStatus>
      <LastUpdateDate />
      <LastUpdateTime />
    </Product>
    <Product>
      <PriceUpdateDate>2019/12/31 14:35</PriceUpdateDate>
      <ItemCode>7290014758308</ItemCode>
      <ItemType>1</ItemType>
      <ItemName>יוגורט עיזים בגביע אישי 150ג</ItemName>
      <ManufactureName>תנובה בעמ ***</ManufactureName>
      <ManufactureCountry />
      <ManufactureItemDescription />
      <UnitQty>י"ח</UnitQty>
      <Quantity>150</Quantity>
      <UnitMeasure>ל  מ"ל</UnitMeasure>
      <BisWeighted>0</BisWeighted>
      <QtyInPackage>1</QtyInPackage>
      <ItemPrice>6</ItemPrice>
      <UnitOfMeasurePrice>4</UnitOfMeasurePrice>
      <AllowDiscount>1</AllowDiscount>
      <itemStatus>1</itemStatus>
      <LastUpdateDate />
      <LastUpdateTime />
    </Product>
    <Product>
      <PriceUpdateDate>2014/01/02 13:42</PriceUpdateDate>
      <ItemCode>7290014758315</ItemCode>
      <ItemType>1</ItemType>
      <ItemName>יוגורט עיזים בגביע אישי 750ג</ItemName>
      <ManufactureName>תנובה בעמ ***</ManufactureName>
      <ManufactureCountry />
      <ManufactureItemDescription />
      <UnitQty>י"ח</UnitQty>
      <Quantity>750</Quantity>
      <UnitMeasure>ל  מ"ל</UnitMeasure>
      <BisWeighted>0</BisWeighted>
      <QtyInPackage>1</QtyInPackage>
      <ItemPrice>20</ItemPrice>
      <UnitOfMeasurePrice>2.67</UnitOfMeasurePrice>
      <AllowDiscount>1</AllowDiscount>
      <itemStatus>1</itemStatus>
      <LastUpdateDate />
      <LastUpdateTime />
    </Product>
    <Product>
      <PriceUpdateDate>2019/12/31 14:35</PriceUpdateDate>
      <ItemCode>7290014759534</ItemCode>
      <ItemType>1</ItemType>
      <ItemName>בולגרית למריחה 200ג</ItemName>
      <ManufactureName>תנובה בעמ ***</ManufactureName>
      <ManufactureCountry />
      <ManufactureItemDescription />
      <UnitQty>י"ח</UnitQty>
      <Quantity>200</Quantity>
      <UnitMeasure>ל  גרם</UnitMeasure>
      <BisWeighted>0</BisWeighted>
      <QtyInPackage>1</QtyInPackage>
      <ItemPrice>14.70</ItemPrice>
      <UnitOfMeasurePrice>7.35</UnitOfMeasurePrice>
      <AllowDiscount>1</AllowDiscount>
      <itemStatus>1</itemStatus>
      <LastUpdateDate />
      <LastUpdateTime />
    </Product>
    <Product>
      <PriceUpdateDate>2019/12/31 14:35</PriceUpdateDate>
      <ItemCode>7290014759541</ItemCode>
      <ItemType>1</ItemType>
      <ItemName>בולגרית למריחה פלפל קלוי 200גר</ItemName>
      <ManufactureName>תנובה בעמ ***</ManufactureName>
      <ManufactureCountry />
      <ManufactureItemDescription />
      <UnitQty>י"ח</UnitQty>
      <Quantity>200</Quantity>
      <UnitMeasure>ל  גרם</UnitMeasure>
      <BisWeighted>0</BisWeighted>
      <QtyInPackage>1</QtyInPackage>
      <ItemPrice>13.90</ItemPrice>
      <UnitOfMeasurePrice>6.95</UnitOfMeasurePrice>
      <AllowDiscount>1</AllowDiscount>
      <itemStatus>1</itemStatus>
      <LastUpdateDate />
      <LastUpdateTime />
    </Product>
    <Product>
      <PriceUpdateDate>2019/12/31 14:35</PriceUpdateDate>
      <ItemCode>7290014759909</ItemCode>
      <ItemType>1</ItemType>
      <ItemName>פטה 5% 20% 250גרם</ItemName>
      <ManufactureName>תנובה בעמ ***</ManufactureName>
      <ManufactureCountry />
      <ManufactureItemDescription />
      <UnitQty>י"ח</UnitQty>
      <Quantity>250</Quantity>
      <UnitMeasure>ל  גרם</UnitMeasure>
      <BisWeighted>0</BisWeighted>
      <QtyInPackage>1</QtyInPackage>
      <ItemPrice>28.40</ItemPrice>
      <UnitOfMeasurePrice>11.36</UnitOfMeasurePrice>
      <AllowDiscount>1</AllowDiscount>
      <itemStatus>1</itemStatus>
      <LastUpdateDate />
      <LastUpdateTime />
    </Product>
    <Product>
      <PriceUpdateDate>2014/12/12 07:16</PriceUpdateDate>
      <ItemCode>7290014760509</ItemCode>
      <ItemType>1</ItemType>
      <ItemName>סמי מעדנייה בולגרית 300ג 5%</ItemName>
      <ManufactureName>תנובה בעמ ***</ManufactureName>
      <ManufactureCountry />
      <ManufactureItemDescription />
      <UnitQty>י"ח</UnitQty>
      <Quantity>400</Quantity>
      <UnitMeasure>ל  גרם</UnitMeasure>
      <BisWeighted>0</BisWeighted>
      <QtyInPackage>1</QtyInPackage>
      <ItemPrice>19.90</ItemPrice>
      <UnitOfMeasurePrice>4.98</UnitOfMeasurePrice>
      <AllowDiscount>1</AllowDiscount>
      <itemStatus>1</itemStatus>
      <LastUpdateDate />
      <LastUpdateTime />
    </Product>
    <Product>
      <PriceUpdateDate>2019/12/31 14:35</PriceUpdateDate>
      <ItemCode>7290014760516</ItemCode>
      <ItemType>1</ItemType>
      <ItemName>סמי מעדנייה צפתית 240ג 5% בד"ץ</ItemName>
      <ManufactureName>תנובה בעמ ***</ManufactureName>
      <ManufactureCountry />
      <ManufactureItemDescription />
      <UnitQty>י"ח</UnitQty>
      <Quantity>400</Quantity>
      <UnitMeasure>ל  גרם</UnitMeasure>
      <BisWeighted>0</BisWeighted>
      <QtyInPackage>1</QtyInPackage>
      <ItemPrice>13.90</ItemPrice>
      <UnitOfMeasurePrice>3.48</UnitOfMeasurePrice>
      <AllowDiscount>1</AllowDiscount>
      <itemStatus>1</itemStatus>
      <LastUpdateDate />
      <LastUpdateTime />
    </Product>
    <Product>
      <PriceUpdateDate>2019/12/31 14:35</PriceUpdateDate>
      <ItemCode>7290014761438</ItemCode>
      <ItemType>1</ItemType>
      <ItemName>בולגרית פיראוס  400ג 24%</ItemName>
      <ManufactureName>תנובה בעמ ***</ManufactureName>
      <ManufactureCountry />
      <ManufactureItemDescription />
      <UnitQty>י"ח</UnitQty>
      <Quantity>400</Quantity>
      <UnitMeasure>ל  גרם</UnitMeasure>
      <BisWeighted>0</BisWeighted>
      <QtyInPackage>1</QtyInPackage>
      <ItemPrice>27.20</ItemPrice>
      <UnitOfMeasurePrice>6.80</UnitOfMeasurePrice>
      <AllowDiscount>1</AllowDiscount>
      <itemStatus>1</itemStatus>
      <LastUpdateDate />
      <LastUpdateTime />
    </Product>
    <Product>
      <PriceUpdateDate>2015/02/18 10:46</PriceUpdateDate>
      <ItemCode>7290014761681</ItemCode>
      <ItemType>1</ItemType>
      <ItemName>בולגרית למריחה ציזיק 200ג</ItemName>
      <ManufactureName>תנובה בעמ ***</ManufactureName>
      <ManufactureCountry />
      <ManufactureItemDescription />
      <UnitQty>י"ח</UnitQty>
      <Quantity>200</Quantity>
      <UnitMeasure>ל  גרם</UnitMeasure>
      <BisWeighted>0</BisWeighted>
      <QtyInPackage>1</QtyInPackage>
      <ItemPrice>13.50</ItemPrice>
      <UnitOfMeasurePrice>6.75</UnitOfMeasurePrice>
      <AllowDiscount>1</AllowDiscount>
      <itemStatus>1</itemStatus>
      <LastUpdateDate />
      <LastUpdateTime />
    </Product>
    <Product>
      <PriceUpdateDate>2015/05/31 11:27</PriceUpdateDate>
      <ItemCode>7290014762060</ItemCode>
      <ItemType>1</ItemType>
      <ItemName>בולגרית מעודנת 5% סמי 400ג</ItemName>
      <ManufactureName>תנובה בעמ ***</ManufactureName>
      <ManufactureCountry />
      <ManufactureItemDescription />
      <UnitQty>י"ח</UnitQty>
      <Quantity>400</Quantity>
      <UnitMeasure>ל  מ"ל</UnitMeasure>
      <BisWeighted>0</BisWeighted>
      <QtyInPackage>1</QtyInPackage>
      <ItemPrice>25.90</ItemPrice>
      <UnitOfMeasurePrice>6.48</UnitOfMeasurePrice>
      <AllowDiscount>1</AllowDiscount>
      <itemStatus>1</itemStatus>
      <LastUpdateDate />
      <LastUpdateTime />
    </Product>
    <Product>
      <PriceUpdateDate>2015/08/18 09:45</PriceUpdateDate>
      <ItemCode>7290014762329</ItemCode>
      <ItemType>1</ItemType>
      <ItemName>מארז פיראוס יוגורט עיזים שלישיה</ItemName>
      <ManufactureName>תנובה בעמ ***</ManufactureName>
      <ManufactureCountry />
      <ManufactureItemDescription />
      <UnitQty>י"ח</UnitQty>
      <Quantity>450</Quantity>
      <UnitMeasure>ל  מ"ל</UnitMeasure>
      <BisWeighted>0</BisWeighted>
      <QtyInPackage>1</QtyInPackage>
      <ItemPrice>13.90</ItemPrice>
      <UnitOfMeasurePrice>3.09</UnitOfMeasurePrice>
      <AllowDiscount>1</AllowDiscount>
      <itemStatus>1</itemStatus>
      <LastUpdateDate />
      <LastUpdateTime />
    </Product>
    <Product>
      <PriceUpdateDate>2015/10/27 08:39</PriceUpdateDate>
      <ItemCode>7290014762336</ItemCode>
      <ItemType>1</ItemType>
      <ItemName>מאגדת זוג סמי צפתית בד"צ480ג</ItemName>
      <ManufactureName>תנובה בעמ ***</ManufactureName>
      <ManufactureCountry />
      <ManufactureItemDescription />
      <UnitQty>י"ח</UnitQty>
      <Quantity>480</Quantity>
      <UnitMeasure>ל  גרם</UnitMeasure>
      <BisWeighted>0</BisWeighted>
      <QtyInPackage>1</QtyInPackage>
      <ItemPrice>24.90</ItemPrice>
      <UnitOfMeasurePrice>5.19</UnitOfMeasurePrice>
      <AllowDiscount>1</AllowDiscount>
      <itemStatus>1</itemStatus>
      <LastUpdateDate />
      <LastUpdateTime />
    </Product>
    <Product>
      <PriceUpdateDate>2017/01/06 09:01</PriceUpdateDate>
      <ItemCode>7290014762602</ItemCode>
      <ItemType>1</ItemType>
      <ItemName>חרמוו %16סמי 420ג</ItemName>
      <ManufactureName>תנובה בעמ ***</ManufactureName>
      <ManufactureCountry />
      <ManufactureItemDescription />
      <UnitQty>י"ח</UnitQty>
      <Quantity>420</Quantity>
      <UnitMeasure>ל  גרם</UnitMeasure>
      <BisWeighted>0</BisWeighted>
      <QtyInPackage>1</QtyInPackage>
      <ItemPrice>24.90</ItemPrice>
      <UnitOfMeasurePrice>5.93</UnitOfMeasurePrice>
      <AllowDiscount>1</AllowDiscount>
      <itemStatus>1</itemStatus>
      <LastUpdateDate />
      <LastUpdateTime />
    </Product>
    <Product>
      <PriceUpdateDate>2016/04/15 09:23</PriceUpdateDate>
      <ItemCode>7290014762930</ItemCode>
      <ItemType>1</ItemType>
      <ItemName>פרוסות בולגרית 200ג</ItemName>
      <ManufactureName>תנובה בעמ ***</ManufactureName>
      <ManufactureCountry />
      <ManufactureItemDescription />
      <UnitQty>י"ח</UnitQty>
      <Quantity>200</Quantity>
      <UnitMeasure>ל  גרם</UnitMeasure>
      <BisWeighted>0</BisWeighted>
      <QtyInPackage>1</QtyInPackage>
      <ItemPrice>19.90</ItemPrice>
      <UnitOfMeasurePrice>9.95</UnitOfMeasurePrice>
      <AllowDiscount>1</AllowDiscount>
      <itemStatus>1</itemStatus>
      <LastUpdateDate />
      <LastUpdateTime />
    </Product>
    <Product>
      <PriceUpdateDate>2019/12/31 14:35</PriceUpdateDate>
      <ItemCode>7290014762947</ItemCode>
      <ItemType>1</ItemType>
      <ItemName>לאבנה גלילית 11% 750מ"ל</ItemName>
      <ManufactureName>תנובה בעמ ***</ManufactureName>
      <ManufactureCountry />
      <ManufactureItemDescription />
      <UnitQty>י"ח</UnitQty>
      <Quantity>750</Quantity>
      <UnitMeasure>ל  גרם</UnitMeasure>
      <BisWeighted>0</BisWeighted>
      <QtyInPackage>1</QtyInPackage>
      <ItemPrice>23.70</ItemPrice>
      <UnitOfMeasurePrice>3.16</UnitOfMeasurePrice>
      <AllowDiscount>1</AllowDiscount>
      <itemStatus>1</itemStatus>
      <LastUpdateDate />
      <LastUpdateTime />
    </Product>
    <Product>
      <PriceUpdateDate>2016/04/19 08:35</PriceUpdateDate>
      <ItemCode>7290014763302</ItemCode>
      <ItemType>1</ItemType>
      <ItemName>גבינה צפתית פיראוס 200ג*2יח</ItemName>
      <ManufactureName>תנובה בעמ ***</ManufactureName>
      <ManufactureCountry />
      <ManufactureItemDescription />
      <UnitQty>י"ח</UnitQty>
      <Quantity>400</Quantity>
      <UnitMeasure>ל  גרם</UnitMeasure>
      <BisWeighted>0</BisWeighted>
      <QtyInPackage>1</QtyInPackage>
      <ItemPrice>21.90</ItemPrice>
      <UnitOfMeasurePrice>5.48</UnitOfMeasurePrice>
      <AllowDiscount>1</AllowDiscount>
      <itemStatus>1</itemStatus>
      <LastUpdateDate />
      <LastUpdateTime />
    </Product>
    <Product>
      <PriceUpdateDate>2016/12/08 09:01</PriceUpdateDate>
      <ItemCode>7290014763562</ItemCode>
      <ItemType>1</ItemType>
      <ItemName>בולגרית למריחה פיראוס  200ג</ItemName>
      <ManufactureName>תנובה בעמ ***</ManufactureName>
      <ManufactureCountry />
      <ManufactureItemDescription />
      <UnitQty>י"ח</UnitQty>
      <Quantity>200</Quantity>
      <UnitMeasure>ל  גרם</UnitMeasure>
      <BisWeighted>0</BisWeighted>
      <QtyInPackage>1</QtyInPackage>
      <ItemPrice>13.50</ItemPrice>
      <UnitOfMeasurePrice>6.75</UnitOfMeasurePrice>
      <AllowDiscount>1</AllowDiscount>
      <itemStatus>1</itemStatus>
      <LastUpdateDate />
      <LastUpdateTime />
    </Product>
    <Product>
      <PriceUpdateDate>2017/05/21 10:08</PriceUpdateDate>
      <ItemCode>7290014791008</ItemCode>
      <ItemType>1</ItemType>
      <ItemName>שוופס מוגז גוארנה 330מ"ל</ItemName>
      <ManufactureName>יפאורה שותפות מוגבלת לשיווק</ManufactureName>
      <ManufactureCountry />
      <ManufactureItemDescription />
      <UnitQty>י"ח</UnitQty>
      <Quantity>330</Quantity>
      <UnitMeasure>ל  מ"ל</UnitMeasure>
      <BisWeighted>0</BisWeighted>
      <QtyInPackage>1</QtyInPackage>
      <ItemPrice>4.90</ItemPrice>
      <UnitOfMeasurePrice>1.39</UnitOfMeasurePrice>
      <AllowDiscount>1</AllowDiscount>
      <itemStatus>1</itemStatus>
      <LastUpdateDate />
      <LastUpdateTime />
    </Product>
    <Product>
      <PriceUpdateDate>2013/12/04 14:40</PriceUpdateDate>
      <ItemCode>7290014791077</ItemCode>
      <ItemType>1</ItemType>
      <ItemName>ספרינג 1.5   ל`ענבים תה</ItemName>
      <ManufactureName>יפאורה שותפות מוגבלת לשיווק</ManufactureName>
      <ManufactureCountry />
      <ManufactureItemDescription />
      <UnitQty>י"ח</UnitQty>
      <Quantity>1.50</Quantity>
      <UnitMeasure>ליטר</UnitMeasure>
      <BisWeighted>0</BisWeighted>
      <QtyInPackage>1</QtyInPackage>
      <ItemPrice>7</ItemPrice>
      <UnitOfMeasurePrice>4.67</UnitOfMeasurePrice>
      <AllowDiscount>1</AllowDiscount>
      <itemStatus>1</itemStatus>
      <LastUpdateDate />
      <LastUpdateTime />
    </Product>
    <Product>
      <PriceUpdateDate>2014/07/13 10:07</PriceUpdateDate>
      <ItemCode>7290014791091</ItemCode>
      <ItemType>1</ItemType>
      <ItemName>שוופס לימונייד 0.5ל</ItemName>
      <ManufactureName>יפאורה שותפות מוגבלת לשיווק</ManufactureName>
      <ManufactureCountry />
      <ManufactureItemDescription />
      <UnitQty>י"ח</UnitQty>
      <Quantity>500</Quantity>
      <UnitMeasure>ל  מ"ל</UnitMeasure>
      <BisWeighted>0</BisWeighted>
      <QtyInPackage>1</QtyInPackage>
      <ItemPrice>4.20</ItemPrice>
      <UnitOfMeasurePrice>0.78</UnitOfMeasurePrice>
      <AllowDiscount>1</AllowDiscount>
      <itemStatus>1</itemStatus>
      <LastUpdateDate />
      <LastUpdateTime />
    </Product>
    <Product>
      <PriceUpdateDate>2019/07/10 10:51</PriceUpdateDate>
      <ItemCode>7290014791138</ItemCode>
      <ItemType>1</ItemType>
      <ItemName>ספרינג נקטר דובדבן1.25 ל</ItemName>
      <ManufactureName>יפאורה שותפות מוגבלת לשיווק</ManufactureName>
      <ManufactureCountry />
      <ManufactureItemDescription />
      <UnitQty>י"ח</UnitQty>
      <Quantity>1.25</Quantity>
      <UnitMeasure>ליטר</UnitMeasure>
      <BisWeighted>0</BisWeighted>
      <QtyInPackage>1</QtyInPackage>
      <ItemPrice>11.20</ItemPrice>
      <UnitOfMeasurePrice>8.72</UnitOfMeasurePrice>
      <AllowDiscount>1</AllowDiscount>
      <itemStatus>1</itemStatus>
      <LastUpdateDate />
      <LastUpdateTime />
    </Product>
    <Product>
      <PriceUpdateDate>2018/11/06 10:28</PriceUpdateDate>
      <ItemCode>7290014791213</ItemCode>
      <ItemType>1</ItemType>
      <ItemName>שוופס WATER תפוח 1.5 ליטר 0קלוריות</ItemName>
      <ManufactureName>יפאורה שותפות מוגבלת לשיווק</ManufactureName>
      <ManufactureCountry />
      <ManufactureItemDescription />
      <UnitQty>י"ח</UnitQty>
      <Quantity>1.50</Quantity>
      <UnitMeasure>ליטר</UnitMeasure>
      <BisWeighted>0</BisWeighted>
      <QtyInPackage>1</QtyInPackage>
      <ItemPrice>6.20</ItemPrice>
      <UnitOfMeasurePrice>4.13</UnitOfMeasurePrice>
      <AllowDiscount>1</AllowDiscount>
      <itemStatus>1</itemStatus>
      <LastUpdateDate />
      <LastUpdateTime />
    </Product>
    <Product>
      <PriceUpdateDate>2018/11/06 10:28</PriceUpdateDate>
      <ItemCode>7290014791237</ItemCode>
      <ItemType>1</ItemType>
      <ItemName>שוופס WATER אפרסק 1.5 ליטר 0קלוריות</ItemName>
      <ManufactureName>יפאורה שותפות מוגבלת לשיווק</ManufactureName>
      <ManufactureCountry />
      <ManufactureItemDescription />
      <UnitQty>י"ח</UnitQty>
      <Quantity>1.50</Quantity>
      <UnitMeasure>ליטר</UnitMeasure>
      <BisWeighted>0</BisWeighted>
      <QtyInPackage>1</QtyInPackage>
      <ItemPrice>6.20</ItemPrice>
      <UnitOfMeasurePrice>4.13</UnitOfMeasurePrice>
      <AllowDiscount>1</AllowDiscount>
      <itemStatus>1</itemStatus>
      <LastUpdateDate />
      <LastUpdateTime />
    </Product>
    <Product>
      <PriceUpdateDate>2018/10/29 09:22</PriceUpdateDate>
      <ItemCode>7290014791305</ItemCode>
      <ItemType>1</ItemType>
      <ItemName>ספרינג -Tמנגו  ליצי  1.5 ל</ItemName>
      <ManufactureName>יפאורה שותפות מוגבלת לשיווק</ManufactureName>
      <ManufactureCountry />
      <ManufactureItemDescription />
      <UnitQty>י"ח</UnitQty>
      <Quantity>1.50</Quantity>
      <UnitMeasure>ליטר</UnitMeasure>
      <BisWeighted>0</BisWeighted>
      <QtyInPackage>1</QtyInPackage>
      <ItemPrice>7</ItemPrice>
      <UnitOfMeasurePrice>4.67</UnitOfMeasurePrice>
      <AllowDiscount>1</AllowDiscount>
      <itemStatus>1</itemStatus>
      <LastUpdateDate />
      <LastUpdateTime />
    </Product>
    <Product>
      <PriceUpdateDate>2018/07/15 15:22</PriceUpdateDate>
      <ItemCode>7290014791565</ItemCode>
      <ItemType>1</ItemType>
      <ItemName>שוופס מוגז ענבים  1.5 ליטר</ItemName>
      <ManufactureName>יפאורה שותפות מוגבלת לשיווק</ManufactureName>
      <ManufactureCountry />
      <ManufactureItemDescription />
      <UnitQty>י"ח</UnitQty>
      <Quantity>1.50</Quantity>
      <UnitMeasure>ליטר</UnitMeasure>
      <BisWeighted>0</BisWeighted>
      <QtyInPackage>1</QtyInPackage>
      <ItemPrice>7.50</ItemPrice>
      <UnitOfMeasurePrice>5</UnitOfMeasurePrice>
      <AllowDiscount>1</AllowDiscount>
      <itemStatus>1</itemStatus>
      <LastUpdateDate />
      <LastUpdateTime />
    </Product>
    <Product>
      <PriceUpdateDate>2017/05/21 10:08</PriceUpdateDate>
      <ItemCode>7290014791572</ItemCode>
      <ItemType>1</ItemType>
      <ItemName>שוופס מוגז ענבים 330מ"ל</ItemName>
      <ManufactureName>יפאורה שותפות מוגבלת לשיווק</ManufactureName>
      <ManufactureCountry />
      <ManufactureItemDescription />
      <UnitQty>י"ח</UnitQty>
      <Quantity>330</Quantity>
      <UnitMeasure>ל  מ"ל</UnitMeasure>
      <BisWeighted>0</BisWeighted>
      <QtyInPackage>1</QtyInPackage>
      <ItemPrice>4.90</ItemPrice>
      <UnitOfMeasurePrice>1.39</UnitOfMeasurePrice>
      <AllowDiscount>1</AllowDiscount>
      <itemStatus>1</itemStatus>
      <LastUpdateDate />
      <LastUpdateTime />
    </Product>
    <Product>
      <PriceUpdateDate>2018/11/06 10:28</PriceUpdateDate>
      <ItemCode>7290014791589</ItemCode>
      <ItemType>1</ItemType>
      <ItemName>תפוזינה לימונדה MIX לימונענע 1.5 ליטר</ItemName>
      <ManufactureName>יפאורה שותפות מוגבלת לשיווק</ManufactureName>
      <ManufactureCountry />
      <ManufactureItemDescription />
      <UnitQty>י"ח</UnitQty>
      <Quantity>1.50</Quantity>
      <UnitMeasure>ליטר</UnitMeasure>
      <BisWeighted>0</BisWeighted>
      <QtyInPackage>1</QtyInPackage>
      <ItemPrice>6.20</ItemPrice>
      <UnitOfMeasurePrice>4.13</UnitOfMeasurePrice>
      <AllowDiscount>1</AllowDiscount>
      <itemStatus>1</itemStatus>
      <LastUpdateDate />
      <LastUpdateTime />
    </Product>
    <Product>
      <PriceUpdateDate>2018/11/06 10:28</PriceUpdateDate>
      <ItemCode>7290014791596</ItemCode>
      <ItemType>1</ItemType>
      <ItemName>תפוזינה לימונדה MIX לימונדה ורודה 1.5</ItemName>
      <ManufactureName>יפאורה שותפות מוגבלת לשיווק</ManufactureName>
      <ManufactureCountry />
      <ManufactureItemDescription />
      <UnitQty>י"ח</UnitQty>
      <Quantity>1.50</Quantity>
      <UnitMeasure>ליטר</UnitMeasure>
      <BisWeighted>0</BisWeighted>
      <QtyInPackage>1</QtyInPackage>
      <ItemPrice>6.20</ItemPrice>
      <UnitOfMeasurePrice>4.13</UnitOfMeasurePrice>
      <AllowDiscount>1</AllowDiscount>
      <itemStatus>1</itemStatus>
      <LastUpdateDate />
      <LastUpdateTime />
    </Product>
    <Product>
      <PriceUpdateDate>2014/12/28 09:15</PriceUpdateDate>
      <ItemCode>7290014791619</ItemCode>
      <ItemType>1</ItemType>
      <ItemName>שוופס סודה 1.5נענע ליים  ליטר</ItemName>
      <ManufactureName>יפאורה שותפות מוגבלת לשיווק</ManufactureName>
      <ManufactureCountry />
      <ManufactureItemDescription />
      <UnitQty>י"ח</UnitQty>
      <Quantity>1.50</Quantity>
      <UnitMeasure>ליטר</UnitMeasure>
      <BisWeighted>0</BisWeighted>
      <QtyInPackage>1</QtyInPackage>
      <ItemPrice>4</ItemPrice>
      <UnitOfMeasurePrice>2.67</UnitOfMeasurePrice>
      <AllowDiscount>1</AllowDiscount>
      <itemStatus>1</itemStatus>
      <LastUpdateDate />
      <LastUpdateTime />
    </Product>
    <Product>
      <PriceUpdateDate>2019/11/22 08:25</PriceUpdateDate>
      <ItemCode>7290014791725</ItemCode>
      <ItemType>1</ItemType>
      <ItemName>שוופס מוגז עדין 0.5 ליטר תפוח</ItemName>
      <ManufactureName>יפאורה שותפות מוגבלת לשיווק</ManufactureName>
      <ManufactureCountry />
      <ManufactureItemDescription />
      <UnitQty>י"ח</UnitQty>
      <Quantity>500</Quantity>
      <UnitMeasure>ל  מ"ל</UnitMeasure>
      <BisWeighted>0</BisWeighted>
      <QtyInPackage>1</QtyInPackage>
      <ItemPrice>4.20</ItemPrice>
      <UnitOfMeasurePrice>0.78</UnitOfMeasurePrice>
      <AllowDiscount>1</AllowDiscount>
      <itemStatus>1</itemStatus>
      <LastUpdateDate />
      <LastUpdateTime />
    </Product>
    <Product>
      <PriceUpdateDate>2016/01/05 09:33</PriceUpdateDate>
      <ItemCode>7290014791770</ItemCode>
      <ItemType>1</ItemType>
      <ItemName>פרוט ווטר ענבים 1.5 ליטר</ItemName>
      <ManufactureName>יפאורה שותפות מוגבלת לשיווק</ManufactureName>
      <ManufactureCountry />
      <ManufactureItemDescription />
      <UnitQty>י"ח</UnitQty>
      <Quantity>1.50</Quantity>
      <UnitMeasure>ליטר</UnitMeasure>
      <BisWeighted>0</BisWeighted>
      <QtyInPackage>1</QtyInPackage>
      <ItemPrice>7</ItemPrice>
      <UnitOfMeasurePrice>4.67</UnitOfMeasurePrice>
      <AllowDiscount>1</AllowDiscount>
      <itemStatus>1</itemStatus>
      <LastUpdateDate />
      <LastUpdateTime />
    </Product>
    <Product>
      <PriceUpdateDate>2016/01/05 09:33</PriceUpdateDate>
      <ItemCode>7290014791787</ItemCode>
      <ItemType>1</ItemType>
      <ItemName>פרוט ווטר אננס 1.5 ליטר</ItemName>
      <ManufactureName>יפאורה שותפות מוגבלת לשיווק</ManufactureName>
      <ManufactureCountry />
      <ManufactureItemDescription />
      <UnitQty>י"ח</UnitQty>
      <Quantity>1.50</Quantity>
      <UnitMeasure>ליטר</UnitMeasure>
      <BisWeighted>0</BisWeighted>
      <QtyInPackage>1</QtyInPackage>
      <ItemPrice>7</ItemPrice>
      <UnitOfMeasurePrice>4.67</UnitOfMeasurePrice>
      <AllowDiscount>1</AllowDiscount>
      <itemStatus>1</itemStatus>
      <LastUpdateDate />
      <LastUpdateTime />
    </Product>
    <Product>
      <PriceUpdateDate>2016/01/05 09:33</PriceUpdateDate>
      <ItemCode>7290014791794</ItemCode>
      <ItemType>1</ItemType>
      <ItemName>פרוט ווטר תפוח 1.5 ליטר</ItemName>
      <ManufactureName>יפאורה שותפות מוגבלת לשיווק</ManufactureName>
      <ManufactureCountry />
      <ManufactureItemDescription />
      <UnitQty>י"ח</UnitQty>
      <Quantity>1.50</Quantity>
      <UnitMeasure>ליטר</UnitMeasure>
      <BisWeighted>0</BisWeighted>
      <QtyInPackage>1</QtyInPackage>
      <ItemPrice>7</ItemPrice>
      <UnitOfMeasurePrice>4.67</UnitOfMeasurePrice>
      <AllowDiscount>1</AllowDiscount>
      <itemStatus>1</itemStatus>
      <LastUpdateDate />
      <LastUpdateTime />
    </Product>
    <Product>
      <PriceUpdateDate>2016/01/05 09:33</PriceUpdateDate>
      <ItemCode>7290014791800</ItemCode>
      <ItemType>1</ItemType>
      <ItemName>פרוט ווטר אפרסק 1.5 ליטר</ItemName>
      <ManufactureName>יפאורה שותפות מוגבלת לשיווק</ManufactureName>
      <ManufactureCountry />
      <ManufactureItemDescription />
      <UnitQty>י"ח</UnitQty>
      <Quantity>1.50</Quantity>
      <UnitMeasure>ליטר</UnitMeasure>
      <BisWeighted>0</BisWeighted>
      <QtyInPackage>1</QtyInPackage>
      <ItemPrice>7</ItemPrice>
      <UnitOfMeasurePrice>4.67</UnitOfMeasurePrice>
      <AllowDiscount>1</AllowDiscount>
      <itemStatus>1</itemStatus>
      <LastUpdateDate />
      <LastUpdateTime />
    </Product>
    <Product>
      <PriceUpdateDate>2016/01/05 09:33</PriceUpdateDate>
      <ItemCode>7290014791817</ItemCode>
      <ItemType>1</ItemType>
      <ItemName>פרוט ווטר אבטיח 1.5 ליטר</ItemName>
      <ManufactureName>יפאורה שותפות מוגבלת לשיווק</ManufactureName>
      <ManufactureCountry />
      <ManufactureItemDescription />
      <UnitQty>י"ח</UnitQty>
      <Quantity>1.50</Quantity>
      <UnitMeasure>ליטר</UnitMeasure>
      <BisWeighted>0</BisWeighted>
      <QtyInPackage>1</QtyInPackage>
      <ItemPrice>7</ItemPrice>
      <UnitOfMeasurePrice>4.67</UnitOfMeasurePrice>
      <AllowDiscount>1</AllowDiscount>
      <itemStatus>1</itemStatus>
      <LastUpdateDate />
      <LastUpdateTime />
    </Product>
    <Product>
      <PriceUpdateDate>2020/02/03 14:12</PriceUpdateDate>
      <ItemCode>7290014791824</ItemCode>
      <ItemType>1</ItemType>
      <ItemName>פרוטס ווטר תות 1.5 ליטר</ItemName>
      <ManufactureName>יפאורה שותפות מוגבלת לשיווק</ManufactureName>
      <ManufactureCountry />
      <ManufactureItemDescription />
      <UnitQty>י"ח</UnitQty>
      <Quantity>1.50</Quantity>
      <UnitMeasure>ליטר</UnitMeasure>
      <BisWeighted>0</BisWeighted>
      <QtyInPackage>1</QtyInPackage>
      <ItemPrice>7</ItemPrice>
      <UnitOfMeasurePrice>4.67</UnitOfMeasurePrice>
      <AllowDiscount>1</AllowDiscount>
      <itemStatus>1</itemStatus>
      <LastUpdateDate />
      <LastUpdateTime />
    </Product>
    <Product>
      <PriceUpdateDate>2019/03/25 10:10</PriceUpdateDate>
      <ItemCode>7290014860063</ItemCode>
      <ItemType>1</ItemType>
      <ItemName>מקלוני אורז ללא גלוטן 454ג</ItemName>
      <ManufactureName>מזרח ומערב יבוא ושיווק</ManufactureName>
      <ManufactureCountry />
      <ManufactureItemDescription />
      <UnitQty>י"ח</UnitQty>
      <Quantity>454</Quantity>
      <UnitMeasure>ל  גרם</UnitMeasure>
      <BisWeighted>0</BisWeighted>
      <QtyInPackage>1</QtyInPackage>
      <ItemPrice>7.90</ItemPrice>
      <UnitOfMeasurePrice>1.74</UnitOfMeasurePrice>
      <AllowDiscount>1</AllowDiscount>
      <itemStatus>1</itemStatus>
      <LastUpdateDate />
      <LastUpdateTime />
    </Product>
    <Product>
      <PriceUpdateDate>2019/03/25 10:10</PriceUpdateDate>
      <ItemCode>7290014860070</ItemCode>
      <ItemType>1</ItemType>
      <ItemName>מקלוני אורז ללא גלוטן 5מ"מ 454גר</ItemName>
      <ManufactureName>מזרח ומערב יבוא ושיווק</ManufactureName>
      <ManufactureCountry />
      <ManufactureItemDescription />
      <UnitQty>י"ח</UnitQty>
      <Quantity>454</Quantity>
      <UnitMeasure>ל  גרם</UnitMeasure>
      <BisWeighted>0</BisWeighted>
      <QtyInPackage>1</QtyInPackage>
      <ItemPrice>7.90</ItemPrice>
      <UnitOfMeasurePrice>1.74</UnitOfMeasurePrice>
      <AllowDiscount>1</AllowDiscount>
      <itemStatus>1</itemStatus>
      <LastUpdateDate />
      <LastUpdateTime />
    </Product>
    <Product>
      <PriceUpdateDate>2019/03/25 10:10</PriceUpdateDate>
      <ItemCode>7290014860094</ItemCode>
      <ItemType>1</ItemType>
      <ItemName>מקלוני אורז ללא גלוטן 3מ"מ 454גר</ItemName>
      <ManufactureName>מזרח ומערב יבוא ושיווק</ManufactureName>
      <ManufactureCountry />
      <ManufactureItemDescription />
      <UnitQty>י"ח</UnitQty>
      <Quantity>454</Quantity>
      <UnitMeasure>ל  גרם</UnitMeasure>
      <BisWeighted>0</BisWeighted>
      <QtyInPackage>1</QtyInPackage>
      <ItemPrice>7.90</ItemPrice>
      <UnitOfMeasurePrice>1.74</UnitOfMeasurePrice>
      <AllowDiscount>1</AllowDiscount>
      <itemStatus>1</itemStatus>
      <LastUpdateDate />
      <LastUpdateTime />
    </Product>
    <Product>
      <PriceUpdateDate>2019/03/25 10:10</PriceUpdateDate>
      <ItemCode>7290014860988</ItemCode>
      <ItemType>1</ItemType>
      <ItemName>קרם קוקוס 17% סלבס 400מ"ל</ItemName>
      <ManufactureName>מזרח ומערב יבוא ושיווק</ManufactureName>
      <ManufactureCountry />
      <ManufactureItemDescription />
      <UnitQty>י"ח</UnitQty>
      <Quantity>400</Quantity>
      <UnitMeasure>ל  מ"ל</UnitMeasure>
      <BisWeighted>0</BisWeighted>
      <QtyInPackage>1</QtyInPackage>
      <ItemPrice>9.90</ItemPrice>
      <UnitOfMeasurePrice>2.48</UnitOfMeasurePrice>
      <AllowDiscount>1</AllowDiscount>
      <itemStatus>1</itemStatus>
      <LastUpdateDate />
      <LastUpdateTime />
    </Product>
    <Product>
      <PriceUpdateDate>2015/01/21 09:56</PriceUpdateDate>
      <ItemCode>7290014901308</ItemCode>
      <ItemType>1</ItemType>
      <ItemName>סנסודיין הגנה מלאה רגיל 75מ"ל</ItemName>
      <ManufactureName>גורי ע.ע.ע. בעמ</ManufactureName>
      <ManufactureCountry />
      <ManufactureItemDescription />
      <UnitQty>י"ח</UnitQty>
      <Quantity>75</Quantity>
      <UnitMeasure>ל  גרם</UnitMeasure>
      <BisWeighted>0</BisWeighted>
      <QtyInPackage>1</QtyInPackage>
      <ItemPrice>21.90</ItemPrice>
      <UnitOfMeasurePrice>29.20</UnitOfMeasurePrice>
      <AllowDiscount>1</AllowDiscount>
      <itemStatus>1</itemStatus>
      <LastUpdateDate />
      <LastUpdateTime />
    </Product>
    <Product>
      <PriceUpdateDate>2015/01/21 09:56</PriceUpdateDate>
      <ItemCode>7290014901315</ItemCode>
      <ItemType>1</ItemType>
      <ItemName>סנסודיין הגנה מלאה 75 אקסטרה פרש 75מ"ל</ItemName>
      <ManufactureName>גורי ע.ע.ע. בעמ</ManufactureName>
      <ManufactureCountry />
      <ManufactureItemDescription />
      <UnitQty>י"ח</UnitQty>
      <Quantity>75</Quantity>
      <UnitMeasure>ל  גרם</UnitMeasure>
      <BisWeighted>0</BisWeighted>
      <QtyInPackage>1</QtyInPackage>
      <ItemPrice>21.90</ItemPrice>
      <UnitOfMeasurePrice>29.20</UnitOfMeasurePrice>
      <AllowDiscount>1</AllowDiscount>
      <itemStatus>1</itemStatus>
      <LastUpdateDate />
      <LastUpdateTime />
    </Product>
    <Product>
      <PriceUpdateDate>2017/12/31 14:41</PriceUpdateDate>
      <ItemCode>7290014901575</ItemCode>
      <ItemType>1</ItemType>
      <ItemName>סבון ידיים תה מרווה כחול 500מ"ל</ItemName>
      <ManufactureName>גורי ע.ע.ע. בעמ</ManufactureName>
      <ManufactureCountry />
      <ManufactureItemDescription />
      <UnitQty>י"ח</UnitQty>
      <Quantity>500</Quantity>
      <UnitMeasure>ל  מ"ל</UnitMeasure>
      <BisWeighted>0</BisWeighted>
      <QtyInPackage>1</QtyInPackage>
      <ItemPrice>8.90</ItemPrice>
      <UnitOfMeasurePrice>1.78</UnitOfMeasurePrice>
      <AllowDiscount>1</AllowDiscount>
      <itemStatus>1</itemStatus>
      <LastUpdateDate />
      <LastUpdateTime />
    </Product>
    <Product>
      <PriceUpdateDate>2016/07/10 14:30</PriceUpdateDate>
      <ItemCode>7290014901988</ItemCode>
      <ItemType>1</ItemType>
      <ItemName>סנסודיין פרונאל מלבינה 75מ"ל</ItemName>
      <ManufactureName>גורי ע.ע.ע. בעמ</ManufactureName>
      <ManufactureCountry />
      <ManufactureItemDescription />
      <UnitQty>י"ח</UnitQty>
      <Quantity>75</Quantity>
      <UnitMeasure>ל  גרם</UnitMeasure>
      <BisWeighted>0</BisWeighted>
      <QtyInPackage>1</QtyInPackage>
      <ItemPrice>21.90</ItemPrice>
      <UnitOfMeasurePrice>29.20</UnitOfMeasurePrice>
      <AllowDiscount>1</AllowDiscount>
      <itemStatus>1</itemStatus>
      <LastUpdateDate />
      <LastUpdateTime />
    </Product>
    <Product>
      <PriceUpdateDate>2016/07/10 14:30</PriceUpdateDate>
      <ItemCode>7290014901995</ItemCode>
      <ItemType>1</ItemType>
      <ItemName>אקווה פרש הגנה כוללת 100מ"ל</ItemName>
      <ManufactureName>גורי ע.ע.ע. בעמ</ManufactureName>
      <ManufactureCountry />
      <ManufactureItemDescription />
      <UnitQty>י"ח</UnitQty>
      <Quantity>158</Quantity>
      <UnitMeasure>ל  גרם</UnitMeasure>
      <BisWeighted>0</BisWeighted>
      <QtyInPackage>1</QtyInPackage>
      <ItemPrice>17.90</ItemPrice>
      <UnitOfMeasurePrice>11.33</UnitOfMeasurePrice>
      <AllowDiscount>1</AllowDiscount>
      <itemStatus>1</itemStatus>
      <LastUpdateDate />
      <LastUpdateTime />
    </Product>
    <Product>
      <PriceUpdateDate>2017/12/28 14:33</PriceUpdateDate>
      <ItemCode>7290014940901</ItemCode>
      <ItemType>1</ItemType>
      <ItemName>לחם פשוט מלא</ItemName>
      <ManufactureName>שלמה א.אנג ל בעמ</ManufactureName>
      <ManufactureCountry />
      <ManufactureItemDescription />
      <UnitQty>י"ח</UnitQty>
      <Quantity>750</Quantity>
      <UnitMeasure>ל  גרם</UnitMeasure>
      <BisWeighted>0</BisWeighted>
      <QtyInPackage>1</QtyInPackage>
      <ItemPrice>14.90</ItemPrice>
      <UnitOfMeasurePrice>1.99</UnitOfMeasurePrice>
      <AllowDiscount>1</AllowDiscount>
      <itemStatus>1</itemStatus>
      <LastUpdateDate />
      <LastUpdateTime />
    </Product>
    <Product>
      <PriceUpdateDate>2014/04/01 12:55</PriceUpdateDate>
      <ItemCode>7290014949744</ItemCode>
      <ItemType>1</ItemType>
      <ItemName>אוטן טרופי ספריי יבש  100מ"ל</ItemName>
      <ManufactureName>דנשר (1963) בעמ</ManufactureName>
      <ManufactureCountry />
      <ManufactureItemDescription />
      <UnitQty>י"ח</UnitQty>
      <Quantity>100</Quantity>
      <UnitMeasure>ל  מ"ל</UnitMeasure>
      <BisWeighted>0</BisWeighted>
      <QtyInPackage>1</QtyInPackage>
      <ItemPrice>25.40</ItemPrice>
      <UnitOfMeasurePrice>25.40</UnitOfMeasurePrice>
      <AllowDiscount>1</AllowDiscount>
      <itemStatus>1</itemStatus>
      <LastUpdateDate />
      <LastUpdateTime />
    </Product>
    <Product>
      <PriceUpdateDate>2014/04/01 12:55</PriceUpdateDate>
      <ItemCode>7290014949751</ItemCode>
      <ItemType>1</ItemType>
      <ItemName>אוטן ג`וניור ג`ל לילדים 100מ"ל</ItemName>
      <ManufactureName>דנשר (1963) בעמ</ManufactureName>
      <ManufactureCountry />
      <ManufactureItemDescription />
      <UnitQty>י"ח</UnitQty>
      <Quantity>100</Quantity>
      <UnitMeasure>ל  מ"ל</UnitMeasure>
      <BisWeighted>0</BisWeighted>
      <QtyInPackage>1</QtyInPackage>
      <ItemPrice>25.40</ItemPrice>
      <UnitOfMeasurePrice>25.40</UnitOfMeasurePrice>
      <AllowDiscount>1</AllowDiscount>
      <itemStatus>1</itemStatus>
      <LastUpdateDate />
      <LastUpdateTime />
    </Product>
    <Product>
      <PriceUpdateDate>2014/04/01 12:55</PriceUpdateDate>
      <ItemCode>7290014949768</ItemCode>
      <ItemType>1</ItemType>
      <ItemName>אוטן אפטר ביט 25מ"ל</ItemName>
      <ManufactureName>דנשר (1963) בעמ</ManufactureName>
      <ManufactureCountry />
      <ManufactureItemDescription />
      <UnitQty>י"ח</UnitQty>
      <Quantity>25</Quantity>
      <UnitMeasure>ל  מ"ל</UnitMeasure>
      <BisWeighted>0</BisWeighted>
      <QtyInPackage>1</QtyInPackage>
      <ItemPrice>24.90</ItemPrice>
      <UnitOfMeasurePrice>99.60</UnitOfMeasurePrice>
      <AllowDiscount>1</AllowDiscount>
      <itemStatus>1</itemStatus>
      <LastUpdateDate />
      <LastUpdateTime />
    </Product>
    <Product>
      <PriceUpdateDate>2015/11/15 11:26</PriceUpdateDate>
      <ItemCode>7290015025942</ItemCode>
      <ItemType>1</ItemType>
      <ItemName>פנג ל קרם ידיים מועשר בשמן שקדים 80מ"ל</ItemName>
      <ManufactureName>דנשר (1963) בעמ</ManufactureName>
      <ManufactureCountry />
      <ManufactureItemDescription />
      <UnitQty>י"ח</UnitQty>
      <Quantity>100</Quantity>
      <UnitMeasure>ל  מ"ל</UnitMeasure>
      <BisWeighted>0</BisWeighted>
      <QtyInPackage>1</QtyInPackage>
      <ItemPrice>7.90</ItemPrice>
      <UnitOfMeasurePrice>7.90</UnitOfMeasurePrice>
      <AllowDiscount>1</AllowDiscount>
      <itemStatus>1</itemStatus>
      <LastUpdateDate />
      <LastUpdateTime />
    </Product>
    <Product>
      <PriceUpdateDate>2014/07/21 09:57</PriceUpdateDate>
      <ItemCode>7290015039321</ItemCode>
      <ItemType>1</ItemType>
      <ItemName>גבינה חלומי 250גר</ItemName>
      <ManufactureName>ג.וילי פוד אינטרנשיונל בעמ</ManufactureName>
      <ManufactureCountry />
      <ManufactureItemDescription />
      <UnitQty>י"ח</UnitQty>
      <Quantity>250</Quantity>
      <UnitMeasure>ל  גרם</UnitMeasure>
      <BisWeighted>0</BisWeighted>
      <QtyInPackage>1</QtyInPackage>
      <ItemPrice>22.90</ItemPrice>
      <UnitOfMeasurePrice>9.16</UnitOfMeasurePrice>
      <AllowDiscount>0</AllowDiscount>
      <itemStatus>1</itemStatus>
      <LastUpdateDate />
      <LastUpdateTime />
    </Product>
    <Product>
      <PriceUpdateDate>2014/08/04 13:16</PriceUpdateDate>
      <ItemCode>7290015039468</ItemCode>
      <ItemType>1</ItemType>
      <ItemName>פטה מעודנת 17% שומן 200ג SAY</ItemName>
      <ManufactureName>ג.וילי פוד אינטרנשיונל בעמ</ManufactureName>
      <ManufactureCountry />
      <ManufactureItemDescription />
      <UnitQty>י"ח</UnitQty>
      <Quantity>200</Quantity>
      <UnitMeasure>ל  גרם</UnitMeasure>
      <BisWeighted>0</BisWeighted>
      <QtyInPackage>1</QtyInPackage>
      <ItemPrice>15.90</ItemPrice>
      <UnitOfMeasurePrice>7.95</UnitOfMeasurePrice>
      <AllowDiscount>0</AllowDiscount>
      <itemStatus>1</itemStatus>
      <LastUpdateDate />
      <LastUpdateTime />
    </Product>
    <Product>
      <PriceUpdateDate>2018/01/08 13:29</PriceUpdateDate>
      <ItemCode>7290015039482</ItemCode>
      <ItemType>1</ItemType>
      <ItemName>גבינת אדם פלח  230ג 24% שומן</ItemName>
      <ManufactureName>ג.וילי פוד אינטרנשיונל בעמ</ManufactureName>
      <ManufactureCountry />
      <ManufactureItemDescription />
      <UnitQty>י"ח</UnitQty>
      <Quantity>230</Quantity>
      <UnitMeasure>ל  גרם</UnitMeasure>
      <BisWeighted>0</BisWeighted>
      <QtyInPackage>1</QtyInPackage>
      <ItemPrice>21.90</ItemPrice>
      <UnitOfMeasurePrice>9.52</UnitOfMeasurePrice>
      <AllowDiscount>0</AllowDiscount>
      <itemStatus>1</itemStatus>
      <LastUpdateDate />
      <LastUpdateTime />
    </Product>
    <Product>
      <PriceUpdateDate>2015/06/10 10:02</PriceUpdateDate>
      <ItemCode>7290015039505</ItemCode>
      <ItemType>1</ItemType>
      <ItemName>פטה  3% שומן קוביות 150ג SAY</ItemName>
      <ManufactureName>ג.וילי פוד אינטרנשיונל בעמ</ManufactureName>
      <ManufactureCountry />
      <ManufactureItemDescription />
      <UnitQty>י"ח</UnitQty>
      <Quantity>150</Quantity>
      <UnitMeasure>ל  גרם</UnitMeasure>
      <BisWeighted>0</BisWeighted>
      <QtyInPackage>1</QtyInPackage>
      <ItemPrice>17.90</ItemPrice>
      <UnitOfMeasurePrice>11.93</UnitOfMeasurePrice>
      <AllowDiscount>0</AllowDiscount>
      <itemStatus>1</itemStatus>
      <LastUpdateDate />
      <LastUpdateTime />
    </Product>
    <Product>
      <PriceUpdateDate>2014/08/04 13:16</PriceUpdateDate>
      <ItemCode>7290015039536</ItemCode>
      <ItemType>1</ItemType>
      <ItemName>גאודה פרוסות 250ג</ItemName>
      <ManufactureName>ג.וילי פוד אינטרנשיונל בעמ</ManufactureName>
      <ManufactureCountry />
      <ManufactureItemDescription />
      <UnitQty>י"ח</UnitQty>
      <Quantity>250</Quantity>
      <UnitMeasure>ל  גרם</UnitMeasure>
      <BisWeighted>0</BisWeighted>
      <QtyInPackage>1</QtyInPackage>
      <ItemPrice>15.90</ItemPrice>
      <UnitOfMeasurePrice>6.36</UnitOfMeasurePrice>
      <AllowDiscount>0</AllowDiscount>
      <itemStatus>1</itemStatus>
      <LastUpdateDate />
      <LastUpdateTime />
    </Product>
    <Product>
      <PriceUpdateDate>2014/08/04 13:16</PriceUpdateDate>
      <ItemCode>7290015039567</ItemCode>
      <ItemType>1</ItemType>
      <ItemName>פטה מעודנת 3% שומן 200ג SAY</ItemName>
      <ManufactureName>ג.וילי פוד אינטרנשיונל בעמ</ManufactureName>
      <ManufactureCountry />
      <ManufactureItemDescription />
      <UnitQty>י"ח</UnitQty>
      <Quantity>200</Quantity>
      <UnitMeasure>ל  גרם</UnitMeasure>
      <BisWeighted>0</BisWeighted>
      <QtyInPackage>1</QtyInPackage>
      <ItemPrice>17.90</ItemPrice>
      <UnitOfMeasurePrice>8.95</UnitOfMeasurePrice>
      <AllowDiscount>0</AllowDiscount>
      <itemStatus>1</itemStatus>
      <LastUpdateDate />
      <LastUpdateTime />
    </Product>
    <Product>
      <PriceUpdateDate>2014/08/04 13:16</PriceUpdateDate>
      <ItemCode>7290015039581</ItemCode>
      <ItemType>1</ItemType>
      <ItemName>גאודה צאנק 300ג</ItemName>
      <ManufactureName>ג.וילי פוד אינטרנשיונל בעמ</ManufactureName>
      <ManufactureCountry />
      <ManufactureItemDescription />
      <UnitQty>י"ח</UnitQty>
      <Quantity>300</Quantity>
      <UnitMeasure>ל  גרם</UnitMeasure>
      <BisWeighted>0</BisWeighted>
      <QtyInPackage>1</QtyInPackage>
      <ItemPrice>16.90</ItemPrice>
      <UnitOfMeasurePrice>5.63</UnitOfMeasurePrice>
      <AllowDiscount>0</AllowDiscount>
      <itemStatus>1</itemStatus>
      <LastUpdateDate />
      <LastUpdateTime />
    </Product>
    <Product>
      <PriceUpdateDate>2016/03/07 14:34</PriceUpdateDate>
      <ItemCode>7290015039635</ItemCode>
      <ItemType>1</ItemType>
      <ItemName>גבינת פרמזנו 200ג משולשים</ItemName>
      <ManufactureName>ג.וילי פוד אינטרנשיונל בעמ</ManufactureName>
      <ManufactureCountry />
      <ManufactureItemDescription />
      <UnitQty>י"ח</UnitQty>
      <Quantity>200</Quantity>
      <UnitMeasure>ל  גרם</UnitMeasure>
      <BisWeighted>0</BisWeighted>
      <QtyInPackage>1</QtyInPackage>
      <ItemPrice>23.90</ItemPrice>
      <UnitOfMeasurePrice>11.95</UnitOfMeasurePrice>
      <AllowDiscount>0</AllowDiscount>
      <itemStatus>1</itemStatus>
      <LastUpdateDate />
      <LastUpdateTime />
    </Product>
    <Product>
      <PriceUpdateDate>2014/09/30 07:40</PriceUpdateDate>
      <ItemCode>7290015039642</ItemCode>
      <ItemType>1</ItemType>
      <ItemName>גבינת פרמזן מגורדת 90ג שייקר</ItemName>
      <ManufactureName>ג.וילי פוד אינטרנשיונל בעמ</ManufactureName>
      <ManufactureCountry />
      <ManufactureItemDescription />
      <UnitQty>י"ח</UnitQty>
      <Quantity>90</Quantity>
      <UnitMeasure>ל  גרם</UnitMeasure>
      <BisWeighted>0</BisWeighted>
      <QtyInPackage>1</QtyInPackage>
      <ItemPrice>17.90</ItemPrice>
      <UnitOfMeasurePrice>19.89</UnitOfMeasurePrice>
      <AllowDiscount>0</AllowDiscount>
      <itemStatus>1</itemStatus>
      <LastUpdateDate />
      <LastUpdateTime />
    </Product>
    <Product>
      <PriceUpdateDate>2017/02/08 10:00</PriceUpdateDate>
      <ItemCode>7290015139229</ItemCode>
      <ItemType>1</ItemType>
      <ItemName>מטבעות כרמית שוקולד חלב זהב סגול 42גר</ItemName>
      <ManufactureName>כרמית תעשיות ממתקים בעמ</ManufactureName>
      <ManufactureCountry />
      <ManufactureItemDescription />
      <UnitQty>י"ח</UnitQty>
      <Quantity>42</Quantity>
      <UnitMeasure>ל  גרם</UnitMeasure>
      <BisWeighted>0</BisWeighted>
      <QtyInPackage>1</QtyInPackage>
      <ItemPrice>3.90</ItemPrice>
      <UnitOfMeasurePrice>9.29</UnitOfMeasurePrice>
      <AllowDiscount>1</AllowDiscount>
      <itemStatus>1</itemStatus>
      <LastUpdateDate />
      <LastUpdateTime />
    </Product>
    <Product>
      <PriceUpdateDate>2017/02/08 10:00</PriceUpdateDate>
      <ItemCode>7290015139465</ItemCode>
      <ItemType>1</ItemType>
      <ItemName>מיקסיםבייגלה מצופה שוקולד חלב 55גר</ItemName>
      <ManufactureName>כרמית תעשיות ממתקים בעמ</ManufactureName>
      <ManufactureCountry />
      <ManufactureItemDescription />
      <UnitQty>י"ח</UnitQty>
      <Quantity>55</Quantity>
      <UnitMeasure>ל  גרם</UnitMeasure>
      <BisWeighted>0</BisWeighted>
      <QtyInPackage>1</QtyInPackage>
      <ItemPrice>3.90</ItemPrice>
      <UnitOfMeasurePrice>7.09</UnitOfMeasurePrice>
      <AllowDiscount>1</AllowDiscount>
      <itemStatus>1</itemStatus>
      <LastUpdateDate />
      <LastUpdateTime />
    </Product>
    <Product>
      <PriceUpdateDate>2017/02/08 10:00</PriceUpdateDate>
      <ItemCode>7290015139472</ItemCode>
      <ItemType>1</ItemType>
      <ItemName>מיקסים שוקולד חלב ואגוזים  55גר</ItemName>
      <ManufactureName>כרמית תעשיות ממתקים בעמ</ManufactureName>
      <ManufactureCountry />
      <ManufactureItemDescription />
      <UnitQty>י"ח</UnitQty>
      <Quantity>55</Quantity>
      <UnitMeasure>ל  גרם</UnitMeasure>
      <BisWeighted>0</BisWeighted>
      <QtyInPackage>1</QtyInPackage>
      <ItemPrice>3.90</ItemPrice>
      <UnitOfMeasurePrice>7.09</UnitOfMeasurePrice>
      <AllowDiscount>1</AllowDiscount>
      <itemStatus>1</itemStatus>
      <LastUpdateDate />
      <LastUpdateTime />
    </Product>
    <Product>
      <PriceUpdateDate>2017/02/08 10:00</PriceUpdateDate>
      <ItemCode>7290015139489</ItemCode>
      <ItemType>1</ItemType>
      <ItemName>מיקסים שוקולד חלב ובטנים  55גר</ItemName>
      <ManufactureName>כרמית תעשיות ממתקים בעמ</ManufactureName>
      <ManufactureCountry />
      <ManufactureItemDescription />
      <UnitQty>י"ח</UnitQty>
      <Quantity>55</Quantity>
      <UnitMeasure>ל  גרם</UnitMeasure>
      <BisWeighted>0</BisWeighted>
      <QtyInPackage>1</QtyInPackage>
      <ItemPrice>3.90</ItemPrice>
      <UnitOfMeasurePrice>7.09</UnitOfMeasurePrice>
      <AllowDiscount>1</AllowDiscount>
      <itemStatus>1</itemStatus>
      <LastUpdateDate />
      <LastUpdateTime />
    </Product>
    <Product>
      <PriceUpdateDate>2017/02/08 10:00</PriceUpdateDate>
      <ItemCode>7290015139496</ItemCode>
      <ItemType>1</ItemType>
      <ItemName>מיקסים שוקולד חלב וקרמל  55גר</ItemName>
      <ManufactureName>כרמית תעשיות ממתקים בעמ</ManufactureName>
      <ManufactureCountry />
      <ManufactureItemDescription />
      <UnitQty>י"ח</UnitQty>
      <Quantity>55</Quantity>
      <UnitMeasure>ל  גרם</UnitMeasure>
      <BisWeighted>0</BisWeighted>
      <QtyInPackage>1</QtyInPackage>
      <ItemPrice>3.90</ItemPrice>
      <UnitOfMeasurePrice>7.09</UnitOfMeasurePrice>
      <AllowDiscount>1</AllowDiscount>
      <itemStatus>1</itemStatus>
      <LastUpdateDate />
      <LastUpdateTime />
    </Product>
    <Product>
      <PriceUpdateDate>2017/02/08 10:00</PriceUpdateDate>
      <ItemCode>7290015139502</ItemCode>
      <ItemType>1</ItemType>
      <ItemName>מיקסים שוקולד לבן ואורז  55גר</ItemName>
      <ManufactureName>כרמית תעשיות ממתקים בעמ</ManufactureName>
      <ManufactureCountry />
      <ManufactureItemDescription />
      <UnitQty>י"ח</UnitQty>
      <Quantity>55</Quantity>
      <UnitMeasure>ל  גרם</UnitMeasure>
      <BisWeighted>0</BisWeighted>
      <QtyInPackage>1</QtyInPackage>
      <ItemPrice>3.90</ItemPrice>
      <UnitOfMeasurePrice>7.09</UnitOfMeasurePrice>
      <AllowDiscount>1</AllowDiscount>
      <itemStatus>1</itemStatus>
      <LastUpdateDate />
      <LastUpdateTime />
    </Product>
    <Product>
      <PriceUpdateDate>2017/02/08 10:00</PriceUpdateDate>
      <ItemCode>7290015139519</ItemCode>
      <ItemType>1</ItemType>
      <ItemName>מיקסים קוביות וופל  55גר</ItemName>
      <ManufactureName>כרמית תעשיות ממתקים בעמ</ManufactureName>
      <ManufactureCountry />
      <ManufactureItemDescription />
      <UnitQty>י"ח</UnitQty>
      <Quantity>55</Quantity>
      <UnitMeasure>ל  גרם</UnitMeasure>
      <BisWeighted>0</BisWeighted>
      <QtyInPackage>1</QtyInPackage>
      <ItemPrice>3.90</ItemPrice>
      <UnitOfMeasurePrice>7.09</UnitOfMeasurePrice>
      <AllowDiscount>1</AllowDiscount>
      <itemStatus>1</itemStatus>
      <LastUpdateDate />
      <LastUpdateTime />
    </Product>
    <Product>
      <PriceUpdateDate>2017/02/08 10:00</PriceUpdateDate>
      <ItemCode>7290015139960</ItemCode>
      <ItemType>1</ItemType>
      <ItemName>מיקסים שוקולד לבן וקוקוס 55ג</ItemName>
      <ManufactureName>כרמית תעשיות ממתקים בעמ</ManufactureName>
      <ManufactureCountry />
      <ManufactureItemDescription />
      <UnitQty>י"ח</UnitQty>
      <Quantity>55</Quantity>
      <UnitMeasure>ל  גרם</UnitMeasure>
      <BisWeighted>0</BisWeighted>
      <QtyInPackage>1</QtyInPackage>
      <ItemPrice>3.90</ItemPrice>
      <UnitOfMeasurePrice>7.09</UnitOfMeasurePrice>
      <AllowDiscount>1</AllowDiscount>
      <itemStatus>1</itemStatus>
      <LastUpdateDate />
      <LastUpdateTime />
    </Product>
    <Product>
      <PriceUpdateDate>2016/07/11 12:02</PriceUpdateDate>
      <ItemCode>7290015150088</ItemCode>
      <ItemType>1</ItemType>
      <ItemName>מחית עגבניות גרנד איטליה 700גר</ItemName>
      <ManufactureName>תה ויסוצקי (ישראל)בעמ</ManufactureName>
      <ManufactureCountry />
      <ManufactureItemDescription />
      <UnitQty>י"ח</UnitQty>
      <Quantity>700</Quantity>
      <UnitMeasure>ל  גרם</UnitMeasure>
      <BisWeighted>0</BisWeighted>
      <QtyInPackage>1</QtyInPackage>
      <ItemPrice>12.50</ItemPrice>
      <UnitOfMeasurePrice>1.79</UnitOfMeasurePrice>
      <AllowDiscount>1</AllowDiscount>
      <itemStatus>1</itemStatus>
      <LastUpdateDate />
      <LastUpdateTime />
    </Product>
    <Product>
      <PriceUpdateDate>2018/07/01 09:18</PriceUpdateDate>
      <ItemCode>7290015150118</ItemCode>
      <ItemType>1</ItemType>
      <ItemName>עגבניות חתוכות גרנד איטליה   400ג3X</ItemName>
      <ManufactureName>תה ויסוצקי (ישראל)בעמ</ManufactureName>
      <ManufactureCountry />
      <ManufactureItemDescription />
      <UnitQty>י"ח</UnitQty>
      <Quantity>400</Quantity>
      <UnitMeasure>ל  גרם</UnitMeasure>
      <BisWeighted>0</BisWeighted>
      <QtyInPackage>1</QtyInPackage>
      <ItemPrice>17.90</ItemPrice>
      <UnitOfMeasurePrice>4.48</UnitOfMeasurePrice>
      <AllowDiscount>1</AllowDiscount>
      <itemStatus>1</itemStatus>
      <LastUpdateDate />
      <LastUpdateTime />
    </Product>
    <Product>
      <PriceUpdateDate>2017/02/24 08:15</PriceUpdateDate>
      <ItemCode>7290015176385</ItemCode>
      <ItemType>1</ItemType>
      <ItemName>מברשת ש. ילדים כחול פוגיקום</ItemName>
      <ManufactureName>פוגיקום בעמ</ManufactureName>
      <ManufactureCountry />
      <ManufactureItemDescription />
      <UnitQty>י"ח</UnitQty>
      <Quantity>1</Quantity>
      <UnitMeasure />
      <BisWeighted>0</BisWeighted>
      <QtyInPackage>1</QtyInPackage>
      <ItemPrice>39.90</ItemPrice>
      <UnitOfMeasurePrice>39.90</UnitOfMeasurePrice>
      <AllowDiscount>1</AllowDiscount>
      <itemStatus>1</itemStatus>
      <LastUpdateDate />
      <LastUpdateTime />
    </Product>
    <Product>
      <PriceUpdateDate>2015/03/19 14:56</PriceUpdateDate>
      <ItemCode>7290015348072</ItemCode>
      <ItemType>1</ItemType>
      <ItemName>למברסקו אמיליאנו אדום  750מ"ל</ItemName>
      <ManufactureName>טמפו משקאות בעמ</ManufactureName>
      <ManufactureCountry />
      <ManufactureItemDescription />
      <UnitQty>י"ח</UnitQty>
      <Quantity>750</Quantity>
      <UnitMeasure>ל  מ"ל</UnitMeasure>
      <BisWeighted>0</BisWeighted>
      <QtyInPackage>1</QtyInPackage>
      <ItemPrice>29.90</ItemPrice>
      <UnitOfMeasurePrice>3.95</UnitOfMeasurePrice>
      <AllowDiscount>1</AllowDiscount>
      <itemStatus>1</itemStatus>
      <LastUpdateDate />
      <LastUpdateTime />
    </Product>
    <Product>
      <PriceUpdateDate>2016/02/23 11:16</PriceUpdateDate>
      <ItemCode>7290015348089</ItemCode>
      <ItemType>1</ItemType>
      <ItemName>למברסקו אמיליאנו לבן  750מ"ל</ItemName>
      <ManufactureName>טמפו משקאות בעמ</ManufactureName>
      <ManufactureCountry />
      <ManufactureItemDescription />
      <UnitQty>י"ח</UnitQty>
      <Quantity>750</Quantity>
      <UnitMeasure>ל  מ"ל</UnitMeasure>
      <BisWeighted>0</BisWeighted>
      <QtyInPackage>1</QtyInPackage>
      <ItemPrice>29.90</ItemPrice>
      <UnitOfMeasurePrice>3.95</UnitOfMeasurePrice>
      <AllowDiscount>1</AllowDiscount>
      <itemStatus>1</itemStatus>
      <LastUpdateDate />
      <LastUpdateTime />
    </Product>
    <Product>
      <PriceUpdateDate>2015/03/19 14:56</PriceUpdateDate>
      <ItemCode>7290015348096</ItemCode>
      <ItemType>1</ItemType>
      <ItemName>למברסקו אמיליאנו רוזה 750מ"ל</ItemName>
      <ManufactureName>טמפו משקאות בעמ</ManufactureName>
      <ManufactureCountry />
      <ManufactureItemDescription />
      <UnitQty>י"ח</UnitQty>
      <Quantity>750</Quantity>
      <UnitMeasure>ל  מ"ל</UnitMeasure>
      <BisWeighted>0</BisWeighted>
      <QtyInPackage>1</QtyInPackage>
      <ItemPrice>29.90</ItemPrice>
      <UnitOfMeasurePrice>3.95</UnitOfMeasurePrice>
      <AllowDiscount>1</AllowDiscount>
      <itemStatus>1</itemStatus>
      <LastUpdateDate />
      <LastUpdateTime />
    </Product>
    <Product>
      <PriceUpdateDate>2016/04/10 15:59</PriceUpdateDate>
      <ItemCode>7290015348300</ItemCode>
      <ItemType>1</ItemType>
      <ItemName>יין ריחן קברנה סובניון 2012</ItemName>
      <ManufactureName>טמפו משקאות בעמ</ManufactureName>
      <ManufactureCountry />
      <ManufactureItemDescription />
      <UnitQty>י"ח</UnitQty>
      <Quantity>750</Quantity>
      <UnitMeasure>ל  מ"ל</UnitMeasure>
      <BisWeighted>0</BisWeighted>
      <QtyInPackage>1</QtyInPackage>
      <ItemPrice>59.90</ItemPrice>
      <UnitOfMeasurePrice>7.95</UnitOfMeasurePrice>
      <AllowDiscount>1</AllowDiscount>
      <itemStatus>1</itemStatus>
      <LastUpdateDate />
      <LastUpdateTime />
    </Product>
    <Product>
      <PriceUpdateDate>2016/04/15 09:23</PriceUpdateDate>
      <ItemCode>7290015348386</ItemCode>
      <ItemType>1</ItemType>
      <ItemName>מרום גליל רוזה 2015</ItemName>
      <ManufactureName>טמפו משקאות בעמ</ManufactureName>
      <ManufactureCountry />
      <ManufactureItemDescription />
      <UnitQty>י"ח</UnitQty>
      <Quantity>750</Quantity>
      <UnitMeasure>ל  מ"ל</UnitMeasure>
      <BisWeighted>0</BisWeighted>
      <QtyInPackage>1</QtyInPackage>
      <ItemPrice>39.90</ItemPrice>
      <UnitOfMeasurePrice>5.28</UnitOfMeasurePrice>
      <AllowDiscount>1</AllowDiscount>
      <itemStatus>1</itemStatus>
      <LastUpdateDate />
      <LastUpdateTime />
    </Product>
    <Product>
      <PriceUpdateDate>2018/12/16 10:43</PriceUpdateDate>
      <ItemCode>7290015350136</ItemCode>
      <ItemType>1</ItemType>
      <ItemName>יין קברנה סוביניון 750מ"ל Free Run</ItemName>
      <ManufactureName>טמפו משקאות בעמ</ManufactureName>
      <ManufactureCountry />
      <ManufactureItemDescription />
      <UnitQty>י"ח</UnitQty>
      <Quantity>750</Quantity>
      <UnitMeasure>ל  מ"ל</UnitMeasure>
      <BisWeighted>0</BisWeighted>
      <QtyInPackage>1</QtyInPackage>
      <ItemPrice>59.90</ItemPrice>
      <UnitOfMeasurePrice>7.95</UnitOfMeasurePrice>
      <AllowDiscount>1</AllowDiscount>
      <itemStatus>1</itemStatus>
      <LastUpdateDate />
      <LastUpdateTime />
    </Product>
    <Product>
      <PriceUpdateDate>2018/12/16 10:43</PriceUpdateDate>
      <ItemCode>7290015350143</ItemCode>
      <ItemType>1</ItemType>
      <ItemName>יין מרלו 750מ"ל Free Run</ItemName>
      <ManufactureName>טמפו משקאות בעמ</ManufactureName>
      <ManufactureCountry />
      <ManufactureItemDescription />
      <UnitQty>י"ח</UnitQty>
      <Quantity>750</Quantity>
      <UnitMeasure>ל  מ"ל</UnitMeasure>
      <BisWeighted>0</BisWeighted>
      <QtyInPackage>1</QtyInPackage>
      <ItemPrice>59.90</ItemPrice>
      <UnitOfMeasurePrice>7.95</UnitOfMeasurePrice>
      <AllowDiscount>1</AllowDiscount>
      <itemStatus>1</itemStatus>
      <LastUpdateDate />
      <LastUpdateTime />
    </Product>
    <Product>
      <PriceUpdateDate>2018/07/15 15:22</PriceUpdateDate>
      <ItemCode>7290015350167</ItemCode>
      <ItemType>1</ItemType>
      <ItemName>קלאסיק ברקן ק. סובניון</ItemName>
      <ManufactureName>טמפו משקאות בעמ</ManufactureName>
      <ManufactureCountry />
      <ManufactureItemDescription />
      <UnitQty>י"ח</UnitQty>
      <Quantity>750</Quantity>
      <UnitMeasure>ל  מ"ל</UnitMeasure>
      <BisWeighted>0</BisWeighted>
      <QtyInPackage>1</QtyInPackage>
      <ItemPrice>29.90</ItemPrice>
      <UnitOfMeasurePrice>3.95</UnitOfMeasurePrice>
      <AllowDiscount>1</AllowDiscount>
      <itemStatus>1</itemStatus>
      <LastUpdateDate />
      <LastUpdateTime />
    </Product>
    <Product>
      <PriceUpdateDate>2019/06/11 08:56</PriceUpdateDate>
      <ItemCode>7290015350242</ItemCode>
      <ItemType>1</ItemType>
      <ItemName>סטוק }84 ברנדי דבש 750מ"ל {</ItemName>
      <ManufactureName>טמפו משקאות בעמ</ManufactureName>
      <ManufactureCountry />
      <ManufactureItemDescription />
      <UnitQty>י"ח</UnitQty>
      <Quantity>750</Quantity>
      <UnitMeasure>ל  גרם</UnitMeasure>
      <BisWeighted>0</BisWeighted>
      <QtyInPackage>1</QtyInPackage>
      <ItemPrice>70.20</ItemPrice>
      <UnitOfMeasurePrice>9.32</UnitOfMeasurePrice>
      <AllowDiscount>1</AllowDiscount>
      <itemStatus>1</itemStatus>
      <LastUpdateDate />
      <LastUpdateTime />
    </Product>
    <Product>
      <PriceUpdateDate>2018/02/26 14:57</PriceUpdateDate>
      <ItemCode>7290015350402</ItemCode>
      <ItemType>1</ItemType>
      <ItemName>רזרב מוסקט ורוד חצי יבש  750מ"ל ברקן</ItemName>
      <ManufactureName>טמפו משקאות בעמ</ManufactureName>
      <ManufactureCountry />
      <ManufactureItemDescription />
      <UnitQty>י"ח</UnitQty>
      <Quantity>750</Quantity>
      <UnitMeasure>ל  מ"ל</UnitMeasure>
      <BisWeighted>0</BisWeighted>
      <QtyInPackage>1</QtyInPackage>
      <ItemPrice>47.90</ItemPrice>
      <UnitOfMeasurePrice>6.35</UnitOfMeasurePrice>
      <AllowDiscount>1</AllowDiscount>
      <itemStatus>1</itemStatus>
      <LastUpdateDate />
      <LastUpdateTime />
    </Product>
    <Product>
      <PriceUpdateDate>2016/07/10 14:30</PriceUpdateDate>
      <ItemCode>7290015366007</ItemCode>
      <ItemType>1</ItemType>
      <ItemName>אקווה פרש הגנה כוללת מלבינה 100מ"ל</ItemName>
      <ManufactureName>גורי ע.ע.ע. בעמ</ManufactureName>
      <ManufactureCountry />
      <ManufactureItemDescription />
      <UnitQty>י"ח</UnitQty>
      <Quantity>158</Quantity>
      <UnitMeasure>ל  גרם</UnitMeasure>
      <BisWeighted>0</BisWeighted>
      <QtyInPackage>1</QtyInPackage>
      <ItemPrice>17.90</ItemPrice>
      <UnitOfMeasurePrice>11.33</UnitOfMeasurePrice>
      <AllowDiscount>1</AllowDiscount>
      <itemStatus>1</itemStatus>
      <LastUpdateDate />
      <LastUpdateTime />
    </Product>
    <Product>
      <PriceUpdateDate>2017/04/02 11:53</PriceUpdateDate>
      <ItemCode>7290015366359</ItemCode>
      <ItemType>1</ItemType>
      <ItemName>מכשיר 8שעות 45לילות</ItemName>
      <ManufactureName>גורי ע.ע.ע. בעמ</ManufactureName>
      <ManufactureCountry />
      <ManufactureItemDescription />
      <UnitQty>י"ח</UnitQty>
      <Quantity>1</Quantity>
      <UnitMeasure />
      <BisWeighted>0</BisWeighted>
      <QtyInPackage>1</QtyInPackage>
      <ItemPrice>30.90</ItemPrice>
      <UnitOfMeasurePrice>30.90</UnitOfMeasurePrice>
      <AllowDiscount>1</AllowDiscount>
      <itemStatus>1</itemStatus>
      <LastUpdateDate />
      <LastUpdateTime />
    </Product>
    <Product>
      <PriceUpdateDate>2015/04/03 09:29</PriceUpdateDate>
      <ItemCode>7290015366366</ItemCode>
      <ItemType>1</ItemType>
      <ItemName>מכשיר 8שעות 90לילות</ItemName>
      <ManufactureName>גורי ע.ע.ע. בעמ</ManufactureName>
      <ManufactureCountry />
      <ManufactureItemDescription />
      <UnitQty>י"ח</UnitQty>
      <Quantity>1</Quantity>
      <UnitMeasure />
      <BisWeighted>0</BisWeighted>
      <QtyInPackage>1</QtyInPackage>
      <ItemPrice>39.90</ItemPrice>
      <UnitOfMeasurePrice>39.90</UnitOfMeasurePrice>
      <AllowDiscount>1</AllowDiscount>
      <itemStatus>1</itemStatus>
      <LastUpdateDate />
      <LastUpdateTime />
    </Product>
    <Product>
      <PriceUpdateDate>2016/08/29 15:43</PriceUpdateDate>
      <ItemCode>7290015366663</ItemCode>
      <ItemType>1</ItemType>
      <ItemName>אקווה פרש מנטה משחה 100</ItemName>
      <ManufactureName>גורי ע.ע.ע. בעמ</ManufactureName>
      <ManufactureCountry />
      <ManufactureItemDescription />
      <UnitQty>י"ח</UnitQty>
      <Quantity>100</Quantity>
      <UnitMeasure>ל  גרם</UnitMeasure>
      <BisWeighted>0</BisWeighted>
      <QtyInPackage>1</QtyInPackage>
      <ItemPrice>7.50</ItemPrice>
      <UnitOfMeasurePrice>7.50</UnitOfMeasurePrice>
      <AllowDiscount>1</AllowDiscount>
      <itemStatus>1</itemStatus>
      <LastUpdateDate />
      <LastUpdateTime />
    </Product>
    <Product>
      <PriceUpdateDate>2016/05/09 16:25</PriceUpdateDate>
      <ItemCode>7290015366670</ItemCode>
      <ItemType>1</ItemType>
      <ItemName>אקווה פרש משחת שיניים 100</ItemName>
      <ManufactureName>גורי ע.ע.ע. בעמ</ManufactureName>
      <ManufactureCountry />
      <ManufactureItemDescription />
      <UnitQty>י"ח</UnitQty>
      <Quantity>100</Quantity>
      <UnitMeasure>ל  גרם</UnitMeasure>
      <BisWeighted>0</BisWeighted>
      <QtyInPackage>1</QtyInPackage>
      <ItemPrice>7.50</ItemPrice>
      <UnitOfMeasurePrice>7.50</UnitOfMeasurePrice>
      <AllowDiscount>1</AllowDiscount>
      <itemStatus>1</itemStatus>
      <LastUpdateDate />
      <LastUpdateTime />
    </Product>
    <Product>
      <PriceUpdateDate>2016/05/01 12:33</PriceUpdateDate>
      <ItemCode>7290015395045</ItemCode>
      <ItemType>1</ItemType>
      <ItemName>קינואה 400גר</ItemName>
      <ManufactureName>דין שיווק וקליהבעמ</ManufactureName>
      <ManufactureCountry />
      <ManufactureItemDescription />
      <UnitQty>י"ח</UnitQty>
      <Quantity>400</Quantity>
      <UnitMeasure>ל  גרם</UnitMeasure>
      <BisWeighted>0</BisWeighted>
      <QtyInPackage>1</QtyInPackage>
      <ItemPrice>19.90</ItemPrice>
      <UnitOfMeasurePrice>4.98</UnitOfMeasurePrice>
      <AllowDiscount>1</AllowDiscount>
      <itemStatus>1</itemStatus>
      <LastUpdateDate />
      <LastUpdateTime />
    </Product>
    <Product>
      <PriceUpdateDate>2017/01/04 14:42</PriceUpdateDate>
      <ItemCode>7290015395441</ItemCode>
      <ItemType>1</ItemType>
      <ItemName>אגוזי מלך 200ג המותג</ItemName>
      <ManufactureName>דין שיווק וקליהבעמ</ManufactureName>
      <ManufactureCountry />
      <ManufactureItemDescription />
      <UnitQty>י"ח</UnitQty>
      <Quantity>200</Quantity>
      <UnitMeasure>ל  גרם</UnitMeasure>
      <BisWeighted>0</BisWeighted>
      <QtyInPackage>1</QtyInPackage>
      <ItemPrice>26.90</ItemPrice>
      <UnitOfMeasurePrice>13.45</UnitOfMeasurePrice>
      <AllowDiscount>1</AllowDiscount>
      <itemStatus>1</itemStatus>
      <LastUpdateDate />
      <LastUpdateTime />
    </Product>
    <Product>
      <PriceUpdateDate>2017/01/04 14:42</PriceUpdateDate>
      <ItemCode>7290015395458</ItemCode>
      <ItemType>1</ItemType>
      <ItemName>שקד טבעי  200ג המותג</ItemName>
      <ManufactureName>דין שיווק וקליהבעמ</ManufactureName>
      <ManufactureCountry />
      <ManufactureItemDescription />
      <UnitQty>י"ח</UnitQty>
      <Quantity>200</Quantity>
      <UnitMeasure>ל  גרם</UnitMeasure>
      <BisWeighted>0</BisWeighted>
      <QtyInPackage>1</QtyInPackage>
      <ItemPrice>26.90</ItemPrice>
      <UnitOfMeasurePrice>13.45</UnitOfMeasurePrice>
      <AllowDiscount>1</AllowDiscount>
      <itemStatus>1</itemStatus>
      <LastUpdateDate />
      <LastUpdateTime />
    </Product>
    <Product>
      <PriceUpdateDate>2015/01/15 10:25</PriceUpdateDate>
      <ItemCode>7290015395519</ItemCode>
      <ItemType>1</ItemType>
      <ItemName>שזיף ללא גלעין 330ג  המותג</ItemName>
      <ManufactureName>דין שיווק וקליהבעמ</ManufactureName>
      <ManufactureCountry />
      <ManufactureItemDescription />
      <UnitQty>י"ח</UnitQty>
      <Quantity>330</Quantity>
      <UnitMeasure>ל  גרם</UnitMeasure>
      <BisWeighted>0</BisWeighted>
      <QtyInPackage>1</QtyInPackage>
      <ItemPrice>29.90</ItemPrice>
      <UnitOfMeasurePrice>9.06</UnitOfMeasurePrice>
      <AllowDiscount>1</AllowDiscount>
      <itemStatus>1</itemStatus>
      <LastUpdateDate />
      <LastUpdateTime />
    </Product>
    <Product>
      <PriceUpdateDate>2015/01/15 10:25</PriceUpdateDate>
      <ItemCode>7290015395526</ItemCode>
      <ItemType>1</ItemType>
      <ItemName>שזיפים  330ג  המותג</ItemName>
      <ManufactureName>דין שיווק וקליהבעמ</ManufactureName>
      <ManufactureCountry />
      <ManufactureItemDescription />
      <UnitQty>י"ח</UnitQty>
      <Quantity>330</Quantity>
      <UnitMeasure>ל  גרם</UnitMeasure>
      <BisWeighted>0</BisWeighted>
      <QtyInPackage>1</QtyInPackage>
      <ItemPrice>23.90</ItemPrice>
      <UnitOfMeasurePrice>7.24</UnitOfMeasurePrice>
      <AllowDiscount>1</AllowDiscount>
      <itemStatus>1</itemStatus>
      <LastUpdateDate />
      <LastUpdateTime />
    </Product>
    <Product>
      <PriceUpdateDate>2015/01/15 10:25</PriceUpdateDate>
      <ItemCode>7290015395564</ItemCode>
      <ItemType>1</ItemType>
      <ItemName>צימוק לבן 330ג המותג</ItemName>
      <ManufactureName>דין שיווק וקליהבעמ</ManufactureName>
      <ManufactureCountry />
      <ManufactureItemDescription />
      <UnitQty>י"ח</UnitQty>
      <Quantity>330</Quantity>
      <UnitMeasure>ל  גרם</UnitMeasure>
      <BisWeighted>0</BisWeighted>
      <QtyInPackage>1</QtyInPackage>
      <ItemPrice>17.90</ItemPrice>
      <UnitOfMeasurePrice>5.42</UnitOfMeasurePrice>
      <AllowDiscount>1</AllowDiscount>
      <itemStatus>1</itemStatus>
      <LastUpdateDate />
      <LastUpdateTime />
    </Product>
    <Product>
      <PriceUpdateDate>2015/01/15 10:25</PriceUpdateDate>
      <ItemCode>7290015395571</ItemCode>
      <ItemType>1</ItemType>
      <ItemName>צימוק חום 330ג המותג</ItemName>
      <ManufactureName>דין שיווק וקליהבעמ</ManufactureName>
      <ManufactureCountry />
      <ManufactureItemDescription />
      <UnitQty>י"ח</UnitQty>
      <Quantity>330</Quantity>
      <UnitMeasure>ל  גרם</UnitMeasure>
      <BisWeighted>0</BisWeighted>
      <QtyInPackage>1</QtyInPackage>
      <ItemPrice>17.90</ItemPrice>
      <UnitOfMeasurePrice>5.42</UnitOfMeasurePrice>
      <AllowDiscount>1</AllowDiscount>
      <itemStatus>1</itemStatus>
      <LastUpdateDate />
      <LastUpdateTime />
    </Product>
    <Product>
      <PriceUpdateDate>2018/04/09 10:21</PriceUpdateDate>
      <ItemCode>7290015493130</ItemCode>
      <ItemType>1</ItemType>
      <ItemName>נביעות +פרי  מנגו 1.5ליטר</ItemName>
      <ManufactureName>חברה המרכזית להפצת משקאות בעמ</ManufactureName>
      <ManufactureCountry />
      <ManufactureItemDescription />
      <UnitQty>י"ח</UnitQty>
      <Quantity>1.50</Quantity>
      <UnitMeasure>ליטר</UnitMeasure>
      <BisWeighted>0</BisWeighted>
      <QtyInPackage>1</QtyInPackage>
      <ItemPrice>7.90</ItemPrice>
      <UnitOfMeasurePrice>5.27</UnitOfMeasurePrice>
      <AllowDiscount>1</AllowDiscount>
      <itemStatus>1</itemStatus>
      <LastUpdateDate />
      <LastUpdateTime />
    </Product>
    <Product>
      <PriceUpdateDate>2018/04/09 10:21</PriceUpdateDate>
      <ItemCode>7290015493147</ItemCode>
      <ItemType>1</ItemType>
      <ItemName>נביעות +פרי  אפרסק 1.5ליטר</ItemName>
      <ManufactureName>חברה המרכזית להפצת משקאות בעמ</ManufactureName>
      <ManufactureCountry />
      <ManufactureItemDescription />
      <UnitQty>י"ח</UnitQty>
      <Quantity>1.50</Quantity>
      <UnitMeasure>ליטר</UnitMeasure>
      <BisWeighted>0</BisWeighted>
      <QtyInPackage>1</QtyInPackage>
      <ItemPrice>7.90</ItemPrice>
      <UnitOfMeasurePrice>5.27</UnitOfMeasurePrice>
      <AllowDiscount>1</AllowDiscount>
      <itemStatus>1</itemStatus>
      <LastUpdateDate />
      <LastUpdateTime />
    </Product>
    <Product>
      <PriceUpdateDate>2018/04/09 10:21</PriceUpdateDate>
      <ItemCode>7290015493154</ItemCode>
      <ItemType>1</ItemType>
      <ItemName>נביעות +פרי  אבטיח 1.5ליטר</ItemName>
      <ManufactureName>חברה המרכזית להפצת משקאות בעמ</ManufactureName>
      <ManufactureCountry />
      <ManufactureItemDescription />
      <UnitQty>י"ח</UnitQty>
      <Quantity>1.50</Quantity>
      <UnitMeasure>ליטר</UnitMeasure>
      <BisWeighted>0</BisWeighted>
      <QtyInPackage>1</QtyInPackage>
      <ItemPrice>7.90</ItemPrice>
      <UnitOfMeasurePrice>5.27</UnitOfMeasurePrice>
      <AllowDiscount>1</AllowDiscount>
      <itemStatus>1</itemStatus>
      <LastUpdateDate />
      <LastUpdateTime />
    </Product>
    <Product>
      <PriceUpdateDate>2018/04/09 10:21</PriceUpdateDate>
      <ItemCode>7290015493161</ItemCode>
      <ItemType>1</ItemType>
      <ItemName>נביעות +פרי  אננס 1.5ליטר</ItemName>
      <ManufactureName>חברה המרכזית להפצת משקאות בעמ</ManufactureName>
      <ManufactureCountry />
      <ManufactureItemDescription />
      <UnitQty>י"ח</UnitQty>
      <Quantity>1.50</Quantity>
      <UnitMeasure>ליטר</UnitMeasure>
      <BisWeighted>0</BisWeighted>
      <QtyInPackage>1</QtyInPackage>
      <ItemPrice>7.90</ItemPrice>
      <UnitOfMeasurePrice>5.27</UnitOfMeasurePrice>
      <AllowDiscount>1</AllowDiscount>
      <itemStatus>1</itemStatus>
      <LastUpdateDate />
      <LastUpdateTime />
    </Product>
    <Product>
      <PriceUpdateDate>2019/06/26 08:59</PriceUpdateDate>
      <ItemCode>7290015493215</ItemCode>
      <ItemType>1</ItemType>
      <ItemName>נביעות פלוס בטעם אפרסק</ItemName>
      <ManufactureName>חברה המרכזית להפצת משקאות בעמ</ManufactureName>
      <ManufactureCountry />
      <ManufactureItemDescription />
      <UnitQty>י"ח</UnitQty>
      <Quantity>1.50</Quantity>
      <UnitMeasure>ליטר</UnitMeasure>
      <BisWeighted>0</BisWeighted>
      <QtyInPackage>1</QtyInPackage>
      <ItemPrice>8.50</ItemPrice>
      <UnitOfMeasurePrice>5.67</UnitOfMeasurePrice>
      <AllowDiscount>1</AllowDiscount>
      <itemStatus>1</itemStatus>
      <LastUpdateDate />
      <LastUpdateTime />
    </Product>
    <Product>
      <PriceUpdateDate>2018/02/14 10:43</PriceUpdateDate>
      <ItemCode>7290015493277</ItemCode>
      <ItemType>1</ItemType>
      <ItemName>נביעות רביעייה 1ל</ItemName>
      <ManufactureName>חברה המרכזית להפצת משקאות בעמ</ManufactureName>
      <ManufactureCountry />
      <ManufactureItemDescription />
      <UnitQty>י"ח</UnitQty>
      <Quantity>4</Quantity>
      <UnitMeasure>ליטר</UnitMeasure>
      <BisWeighted>0</BisWeighted>
      <QtyInPackage>1</QtyInPackage>
      <ItemPrice>11.10</ItemPrice>
      <UnitOfMeasurePrice>2.48</UnitOfMeasurePrice>
      <AllowDiscount>1</AllowDiscount>
      <itemStatus>1</itemStatus>
      <LastUpdateDate />
      <LastUpdateTime />
    </Product>
    <Product>
      <PriceUpdateDate>2020/03/16 14:23</PriceUpdateDate>
      <ItemCode>7290015596244</ItemCode>
      <ItemType>1</ItemType>
      <ItemName>אלכוגל 100מ"ל טבעי</ItemName>
      <ManufactureName>פישר תעשיות פרמבצטיות בעמ</ManufactureName>
      <ManufactureCountry />
      <ManufactureItemDescription />
      <UnitQty>י"ח</UnitQty>
      <Quantity>1</Quantity>
      <UnitMeasure />
      <BisWeighted>0</BisWeighted>
      <QtyInPackage>1</QtyInPackage>
      <ItemPrice>14.90</ItemPrice>
      <UnitOfMeasurePrice>14.90</UnitOfMeasurePrice>
      <AllowDiscount>1</AllowDiscount>
      <itemStatus>1</itemStatus>
      <LastUpdateDate />
      <LastUpdateTime />
    </Product>
    <Product>
      <PriceUpdateDate>2015/02/15 09:02</PriceUpdateDate>
      <ItemCode>7290015596251</ItemCode>
      <ItemType>1</ItemType>
      <ItemName>אלכוגל 100מ"ל תפוח</ItemName>
      <ManufactureName>פישר תעשיות פרמבצטיות בעמ</ManufactureName>
      <ManufactureCountry />
      <ManufactureItemDescription />
      <UnitQty>י"ח</UnitQty>
      <Quantity>1</Quantity>
      <UnitMeasure />
      <BisWeighted>0</BisWeighted>
      <QtyInPackage>1</QtyInPackage>
      <ItemPrice>10</ItemPrice>
      <UnitOfMeasurePrice>10</UnitOfMeasurePrice>
      <AllowDiscount>1</AllowDiscount>
      <itemStatus>1</itemStatus>
      <LastUpdateDate />
      <LastUpdateTime />
    </Product>
    <Product>
      <PriceUpdateDate>2015/02/15 09:02</PriceUpdateDate>
      <ItemCode>7290015596268</ItemCode>
      <ItemType>1</ItemType>
      <ItemName>אלכוגל 100מ"ל אפרסק</ItemName>
      <ManufactureName>פישר תעשיות פרמבצטיות בעמ</ManufactureName>
      <ManufactureCountry />
      <ManufactureItemDescription />
      <UnitQty>י"ח</UnitQty>
      <Quantity>1</Quantity>
      <UnitMeasure />
      <BisWeighted>0</BisWeighted>
      <QtyInPackage>1</QtyInPackage>
      <ItemPrice>10</ItemPrice>
      <UnitOfMeasurePrice>10</UnitOfMeasurePrice>
      <AllowDiscount>1</AllowDiscount>
      <itemStatus>1</itemStatus>
      <LastUpdateDate />
      <LastUpdateTime />
    </Product>
    <Product>
      <PriceUpdateDate>2015/02/15 09:02</PriceUpdateDate>
      <ItemCode>7290015596398</ItemCode>
      <ItemType>1</ItemType>
      <ItemName>אלכוגל 100מ"ל קיווי לימון</ItemName>
      <ManufactureName>פישר תעשיות פרמבצטיות בעמ</ManufactureName>
      <ManufactureCountry />
      <ManufactureItemDescription />
      <UnitQty>י"ח</UnitQty>
      <Quantity>1</Quantity>
      <UnitMeasure />
      <BisWeighted>0</BisWeighted>
      <QtyInPackage>1</QtyInPackage>
      <ItemPrice>10</ItemPrice>
      <UnitOfMeasurePrice>10</UnitOfMeasurePrice>
      <AllowDiscount>1</AllowDiscount>
      <itemStatus>1</itemStatus>
      <LastUpdateDate />
      <LastUpdateTime />
    </Product>
    <Product>
      <PriceUpdateDate>2016/08/01 10:39</PriceUpdateDate>
      <ItemCode>7290015597371</ItemCode>
      <ItemType>1</ItemType>
      <ItemName>מגנום פקאן</ItemName>
      <ManufactureName>גלידות שטראוס בעמ</ManufactureName>
      <ManufactureCountry />
      <ManufactureItemDescription />
      <UnitQty>י"ח</UnitQty>
      <Quantity>310</Quantity>
      <UnitMeasure>ל  גרם</UnitMeasure>
      <BisWeighted>0</BisWeighted>
      <QtyInPackage>1</QtyInPackage>
      <ItemPrice>8.90</ItemPrice>
      <UnitOfMeasurePrice>2.87</UnitOfMeasurePrice>
      <AllowDiscount>1</AllowDiscount>
      <itemStatus>1</itemStatus>
      <LastUpdateDate />
      <LastUpdateTime />
    </Product>
    <Product>
      <PriceUpdateDate>2019/01/23 11:24</PriceUpdateDate>
      <ItemCode>7290015597388</ItemCode>
      <ItemType>1</ItemType>
      <ItemName>מאגדת מגנום אגוזי לוז</ItemName>
      <ManufactureName>גלידות שטראוס בעמ</ManufactureName>
      <ManufactureCountry />
      <ManufactureItemDescription />
      <UnitQty>י"ח</UnitQty>
      <Quantity>85</Quantity>
      <UnitMeasure>ל  גרם</UnitMeasure>
      <BisWeighted>0</BisWeighted>
      <QtyInPackage>1</QtyInPackage>
      <ItemPrice>13.90</ItemPrice>
      <UnitOfMeasurePrice>16.35</UnitOfMeasurePrice>
      <AllowDiscount>1</AllowDiscount>
      <itemStatus>1</itemStatus>
      <LastUpdateDate />
      <LastUpdateTime />
    </Product>
    <Product>
      <PriceUpdateDate>2018/03/19 09:28</PriceUpdateDate>
      <ItemCode>7290015597982</ItemCode>
      <ItemType>1</ItemType>
      <ItemName>מגנום מריר 70% מוצקי קקאו בציפוי</ItemName>
      <ManufactureName>גלידות שטראוס בעמ</ManufactureName>
      <ManufactureCountry />
      <ManufactureItemDescription />
      <UnitQty>י"ח</UnitQty>
      <Quantity>85</Quantity>
      <UnitMeasure>ל  גרם</UnitMeasure>
      <BisWeighted>0</BisWeighted>
      <QtyInPackage>1</QtyInPackage>
      <ItemPrice>13.90</ItemPrice>
      <UnitOfMeasurePrice>16.35</UnitOfMeasurePrice>
      <AllowDiscount>1</AllowDiscount>
      <itemStatus>1</itemStatus>
      <LastUpdateDate />
      <LastUpdateTime />
    </Product>
    <Product>
      <PriceUpdateDate>2016/02/18 08:51</PriceUpdateDate>
      <ItemCode>7290015603188</ItemCode>
      <ItemType>1</ItemType>
      <ItemName>אטריות ביצים 454ג</ItemName>
      <ManufactureName>מזרח ומערב יבוא ושיווק</ManufactureName>
      <ManufactureCountry />
      <ManufactureItemDescription />
      <UnitQty>י"ח</UnitQty>
      <Quantity>0.4540</Quantity>
      <UnitMeasure>ק"ג</UnitMeasure>
      <BisWeighted>0</BisWeighted>
      <QtyInPackage>1</QtyInPackage>
      <ItemPrice>6.90</ItemPrice>
      <UnitOfMeasurePrice>15.20</UnitOfMeasurePrice>
      <AllowDiscount>1</AllowDiscount>
      <itemStatus>1</itemStatus>
      <LastUpdateDate />
      <LastUpdateTime />
    </Product>
    <Product>
      <PriceUpdateDate>2019/03/25 10:10</PriceUpdateDate>
      <ItemCode>7290015603195</ItemCode>
      <ItemType>1</ItemType>
      <ItemName>אטריות תרד 454 גרם</ItemName>
      <ManufactureName>מזרח ומערב יבוא ושיווק</ManufactureName>
      <ManufactureCountry />
      <ManufactureItemDescription />
      <UnitQty>י"ח</UnitQty>
      <Quantity>454</Quantity>
      <UnitMeasure>ל  גרם</UnitMeasure>
      <BisWeighted>0</BisWeighted>
      <QtyInPackage>1</QtyInPackage>
      <ItemPrice>7.90</ItemPrice>
      <UnitOfMeasurePrice>1.74</UnitOfMeasurePrice>
      <AllowDiscount>1</AllowDiscount>
      <itemStatus>1</itemStatus>
      <LastUpdateDate />
      <LastUpdateTime />
    </Product>
    <Product>
      <PriceUpdateDate>2019/03/25 10:10</PriceUpdateDate>
      <ItemCode>7290015603201</ItemCode>
      <ItemType>1</ItemType>
      <ItemName>אטריות מחיטה מלאה 454גר</ItemName>
      <ManufactureName>מזרח ומערב יבוא ושיווק</ManufactureName>
      <ManufactureCountry />
      <ManufactureItemDescription />
      <UnitQty>י"ח</UnitQty>
      <Quantity>454</Quantity>
      <UnitMeasure>ל  גרם</UnitMeasure>
      <BisWeighted>0</BisWeighted>
      <QtyInPackage>1</QtyInPackage>
      <ItemPrice>9.90</ItemPrice>
      <UnitOfMeasurePrice>2.18</UnitOfMeasurePrice>
      <AllowDiscount>1</AllowDiscount>
      <itemStatus>1</itemStatus>
      <LastUpdateDate />
      <LastUpdateTime />
    </Product>
    <Product>
      <PriceUpdateDate>2019/03/25 10:10</PriceUpdateDate>
      <ItemCode>7290015603218</ItemCode>
      <ItemType>1</ItemType>
      <ItemName>אטריות עם עגבניות 454ג</ItemName>
      <ManufactureName>מזרח ומערב יבוא ושיווק</ManufactureName>
      <ManufactureCountry />
      <ManufactureItemDescription />
      <UnitQty>י"ח</UnitQty>
      <Quantity>454</Quantity>
      <UnitMeasure>ל  גרם</UnitMeasure>
      <BisWeighted>0</BisWeighted>
      <QtyInPackage>1</QtyInPackage>
      <ItemPrice>7.90</ItemPrice>
      <UnitOfMeasurePrice>1.74</UnitOfMeasurePrice>
      <AllowDiscount>1</AllowDiscount>
      <itemStatus>1</itemStatus>
      <LastUpdateDate />
      <LastUpdateTime />
    </Product>
    <Product>
      <PriceUpdateDate>2019/03/25 10:10</PriceUpdateDate>
      <ItemCode>7290015603225</ItemCode>
      <ItemType>1</ItemType>
      <ItemName>אטריות עם גזר  454ג</ItemName>
      <ManufactureName>מזרח ומערב יבוא ושיווק</ManufactureName>
      <ManufactureCountry />
      <ManufactureItemDescription />
      <UnitQty>י"ח</UnitQty>
      <Quantity>454</Quantity>
      <UnitMeasure>ל  גרם</UnitMeasure>
      <BisWeighted>0</BisWeighted>
      <QtyInPackage>1</QtyInPackage>
      <ItemPrice>7.90</ItemPrice>
      <UnitOfMeasurePrice>1.74</UnitOfMeasurePrice>
      <AllowDiscount>1</AllowDiscount>
      <itemStatus>1</itemStatus>
      <LastUpdateDate />
      <LastUpdateTime />
    </Product>
    <Product>
      <PriceUpdateDate>2019/03/25 10:10</PriceUpdateDate>
      <ItemCode>7290015603232</ItemCode>
      <ItemType>1</ItemType>
      <ItemName>אטריות עם דלעת  454ג</ItemName>
      <ManufactureName>מזרח ומערב יבוא ושיווק</ManufactureName>
      <ManufactureCountry />
      <ManufactureItemDescription />
      <UnitQty>י"ח</UnitQty>
      <Quantity>454</Quantity>
      <UnitMeasure>ל  גרם</UnitMeasure>
      <BisWeighted>0</BisWeighted>
      <QtyInPackage>1</QtyInPackage>
      <ItemPrice>7.90</ItemPrice>
      <UnitOfMeasurePrice>1.74</UnitOfMeasurePrice>
      <AllowDiscount>1</AllowDiscount>
      <itemStatus>1</itemStatus>
      <LastUpdateDate />
      <LastUpdateTime />
    </Product>
    <Product>
      <PriceUpdateDate>2019/03/25 10:10</PriceUpdateDate>
      <ItemCode>7290015603546</ItemCode>
      <ItemType>1</ItemType>
      <ItemName>שימורי קרם קוקוס 19% 400מ"ל כשל"פ</ItemName>
      <ManufactureName>מזרח ומערב יבוא ושיווק</ManufactureName>
      <ManufactureCountry />
      <ManufactureItemDescription />
      <UnitQty>י"ח</UnitQty>
      <Quantity>400</Quantity>
      <UnitMeasure>ל  גרם</UnitMeasure>
      <BisWeighted>0</BisWeighted>
      <QtyInPackage>1</QtyInPackage>
      <ItemPrice>7.90</ItemPrice>
      <UnitOfMeasurePrice>1.98</UnitOfMeasurePrice>
      <AllowDiscount>1</AllowDiscount>
      <itemStatus>1</itemStatus>
      <LastUpdateDate />
      <LastUpdateTime />
    </Product>
    <Product>
      <PriceUpdateDate>2016/02/18 08:51</PriceUpdateDate>
      <ItemCode>7290015603638</ItemCode>
      <ItemType>1</ItemType>
      <ItemName>אורז קלרוז 1ק"ג</ItemName>
      <ManufactureName>מזרח ומערב יבוא ושיווק</ManufactureName>
      <ManufactureCountry />
      <ManufactureItemDescription />
      <UnitQty>י"ח</UnitQty>
      <Quantity>1</Quantity>
      <UnitMeasure>ק"ג</UnitMeasure>
      <BisWeighted>0</BisWeighted>
      <QtyInPackage>1</QtyInPackage>
      <ItemPrice>12.90</ItemPrice>
      <UnitOfMeasurePrice>12.90</UnitOfMeasurePrice>
      <AllowDiscount>1</AllowDiscount>
      <itemStatus>1</itemStatus>
      <LastUpdateDate />
      <LastUpdateTime />
    </Product>
    <Product>
      <PriceUpdateDate>2017/01/01 16:21</PriceUpdateDate>
      <ItemCode>7290015652131</ItemCode>
      <ItemType>1</ItemType>
      <ItemName>רוטב עגבניות לפסטה 680 ג"אהרוני"</ItemName>
      <ManufactureName>דין שיווק וקליהבעמ</ManufactureName>
      <ManufactureCountry />
      <ManufactureItemDescription />
      <UnitQty>י"ח</UnitQty>
      <Quantity>680</Quantity>
      <UnitMeasure>ל  מ"ל</UnitMeasure>
      <BisWeighted>0</BisWeighted>
      <QtyInPackage>1</QtyInPackage>
      <ItemPrice>14.90</ItemPrice>
      <UnitOfMeasurePrice>2.19</UnitOfMeasurePrice>
      <AllowDiscount>1</AllowDiscount>
      <itemStatus>1</itemStatus>
      <LastUpdateDate />
      <LastUpdateTime />
    </Product>
    <Product>
      <PriceUpdateDate>2017/01/01 16:21</PriceUpdateDate>
      <ItemCode>7290015652148</ItemCode>
      <ItemType>1</ItemType>
      <ItemName>רוטב עגבניות לפסטה 680 ג"אהרוני"</ItemName>
      <ManufactureName>דין שיווק וקליהבעמ</ManufactureName>
      <ManufactureCountry />
      <ManufactureItemDescription />
      <UnitQty>י"ח</UnitQty>
      <Quantity>680</Quantity>
      <UnitMeasure>ל  מ"ל</UnitMeasure>
      <BisWeighted>0</BisWeighted>
      <QtyInPackage>1</QtyInPackage>
      <ItemPrice>14.90</ItemPrice>
      <UnitOfMeasurePrice>2.19</UnitOfMeasurePrice>
      <AllowDiscount>1</AllowDiscount>
      <itemStatus>1</itemStatus>
      <LastUpdateDate />
      <LastUpdateTime />
    </Product>
    <Product>
      <PriceUpdateDate>2015/09/18 09:44</PriceUpdateDate>
      <ItemCode>7290015652155</ItemCode>
      <ItemType>1</ItemType>
      <ItemName>רוטב עגבניות ובזליקום לפסטה 680ג</ItemName>
      <ManufactureName>דין שיווק וקליהבעמ</ManufactureName>
      <ManufactureCountry />
      <ManufactureItemDescription />
      <UnitQty>י"ח</UnitQty>
      <Quantity>680</Quantity>
      <UnitMeasure>ל  מ"ל</UnitMeasure>
      <BisWeighted>0</BisWeighted>
      <QtyInPackage>1</QtyInPackage>
      <ItemPrice>14.90</ItemPrice>
      <UnitOfMeasurePrice>2.19</UnitOfMeasurePrice>
      <AllowDiscount>1</AllowDiscount>
      <itemStatus>1</itemStatus>
      <LastUpdateDate />
      <LastUpdateTime />
    </Product>
    <Product>
      <PriceUpdateDate>2015/07/08 08:00</PriceUpdateDate>
      <ItemCode>7290015781008</ItemCode>
      <ItemType>1</ItemType>
      <ItemName>יין מרלו VISION 750מ"ל</ItemName>
      <ManufactureName>יקבי טפרברג 1870 בעמ</ManufactureName>
      <ManufactureCountry />
      <ManufactureItemDescription />
      <UnitQty>י"ח</UnitQty>
      <Quantity>750</Quantity>
      <UnitMeasure>ל  מ"ל</UnitMeasure>
      <BisWeighted>0</BisWeighted>
      <QtyInPackage>1</QtyInPackage>
      <ItemPrice>34.90</ItemPrice>
      <UnitOfMeasurePrice>4.61</UnitOfMeasurePrice>
      <AllowDiscount>1</AllowDiscount>
      <itemStatus>1</itemStatus>
      <LastUpdateDate />
      <LastUpdateTime />
    </Product>
    <Product>
      <PriceUpdateDate>2015/07/08 08:00</PriceUpdateDate>
      <ItemCode>7290015781015</ItemCode>
      <ItemType>1</ItemType>
      <ItemName>יין מלבק VISION 750מ"ל</ItemName>
      <ManufactureName>יקבי טפרברג 1870 בעמ</ManufactureName>
      <ManufactureCountry />
      <ManufactureItemDescription />
      <UnitQty>י"ח</UnitQty>
      <Quantity>750</Quantity>
      <UnitMeasure>ל  מ"ל</UnitMeasure>
      <BisWeighted>0</BisWeighted>
      <QtyInPackage>1</QtyInPackage>
      <ItemPrice>34.90</ItemPrice>
      <UnitOfMeasurePrice>4.61</UnitOfMeasurePrice>
      <AllowDiscount>1</AllowDiscount>
      <itemStatus>1</itemStatus>
      <LastUpdateDate />
      <LastUpdateTime />
    </Product>
    <Product>
      <PriceUpdateDate>2015/07/08 08:00</PriceUpdateDate>
      <ItemCode>7290015781046</ItemCode>
      <ItemType>1</ItemType>
      <ItemName>יין לבן חצי יבש VISION 750מ"ל</ItemName>
      <ManufactureName>יקבי טפרברג 1870 בעמ</ManufactureName>
      <ManufactureCountry />
      <ManufactureItemDescription />
      <UnitQty>י"ח</UnitQty>
      <Quantity>750</Quantity>
      <UnitMeasure>ל  מ"ל</UnitMeasure>
      <BisWeighted>0</BisWeighted>
      <QtyInPackage>1</QtyInPackage>
      <ItemPrice>34.90</ItemPrice>
      <UnitOfMeasurePrice>4.61</UnitOfMeasurePrice>
      <AllowDiscount>1</AllowDiscount>
      <itemStatus>1</itemStatus>
      <LastUpdateDate />
      <LastUpdateTime />
    </Product>
    <Product>
      <PriceUpdateDate>2015/07/08 08:00</PriceUpdateDate>
      <ItemCode>7290015781053</ItemCode>
      <ItemType>1</ItemType>
      <ItemName>יין לבן יבש VISION 750מ"ל</ItemName>
      <ManufactureName>יקבי טפרברג 1870 בעמ</ManufactureName>
      <ManufactureCountry />
      <ManufactureItemDescription />
      <UnitQty>י"ח</UnitQty>
      <Quantity>750</Quantity>
      <UnitMeasure>ל  מ"ל</UnitMeasure>
      <BisWeighted>0</BisWeighted>
      <QtyInPackage>1</QtyInPackage>
      <ItemPrice>34.90</ItemPrice>
      <UnitOfMeasurePrice>4.61</UnitOfMeasurePrice>
      <AllowDiscount>1</AllowDiscount>
      <itemStatus>1</itemStatus>
      <LastUpdateDate />
      <LastUpdateTime />
    </Product>
    <Product>
      <PriceUpdateDate>2015/07/08 08:00</PriceUpdateDate>
      <ItemCode>7290015781091</ItemCode>
      <ItemType>1</ItemType>
      <ItemName>יין קברנה סביניון VISION 750מ"ל</ItemName>
      <ManufactureName>יקבי טפרברג 1870 בעמ</ManufactureName>
      <ManufactureCountry />
      <ManufactureItemDescription />
      <UnitQty>י"ח</UnitQty>
      <Quantity>750</Quantity>
      <UnitMeasure>ל  מ"ל</UnitMeasure>
      <BisWeighted>0</BisWeighted>
      <QtyInPackage>1</QtyInPackage>
      <ItemPrice>34.90</ItemPrice>
      <UnitOfMeasurePrice>4.61</UnitOfMeasurePrice>
      <AllowDiscount>1</AllowDiscount>
      <itemStatus>1</itemStatus>
      <LastUpdateDate />
      <LastUpdateTime />
    </Product>
    <Product>
      <PriceUpdateDate>2015/06/14 09:47</PriceUpdateDate>
      <ItemCode>7290015781107</ItemCode>
      <ItemType>1</ItemType>
      <ItemName>יין סנג`ובזה  IMPRESSION  750מ"ל</ItemName>
      <ManufactureName>יקבי טפרברג 1870 בעמ</ManufactureName>
      <ManufactureCountry />
      <ManufactureItemDescription />
      <UnitQty>י"ח</UnitQty>
      <Quantity>750</Quantity>
      <UnitMeasure>ל  מ"ל</UnitMeasure>
      <BisWeighted>0</BisWeighted>
      <QtyInPackage>1</QtyInPackage>
      <ItemPrice>46.90</ItemPrice>
      <UnitOfMeasurePrice>6.21</UnitOfMeasurePrice>
      <AllowDiscount>1</AllowDiscount>
      <itemStatus>1</itemStatus>
      <LastUpdateDate />
      <LastUpdateTime />
    </Product>
    <Product>
      <PriceUpdateDate>2015/06/14 09:47</PriceUpdateDate>
      <ItemCode>7290015781114</ItemCode>
      <ItemType>1</ItemType>
      <ItemName>יין מרלו IMPRESSION  750מ"ל</ItemName>
      <ManufactureName>יקבי טפרברג 1870 בעמ</ManufactureName>
      <ManufactureCountry />
      <ManufactureItemDescription />
      <UnitQty>י"ח</UnitQty>
      <Quantity>750</Quantity>
      <UnitMeasure>ל  מ"ל</UnitMeasure>
      <BisWeighted>0</BisWeighted>
      <QtyInPackage>1</QtyInPackage>
      <ItemPrice>46.90</ItemPrice>
      <UnitOfMeasurePrice>6.21</UnitOfMeasurePrice>
      <AllowDiscount>1</AllowDiscount>
      <itemStatus>1</itemStatus>
      <LastUpdateDate />
      <LastUpdateTime />
    </Product>
    <Product>
      <PriceUpdateDate>2015/06/14 09:47</PriceUpdateDate>
      <ItemCode>7290015781121</ItemCode>
      <ItemType>1</ItemType>
      <ItemName>יין קברנה סוביניון IMPRESSION  750מ"ל</ItemName>
      <ManufactureName>יקבי טפרברג 1870 בעמ</ManufactureName>
      <ManufactureCountry />
      <ManufactureItemDescription />
      <UnitQty>י"ח</UnitQty>
      <Quantity>750</Quantity>
      <UnitMeasure>ל  מ"ל</UnitMeasure>
      <BisWeighted>0</BisWeighted>
      <QtyInPackage>1</QtyInPackage>
      <ItemPrice>46.90</ItemPrice>
      <UnitOfMeasurePrice>6.21</UnitOfMeasurePrice>
      <AllowDiscount>1</AllowDiscount>
      <itemStatus>1</itemStatus>
      <LastUpdateDate />
      <LastUpdateTime />
    </Product>
    <Product>
      <PriceUpdateDate>2015/06/14 09:47</PriceUpdateDate>
      <ItemCode>7290015781138</ItemCode>
      <ItemType>1</ItemType>
      <ItemName>יין שרדונה  IMPRESSION  750מ"ל</ItemName>
      <ManufactureName>יקבי טפרברג 1870 בעמ</ManufactureName>
      <ManufactureCountry />
      <ManufactureItemDescription />
      <UnitQty>י"ח</UnitQty>
      <Quantity>750</Quantity>
      <UnitMeasure>ל  מ"ל</UnitMeasure>
      <BisWeighted>0</BisWeighted>
      <QtyInPackage>1</QtyInPackage>
      <ItemPrice>46.90</ItemPrice>
      <UnitOfMeasurePrice>6.21</UnitOfMeasurePrice>
      <AllowDiscount>1</AllowDiscount>
      <itemStatus>1</itemStatus>
      <LastUpdateDate />
      <LastUpdateTime />
    </Product>
    <Product>
      <PriceUpdateDate>2015/06/14 09:47</PriceUpdateDate>
      <ItemCode>7290015781145</ItemCode>
      <ItemType>1</ItemType>
      <ItemName>יין ריזלינג בציר מאו  IMPRESSION  500מ"ל</ItemName>
      <ManufactureName>יקבי טפרברג 1870 בעמ</ManufactureName>
      <ManufactureCountry />
      <ManufactureItemDescription />
      <UnitQty>י"ח</UnitQty>
      <Quantity>500</Quantity>
      <UnitMeasure>ל  מ"ל</UnitMeasure>
      <BisWeighted>0</BisWeighted>
      <QtyInPackage>1</QtyInPackage>
      <ItemPrice>46.90</ItemPrice>
      <UnitOfMeasurePrice>9.32</UnitOfMeasurePrice>
      <AllowDiscount>1</AllowDiscount>
      <itemStatus>1</itemStatus>
      <LastUpdateDate />
      <LastUpdateTime />
    </Product>
    <Product>
      <PriceUpdateDate>2015/06/14 09:47</PriceUpdateDate>
      <ItemCode>7290015781152</ItemCode>
      <ItemType>1</ItemType>
      <ItemName>יין רוזה  IMPRESSION  750מ"ל</ItemName>
      <ManufactureName>יקבי טפרברג 1870 בעמ</ManufactureName>
      <ManufactureCountry />
      <ManufactureItemDescription />
      <UnitQty>י"ח</UnitQty>
      <Quantity>750</Quantity>
      <UnitMeasure>ל  מ"ל</UnitMeasure>
      <BisWeighted>0</BisWeighted>
      <QtyInPackage>1</QtyInPackage>
      <ItemPrice>46.90</ItemPrice>
      <UnitOfMeasurePrice>6.21</UnitOfMeasurePrice>
      <AllowDiscount>1</AllowDiscount>
      <itemStatus>1</itemStatus>
      <LastUpdateDate />
      <LastUpdateTime />
    </Product>
    <Product>
      <PriceUpdateDate>2015/06/14 09:47</PriceUpdateDate>
      <ItemCode>7290015781169</ItemCode>
      <ItemType>1</ItemType>
      <ItemName>יין אדום חצי יבש  IMPRESSION  750מ"ל</ItemName>
      <ManufactureName>יקבי טפרברג 1870 בעמ</ManufactureName>
      <ManufactureCountry />
      <ManufactureItemDescription />
      <UnitQty>י"ח</UnitQty>
      <Quantity>750</Quantity>
      <UnitMeasure>ל  מ"ל</UnitMeasure>
      <BisWeighted>0</BisWeighted>
      <QtyInPackage>1</QtyInPackage>
      <ItemPrice>46.90</ItemPrice>
      <UnitOfMeasurePrice>6.21</UnitOfMeasurePrice>
      <AllowDiscount>1</AllowDiscount>
      <itemStatus>1</itemStatus>
      <LastUpdateDate />
      <LastUpdateTime />
    </Product>
    <Product>
      <PriceUpdateDate>2015/06/14 09:47</PriceUpdateDate>
      <ItemCode>7290015781268</ItemCode>
      <ItemType>1</ItemType>
      <ItemName>יין אדום מוסקטו  750מ"ל</ItemName>
      <ManufactureName>יקבי טפרברג 1870 בעמ</ManufactureName>
      <ManufactureCountry />
      <ManufactureItemDescription />
      <UnitQty>י"ח</UnitQty>
      <Quantity>750</Quantity>
      <UnitMeasure>ל  מ"ל</UnitMeasure>
      <BisWeighted>0</BisWeighted>
      <QtyInPackage>1</QtyInPackage>
      <ItemPrice>36.90</ItemPrice>
      <UnitOfMeasurePrice>4.88</UnitOfMeasurePrice>
      <AllowDiscount>1</AllowDiscount>
      <itemStatus>1</itemStatus>
      <LastUpdateDate />
      <LastUpdateTime />
    </Product>
    <Product>
      <PriceUpdateDate>2015/06/14 09:47</PriceUpdateDate>
      <ItemCode>7290015781275</ItemCode>
      <ItemType>1</ItemType>
      <ItemName>יין לבן מוסקטו  750מ"ל</ItemName>
      <ManufactureName>יקבי טפרברג 1870 בעמ</ManufactureName>
      <ManufactureCountry />
      <ManufactureItemDescription />
      <UnitQty>י"ח</UnitQty>
      <Quantity>750</Quantity>
      <UnitMeasure>ל  מ"ל</UnitMeasure>
      <BisWeighted>0</BisWeighted>
      <QtyInPackage>1</QtyInPackage>
      <ItemPrice>36.90</ItemPrice>
      <UnitOfMeasurePrice>4.88</UnitOfMeasurePrice>
      <AllowDiscount>1</AllowDiscount>
      <itemStatus>1</itemStatus>
      <LastUpdateDate />
      <LastUpdateTime />
    </Product>
    <Product>
      <PriceUpdateDate>2015/06/14 09:47</PriceUpdateDate>
      <ItemCode>7290015781282</ItemCode>
      <ItemType>1</ItemType>
      <ItemName>יין גוורצטרמינר  IMPRESSION  750מ"ל</ItemName>
      <ManufactureName>יקבי טפרברג 1870 בעמ</ManufactureName>
      <ManufactureCountry />
      <ManufactureItemDescription />
      <UnitQty>י"ח</UnitQty>
      <Quantity>750</Quantity>
      <UnitMeasure>ל  מ"ל</UnitMeasure>
      <BisWeighted>0</BisWeighted>
      <QtyInPackage>1</QtyInPackage>
      <ItemPrice>46.90</ItemPrice>
      <UnitOfMeasurePrice>6.21</UnitOfMeasurePrice>
      <AllowDiscount>1</AllowDiscount>
      <itemStatus>1</itemStatus>
      <LastUpdateDate />
      <LastUpdateTime />
    </Product>
    <Product>
      <PriceUpdateDate>2015/07/08 08:00</PriceUpdateDate>
      <ItemCode>7290015781299</ItemCode>
      <ItemType>1</ItemType>
      <ItemName>יין שיראז VISION 750מ"ל</ItemName>
      <ManufactureName>יקבי טפרברג 1870 בעמ</ManufactureName>
      <ManufactureCountry />
      <ManufactureItemDescription />
      <UnitQty>י"ח</UnitQty>
      <Quantity>750</Quantity>
      <UnitMeasure>ל  מ"ל</UnitMeasure>
      <BisWeighted>0</BisWeighted>
      <QtyInPackage>1</QtyInPackage>
      <ItemPrice>34.90</ItemPrice>
      <UnitOfMeasurePrice>4.61</UnitOfMeasurePrice>
      <AllowDiscount>1</AllowDiscount>
      <itemStatus>1</itemStatus>
      <LastUpdateDate />
      <LastUpdateTime />
    </Product>
    <Product>
      <PriceUpdateDate>2015/06/14 09:47</PriceUpdateDate>
      <ItemCode>7290015781305</ItemCode>
      <ItemType>1</ItemType>
      <ItemName>יין סירה IMPRESSION  750מ"ל</ItemName>
      <ManufactureName>יקבי טפרברג 1870 בעמ</ManufactureName>
      <ManufactureCountry />
      <ManufactureItemDescription />
      <UnitQty>י"ח</UnitQty>
      <Quantity>750</Quantity>
      <UnitMeasure>ל  מ"ל</UnitMeasure>
      <BisWeighted>0</BisWeighted>
      <QtyInPackage>1</QtyInPackage>
      <ItemPrice>46.90</ItemPrice>
      <UnitOfMeasurePrice>6.21</UnitOfMeasurePrice>
      <AllowDiscount>1</AllowDiscount>
      <itemStatus>1</itemStatus>
      <LastUpdateDate />
      <LastUpdateTime />
    </Product>
    <Product>
      <PriceUpdateDate>2016/02/10 14:52</PriceUpdateDate>
      <ItemCode>7290015781329</ItemCode>
      <ItemType>1</ItemType>
      <ItemName>יין גוורצטרמינר  IMPRESSION  750מ"ל</ItemName>
      <ManufactureName>יקבי טפרברג 1870 בעמ</ManufactureName>
      <ManufactureCountry />
      <ManufactureItemDescription />
      <UnitQty>י"ח</UnitQty>
      <Quantity>750</Quantity>
      <UnitMeasure>ל  מ"ל</UnitMeasure>
      <BisWeighted>0</BisWeighted>
      <QtyInPackage>1</QtyInPackage>
      <ItemPrice>46.90</ItemPrice>
      <UnitOfMeasurePrice>6.21</UnitOfMeasurePrice>
      <AllowDiscount>1</AllowDiscount>
      <itemStatus>1</itemStatus>
      <LastUpdateDate />
      <LastUpdateTime />
    </Product>
    <Product>
      <PriceUpdateDate>2018/02/18 08:46</PriceUpdateDate>
      <ItemCode>7290015781657</ItemCode>
      <ItemType>1</ItemType>
      <ItemName>יין אלגרו למברוסקו לבן  750מ"ל מבעבע</ItemName>
      <ManufactureName>יקבי טפרברג 1870 בעמ</ManufactureName>
      <ManufactureCountry />
      <ManufactureItemDescription />
      <UnitQty>י"ח</UnitQty>
      <Quantity>750</Quantity>
      <UnitMeasure>ל  מ"ל</UnitMeasure>
      <BisWeighted>0</BisWeighted>
      <QtyInPackage>1</QtyInPackage>
      <ItemPrice>34.90</ItemPrice>
      <UnitOfMeasurePrice>4.61</UnitOfMeasurePrice>
      <AllowDiscount>1</AllowDiscount>
      <itemStatus>1</itemStatus>
      <LastUpdateDate />
      <LastUpdateTime />
    </Product>
    <Product>
      <PriceUpdateDate>2018/02/18 08:46</PriceUpdateDate>
      <ItemCode>7290015781664</ItemCode>
      <ItemType>1</ItemType>
      <ItemName>יין אלגרו למברוסקו אדום  750מ"ל מבעבע</ItemName>
      <ManufactureName>יקבי טפרברג 1870 בעמ</ManufactureName>
      <ManufactureCountry />
      <ManufactureItemDescription />
      <UnitQty>י"ח</UnitQty>
      <Quantity>750</Quantity>
      <UnitMeasure>ל  מ"ל</UnitMeasure>
      <BisWeighted>0</BisWeighted>
      <QtyInPackage>1</QtyInPackage>
      <ItemPrice>34.90</ItemPrice>
      <UnitOfMeasurePrice>4.61</UnitOfMeasurePrice>
      <AllowDiscount>1</AllowDiscount>
      <itemStatus>1</itemStatus>
      <LastUpdateDate />
      <LastUpdateTime />
    </Product>
    <Product>
      <PriceUpdateDate>2016/12/20 14:52</PriceUpdateDate>
      <ItemCode>7290015889087</ItemCode>
      <ItemType>1</ItemType>
      <ItemName>ערק אוריגינל 700מ"ל</ItemName>
      <ManufactureName>אגודת הכורמים -כרמל מזרחי</ManufactureName>
      <ManufactureCountry />
      <ManufactureItemDescription />
      <UnitQty>י"ח</UnitQty>
      <Quantity>700</Quantity>
      <UnitMeasure>ל  מ"ל</UnitMeasure>
      <BisWeighted>0</BisWeighted>
      <QtyInPackage>1</QtyInPackage>
      <ItemPrice>69.90</ItemPrice>
      <UnitOfMeasurePrice>9.94</UnitOfMeasurePrice>
      <AllowDiscount>1</AllowDiscount>
      <itemStatus>1</itemStatus>
      <LastUpdateDate />
      <LastUpdateTime />
    </Product>
    <Product>
      <PriceUpdateDate>2016/12/20 14:52</PriceUpdateDate>
      <ItemCode>7290015889520</ItemCode>
      <ItemType>1</ItemType>
      <ItemName>ערק ליקריץ 700מ"ל</ItemName>
      <ManufactureName>אגודת הכורמים -כרמל מזרחי</ManufactureName>
      <ManufactureCountry />
      <ManufactureItemDescription />
      <UnitQty>י"ח</UnitQty>
      <Quantity>700</Quantity>
      <UnitMeasure>ל  מ"ל</UnitMeasure>
      <BisWeighted>0</BisWeighted>
      <QtyInPackage>1</QtyInPackage>
      <ItemPrice>74.90</ItemPrice>
      <UnitOfMeasurePrice>10.66</UnitOfMeasurePrice>
      <AllowDiscount>1</AllowDiscount>
      <itemStatus>1</itemStatus>
      <LastUpdateDate />
      <LastUpdateTime />
    </Product>
    <Product>
      <PriceUpdateDate>2016/12/20 14:52</PriceUpdateDate>
      <ItemCode>7290015889544</ItemCode>
      <ItemType>1</ItemType>
      <ItemName>ערק תאנים 700מ"ל</ItemName>
      <ManufactureName>אגודת הכורמים -כרמל מזרחי</ManufactureName>
      <ManufactureCountry />
      <ManufactureItemDescription />
      <UnitQty>י"ח</UnitQty>
      <Quantity>700</Quantity>
      <UnitMeasure>ל  מ"ל</UnitMeasure>
      <BisWeighted>0</BisWeighted>
      <QtyInPackage>1</QtyInPackage>
      <ItemPrice>74.90</ItemPrice>
      <UnitOfMeasurePrice>10.66</UnitOfMeasurePrice>
      <AllowDiscount>1</AllowDiscount>
      <itemStatus>1</itemStatus>
      <LastUpdateDate />
      <LastUpdateTime />
    </Product>
    <Product>
      <PriceUpdateDate>2016/12/20 14:52</PriceUpdateDate>
      <ItemCode>7290015889551</ItemCode>
      <ItemType>1</ItemType>
      <ItemName>ערק תמרים 700מ"ל</ItemName>
      <ManufactureName>אגודת הכורמים -כרמל מזרחי</ManufactureName>
      <ManufactureCountry />
      <ManufactureItemDescription />
      <UnitQty>י"ח</UnitQty>
      <Quantity>700</Quantity>
      <UnitMeasure>ל  מ"ל</UnitMeasure>
      <BisWeighted>0</BisWeighted>
      <QtyInPackage>1</QtyInPackage>
      <ItemPrice>74.90</ItemPrice>
      <UnitOfMeasurePrice>10.66</UnitOfMeasurePrice>
      <AllowDiscount>1</AllowDiscount>
      <itemStatus>1</itemStatus>
      <LastUpdateDate />
      <LastUpdateTime />
    </Product>
    <Product>
      <PriceUpdateDate>2018/07/15 15:22</PriceUpdateDate>
      <ItemCode>7290015951654</ItemCode>
      <ItemType>1</ItemType>
      <ItemName>יין גמלא ק.סוביניון  `16</ItemName>
      <ManufactureName>היכל היין שקד גולן בעמ</ManufactureName>
      <ManufactureCountry />
      <ManufactureItemDescription />
      <UnitQty>י"ח</UnitQty>
      <Quantity>1</Quantity>
      <UnitMeasure />
      <BisWeighted>0</BisWeighted>
      <QtyInPackage>1</QtyInPackage>
      <ItemPrice>69.90</ItemPrice>
      <UnitOfMeasurePrice>69.90</UnitOfMeasurePrice>
      <AllowDiscount>1</AllowDiscount>
      <itemStatus>1</itemStatus>
      <LastUpdateDate />
      <LastUpdateTime />
    </Product>
    <Product>
      <PriceUpdateDate>2020/03/03 13:20</PriceUpdateDate>
      <ItemCode>7290015951890</ItemCode>
      <ItemType>1</ItemType>
      <ItemName>יין הר חרמון קברנה סוביניון 750 מ"ל.</ItemName>
      <ManufactureName>היכל היין שקד גולן בעמ</ManufactureName>
      <ManufactureCountry />
      <ManufactureItemDescription />
      <UnitQty>י"ח</UnitQty>
      <Quantity>750</Quantity>
      <UnitMeasure>ל  מ"ל</UnitMeasure>
      <BisWeighted>0</BisWeighted>
      <QtyInPackage>1</QtyInPackage>
      <ItemPrice>32.90</ItemPrice>
      <UnitOfMeasurePrice>4.35</UnitOfMeasurePrice>
      <AllowDiscount>1</AllowDiscount>
      <itemStatus>1</itemStatus>
      <LastUpdateDate />
      <LastUpdateTime />
    </Product>
    <Product>
      <PriceUpdateDate>2016/09/27 19:29</PriceUpdateDate>
      <ItemCode>7290015968041</ItemCode>
      <ItemType>1</ItemType>
      <ItemName>בקבוק ציבעוני מעוצב שישייה טוליפס</ItemName>
      <ManufactureName>אינטרסן (1996) בעמ</ManufactureName>
      <ManufactureCountry />
      <ManufactureItemDescription />
      <UnitQty>י"ח</UnitQty>
      <Quantity>1</Quantity>
      <UnitMeasure />
      <BisWeighted>0</BisWeighted>
      <QtyInPackage>1</QtyInPackage>
      <ItemPrice>25.90</ItemPrice>
      <UnitOfMeasurePrice>25.90</UnitOfMeasurePrice>
      <AllowDiscount>1</AllowDiscount>
      <itemStatus>1</itemStatus>
      <LastUpdateDate />
      <LastUpdateTime />
    </Product>
    <Product>
      <PriceUpdateDate>2016/09/27 19:29</PriceUpdateDate>
      <ItemCode>7290015968140</ItemCode>
      <ItemType>1</ItemType>
      <ItemName>אטבי אחיזה רחבה בעיצוב איטלק 36 יח במארז</ItemName>
      <ManufactureName>אינטרסן (1996) בעמ</ManufactureName>
      <ManufactureCountry />
      <ManufactureItemDescription />
      <UnitQty>י"ח</UnitQty>
      <Quantity>48</Quantity>
      <UnitMeasure>י"ח</UnitMeasure>
      <BisWeighted>0</BisWeighted>
      <QtyInPackage>1</QtyInPackage>
      <ItemPrice>13.90</ItemPrice>
      <UnitOfMeasurePrice>0.29</UnitOfMeasurePrice>
      <AllowDiscount>1</AllowDiscount>
      <itemStatus>1</itemStatus>
      <LastUpdateDate />
      <LastUpdateTime />
    </Product>
    <Product>
      <PriceUpdateDate>2017/01/18 08:00</PriceUpdateDate>
      <ItemCode>7290015968294</ItemCode>
      <ItemType>1</ItemType>
      <ItemName>נובי כוס הפלא 240מ"ל עם מכסה וידיות</ItemName>
      <ManufactureName>אינטרסן (1996) בעמ</ManufactureName>
      <ManufactureCountry />
      <ManufactureItemDescription />
      <UnitQty>י"ח</UnitQty>
      <Quantity>240</Quantity>
      <UnitMeasure>ל  מ"ל</UnitMeasure>
      <BisWeighted>0</BisWeighted>
      <QtyInPackage>1</QtyInPackage>
      <ItemPrice>39.90</ItemPrice>
      <UnitOfMeasurePrice>16.63</UnitOfMeasurePrice>
      <AllowDiscount>1</AllowDiscount>
      <itemStatus>1</itemStatus>
      <LastUpdateDate />
      <LastUpdateTime />
    </Product>
    <Product>
      <PriceUpdateDate>2017/01/18 08:00</PriceUpdateDate>
      <ItemCode>7290015968300</ItemCode>
      <ItemType>1</ItemType>
      <ItemName>נובי כוס הפלא 300מ"ל עם מכסה</ItemName>
      <ManufactureName>אינטרסן (1996) בעמ</ManufactureName>
      <ManufactureCountry />
      <ManufactureItemDescription />
      <UnitQty>י"ח</UnitQty>
      <Quantity>240</Quantity>
      <UnitMeasure>ל  מ"ל</UnitMeasure>
      <BisWeighted>0</BisWeighted>
      <QtyInPackage>1</QtyInPackage>
      <ItemPrice>39.90</ItemPrice>
      <UnitOfMeasurePrice>16.63</UnitOfMeasurePrice>
      <AllowDiscount>1</AllowDiscount>
      <itemStatus>1</itemStatus>
      <LastUpdateDate />
      <LastUpdateTime />
    </Product>
    <Product>
      <PriceUpdateDate>2017/01/18 08:00</PriceUpdateDate>
      <ItemCode>7290015968317</ItemCode>
      <ItemType>1</ItemType>
      <ItemName>סינרים ח"פ לתינוק 20יח טוליפס פרמיום</ItemName>
      <ManufactureName>אינטרסן (1996) בעמ</ManufactureName>
      <ManufactureCountry />
      <ManufactureItemDescription />
      <UnitQty>י"ח</UnitQty>
      <Quantity>20</Quantity>
      <UnitMeasure>י"ח</UnitMeasure>
      <BisWeighted>0</BisWeighted>
      <QtyInPackage>1</QtyInPackage>
      <ItemPrice>21.90</ItemPrice>
      <UnitOfMeasurePrice>1.10</UnitOfMeasurePrice>
      <AllowDiscount>1</AllowDiscount>
      <itemStatus>1</itemStatus>
      <LastUpdateDate />
      <LastUpdateTime />
    </Product>
    <Product>
      <PriceUpdateDate>2017/11/24 09:16</PriceUpdateDate>
      <ItemCode>7290015968492</ItemCode>
      <ItemType>1</ItemType>
      <ItemName>קופסאות להקפאת מזון תינוקות 1/8</ItemName>
      <ManufactureName>אינטרסן (1996) בעמ</ManufactureName>
      <ManufactureCountry />
      <ManufactureItemDescription />
      <UnitQty>י"ח</UnitQty>
      <Quantity>8</Quantity>
      <UnitMeasure>י"ח</UnitMeasure>
      <BisWeighted>0</BisWeighted>
      <QtyInPackage>1</QtyInPackage>
      <ItemPrice>24.90</ItemPrice>
      <UnitOfMeasurePrice>3.11</UnitOfMeasurePrice>
      <AllowDiscount>1</AllowDiscount>
      <itemStatus>1</itemStatus>
      <LastUpdateDate />
      <LastUpdateTime />
    </Product>
    <Product>
      <PriceUpdateDate>2018/11/06 10:28</PriceUpdateDate>
      <ItemCode>7290016006100</ItemCode>
      <ItemType>1</ItemType>
      <ItemName>תפוזינה מלון נענעע 1.5 ליטר</ItemName>
      <ManufactureName>יפאורה שותפות מוגבלת לשיווק</ManufactureName>
      <ManufactureCountry />
      <ManufactureItemDescription />
      <UnitQty>י"ח</UnitQty>
      <Quantity>1.50</Quantity>
      <UnitMeasure>ליטר</UnitMeasure>
      <BisWeighted>0</BisWeighted>
      <QtyInPackage>1</QtyInPackage>
      <ItemPrice>6.20</ItemPrice>
      <UnitOfMeasurePrice>4.13</UnitOfMeasurePrice>
      <AllowDiscount>1</AllowDiscount>
      <itemStatus>1</itemStatus>
      <LastUpdateDate />
      <LastUpdateTime />
    </Product>
    <Product>
      <PriceUpdateDate>2016/02/04 10:43</PriceUpdateDate>
      <ItemCode>7290016006148</ItemCode>
      <ItemType>1</ItemType>
      <ItemName>שוופס ענבים 0.5ל</ItemName>
      <ManufactureName>יפאורה שותפות מוגבלת לשיווק</ManufactureName>
      <ManufactureCountry />
      <ManufactureItemDescription />
      <UnitQty>י"ח</UnitQty>
      <Quantity>500</Quantity>
      <UnitMeasure>ל  מ"ל</UnitMeasure>
      <BisWeighted>0</BisWeighted>
      <QtyInPackage>1</QtyInPackage>
      <ItemPrice>4.20</ItemPrice>
      <UnitOfMeasurePrice>0.78</UnitOfMeasurePrice>
      <AllowDiscount>1</AllowDiscount>
      <itemStatus>1</itemStatus>
      <LastUpdateDate />
      <LastUpdateTime />
    </Product>
    <Product>
      <PriceUpdateDate>2018/11/06 10:28</PriceUpdateDate>
      <ItemCode>7290016006179</ItemCode>
      <ItemType>1</ItemType>
      <ItemName>תפוזינה ליצי נענעע 1.5 ליטר</ItemName>
      <ManufactureName>יפאורה שותפות מוגבלת לשיווק</ManufactureName>
      <ManufactureCountry />
      <ManufactureItemDescription />
      <UnitQty>י"ח</UnitQty>
      <Quantity>1.50</Quantity>
      <UnitMeasure>ליטר</UnitMeasure>
      <BisWeighted>0</BisWeighted>
      <QtyInPackage>1</QtyInPackage>
      <ItemPrice>6.20</ItemPrice>
      <UnitOfMeasurePrice>4.13</UnitOfMeasurePrice>
      <AllowDiscount>1</AllowDiscount>
      <itemStatus>1</itemStatus>
      <LastUpdateDate />
      <LastUpdateTime />
    </Product>
    <Product>
      <PriceUpdateDate>2018/10/29 09:22</PriceUpdateDate>
      <ItemCode>7290016006292</ItemCode>
      <ItemType>1</ItemType>
      <ItemName>ספרינג נקטר מנגו בננה מלון 1ל</ItemName>
      <ManufactureName>יפאורה שותפות מוגבלת לשיווק</ManufactureName>
      <ManufactureCountry />
      <ManufactureItemDescription />
      <UnitQty>י"ח</UnitQty>
      <Quantity>1</Quantity>
      <UnitMeasure>ליטר</UnitMeasure>
      <BisWeighted>0</BisWeighted>
      <QtyInPackage>1</QtyInPackage>
      <ItemPrice>5.40</ItemPrice>
      <UnitOfMeasurePrice>5.40</UnitOfMeasurePrice>
      <AllowDiscount>1</AllowDiscount>
      <itemStatus>1</itemStatus>
      <LastUpdateDate />
      <LastUpdateTime />
    </Product>
    <Product>
      <PriceUpdateDate>2018/09/27 09:06</PriceUpdateDate>
      <ItemCode>7290016006346</ItemCode>
      <ItemType>1</ItemType>
      <ItemName>סודה שוופס 0.5ל שישייה</ItemName>
      <ManufactureName>יפאורה שותפות מוגבלת לשיווק</ManufactureName>
      <ManufactureCountry />
      <ManufactureItemDescription />
      <UnitQty>י"ח</UnitQty>
      <Quantity>300</Quantity>
      <UnitMeasure>ל  מ"ל</UnitMeasure>
      <BisWeighted>0</BisWeighted>
      <QtyInPackage>1</QtyInPackage>
      <ItemPrice>14.90</ItemPrice>
      <UnitOfMeasurePrice>4.37</UnitOfMeasurePrice>
      <AllowDiscount>1</AllowDiscount>
      <itemStatus>1</itemStatus>
      <LastUpdateDate />
      <LastUpdateTime />
    </Product>
    <Product>
      <PriceUpdateDate>2018/07/15 15:22</PriceUpdateDate>
      <ItemCode>7290016006360</ItemCode>
      <ItemType>1</ItemType>
      <ItemName>שוופס מוגז פירות תות ליים    1.5ל</ItemName>
      <ManufactureName>יפאורה שותפות מוגבלת לשיווק</ManufactureName>
      <ManufactureCountry />
      <ManufactureItemDescription />
      <UnitQty>י"ח</UnitQty>
      <Quantity>1.50</Quantity>
      <UnitMeasure>ליטר</UnitMeasure>
      <BisWeighted>0</BisWeighted>
      <QtyInPackage>1</QtyInPackage>
      <ItemPrice>7.50</ItemPrice>
      <UnitOfMeasurePrice>5</UnitOfMeasurePrice>
      <AllowDiscount>1</AllowDiscount>
      <itemStatus>1</itemStatus>
      <LastUpdateDate />
      <LastUpdateTime />
    </Product>
    <Product>
      <PriceUpdateDate>2017/05/21 10:08</PriceUpdateDate>
      <ItemCode>7290016006377</ItemCode>
      <ItemType>1</ItemType>
      <ItemName>שוופס מוגז תות ליים 330מ"ל</ItemName>
      <ManufactureName>יפאורה שותפות מוגבלת לשיווק</ManufactureName>
      <ManufactureCountry />
      <ManufactureItemDescription />
      <UnitQty>י"ח</UnitQty>
      <Quantity>330</Quantity>
      <UnitMeasure>ל  מ"ל</UnitMeasure>
      <BisWeighted>0</BisWeighted>
      <QtyInPackage>1</QtyInPackage>
      <ItemPrice>4.90</ItemPrice>
      <UnitOfMeasurePrice>1.39</UnitOfMeasurePrice>
      <AllowDiscount>1</AllowDiscount>
      <itemStatus>1</itemStatus>
      <LastUpdateDate />
      <LastUpdateTime />
    </Product>
    <Product>
      <PriceUpdateDate>2016/06/14 13:51</PriceUpdateDate>
      <ItemCode>7290016006452</ItemCode>
      <ItemType>1</ItemType>
      <ItemName>שוופס מיול 1.5ל</ItemName>
      <ManufactureName>יפאורה שותפות מוגבלת לשיווק</ManufactureName>
      <ManufactureCountry />
      <ManufactureItemDescription />
      <UnitQty>י"ח</UnitQty>
      <Quantity>1.50</Quantity>
      <UnitMeasure>ליטר</UnitMeasure>
      <BisWeighted>0</BisWeighted>
      <QtyInPackage>1</QtyInPackage>
      <ItemPrice>9.90</ItemPrice>
      <UnitOfMeasurePrice>6.60</UnitOfMeasurePrice>
      <AllowDiscount>1</AllowDiscount>
      <itemStatus>1</itemStatus>
      <LastUpdateDate />
      <LastUpdateTime />
    </Product>
    <Product>
      <PriceUpdateDate>2017/03/15 12:02</PriceUpdateDate>
      <ItemCode>7290016006629</ItemCode>
      <ItemType>1</ItemType>
      <ItemName>פרוטס ווטר פסיפלורה 1.5 ליטר</ItemName>
      <ManufactureName>יפאורה שותפות מוגבלת לשיווק</ManufactureName>
      <ManufactureCountry />
      <ManufactureItemDescription />
      <UnitQty>י"ח</UnitQty>
      <Quantity>1.50</Quantity>
      <UnitMeasure>ליטר</UnitMeasure>
      <BisWeighted>0</BisWeighted>
      <QtyInPackage>1</QtyInPackage>
      <ItemPrice>6.90</ItemPrice>
      <UnitOfMeasurePrice>4.60</UnitOfMeasurePrice>
      <AllowDiscount>1</AllowDiscount>
      <itemStatus>1</itemStatus>
      <LastUpdateDate />
      <LastUpdateTime />
    </Product>
    <Product>
      <PriceUpdateDate>2018/11/06 10:28</PriceUpdateDate>
      <ItemCode>7290016006643</ItemCode>
      <ItemType>1</ItemType>
      <ItemName>תפוזינה ענבים ותות 1.5 ליטר</ItemName>
      <ManufactureName>יפאורה שותפות מוגבלת לשיווק</ManufactureName>
      <ManufactureCountry />
      <ManufactureItemDescription />
      <UnitQty>י"ח</UnitQty>
      <Quantity>1.50</Quantity>
      <UnitMeasure>ליטר</UnitMeasure>
      <BisWeighted>0</BisWeighted>
      <QtyInPackage>1</QtyInPackage>
      <ItemPrice>6.20</ItemPrice>
      <UnitOfMeasurePrice>4.13</UnitOfMeasurePrice>
      <AllowDiscount>1</AllowDiscount>
      <itemStatus>1</itemStatus>
      <LastUpdateDate />
      <LastUpdateTime />
    </Product>
    <Product>
      <PriceUpdateDate>2018/11/06 10:28</PriceUpdateDate>
      <ItemCode>7290016006650</ItemCode>
      <ItemType>1</ItemType>
      <ItemName>תפוזינה ענבים ופירות יער 1.5 ליטר</ItemName>
      <ManufactureName>יפאורה שותפות מוגבלת לשיווק</ManufactureName>
      <ManufactureCountry />
      <ManufactureItemDescription />
      <UnitQty>י"ח</UnitQty>
      <Quantity>1.50</Quantity>
      <UnitMeasure>ליטר</UnitMeasure>
      <BisWeighted>0</BisWeighted>
      <QtyInPackage>1</QtyInPackage>
      <ItemPrice>6.20</ItemPrice>
      <UnitOfMeasurePrice>4.13</UnitOfMeasurePrice>
      <AllowDiscount>1</AllowDiscount>
      <itemStatus>1</itemStatus>
      <LastUpdateDate />
      <LastUpdateTime />
    </Product>
    <Product>
      <PriceUpdateDate>2018/07/15 15:22</PriceUpdateDate>
      <ItemCode>7290016006735</ItemCode>
      <ItemType>1</ItemType>
      <ItemName>שוופס מוגז פירות תפוז  1.5 ליטר</ItemName>
      <ManufactureName>יפאורה שותפות מוגבלת לשיווק</ManufactureName>
      <ManufactureCountry />
      <ManufactureItemDescription />
      <UnitQty>י"ח</UnitQty>
      <Quantity>1.50</Quantity>
      <UnitMeasure>ליטר</UnitMeasure>
      <BisWeighted>0</BisWeighted>
      <QtyInPackage>1</QtyInPackage>
      <ItemPrice>7.50</ItemPrice>
      <UnitOfMeasurePrice>5</UnitOfMeasurePrice>
      <AllowDiscount>1</AllowDiscount>
      <itemStatus>1</itemStatus>
      <LastUpdateDate />
      <LastUpdateTime />
    </Product>
    <Product>
      <PriceUpdateDate>2017/05/21 10:08</PriceUpdateDate>
      <ItemCode>7290016006742</ItemCode>
      <ItemType>1</ItemType>
      <ItemName>שוופס מוגז תפוז 330מ"ל</ItemName>
      <ManufactureName>יפאורה שותפות מוגבלת לשיווק</ManufactureName>
      <ManufactureCountry />
      <ManufactureItemDescription />
      <UnitQty>י"ח</UnitQty>
      <Quantity>330</Quantity>
      <UnitMeasure>ל  מ"ל</UnitMeasure>
      <BisWeighted>0</BisWeighted>
      <QtyInPackage>1</QtyInPackage>
      <ItemPrice>4.90</ItemPrice>
      <UnitOfMeasurePrice>1.39</UnitOfMeasurePrice>
      <AllowDiscount>1</AllowDiscount>
      <itemStatus>1</itemStatus>
      <LastUpdateDate />
      <LastUpdateTime />
    </Product>
    <Product>
      <PriceUpdateDate>2018/11/06 10:28</PriceUpdateDate>
      <ItemCode>7290016006940</ItemCode>
      <ItemType>1</ItemType>
      <ItemName>תפוזינה בוסט תפוז אדום 1.5 ליטר</ItemName>
      <ManufactureName>יפאורה שותפות מוגבלת לשיווק</ManufactureName>
      <ManufactureCountry />
      <ManufactureItemDescription />
      <UnitQty>י"ח</UnitQty>
      <Quantity>1.50</Quantity>
      <UnitMeasure>ליטר</UnitMeasure>
      <BisWeighted>0</BisWeighted>
      <QtyInPackage>1</QtyInPackage>
      <ItemPrice>6.20</ItemPrice>
      <UnitOfMeasurePrice>4.13</UnitOfMeasurePrice>
      <AllowDiscount>1</AllowDiscount>
      <itemStatus>1</itemStatus>
      <LastUpdateDate />
      <LastUpdateTime />
    </Product>
    <Product>
      <PriceUpdateDate>2017/05/22 09:09</PriceUpdateDate>
      <ItemCode>7290016006971</ItemCode>
      <ItemType>1</ItemType>
      <ItemName>שוופס מוגז אשכולית ורודה 330מ"ל</ItemName>
      <ManufactureName>יפאורה שותפות מוגבלת לשיווק</ManufactureName>
      <ManufactureCountry />
      <ManufactureItemDescription />
      <UnitQty>י"ח</UnitQty>
      <Quantity>250</Quantity>
      <UnitMeasure>ל  מ"ל</UnitMeasure>
      <BisWeighted>0</BisWeighted>
      <QtyInPackage>1</QtyInPackage>
      <ItemPrice>4.90</ItemPrice>
      <UnitOfMeasurePrice>1.84</UnitOfMeasurePrice>
      <AllowDiscount>1</AllowDiscount>
      <itemStatus>1</itemStatus>
      <LastUpdateDate />
      <LastUpdateTime />
    </Product>
    <Product>
      <PriceUpdateDate>2017/01/16 13:49</PriceUpdateDate>
      <ItemCode>7290016094770</ItemCode>
      <ItemType>1</ItemType>
      <ItemName>אלכוגל 100מ"ל כדוריות ויטמינים</ItemName>
      <ManufactureName>פישר תעשיות פרמבצטיות בעמ</ManufactureName>
      <ManufactureCountry />
      <ManufactureItemDescription />
      <UnitQty>י"ח</UnitQty>
      <Quantity>100</Quantity>
      <UnitMeasure>ל  מ"ל</UnitMeasure>
      <BisWeighted>0</BisWeighted>
      <QtyInPackage>1</QtyInPackage>
      <ItemPrice>14.90</ItemPrice>
      <UnitOfMeasurePrice>14.90</UnitOfMeasurePrice>
      <AllowDiscount>1</AllowDiscount>
      <itemStatus>1</itemStatus>
      <LastUpdateDate />
      <LastUpdateTime />
    </Product>
    <Product>
      <PriceUpdateDate>2017/01/16 13:49</PriceUpdateDate>
      <ItemCode>7290016094787</ItemCode>
      <ItemType>1</ItemType>
      <ItemName>אלכוגל 100מ"ל כדוריות ויטמינים בניחוח</ItemName>
      <ManufactureName>פישר תעשיות פרמבצטיות בעמ</ManufactureName>
      <ManufactureCountry />
      <ManufactureItemDescription />
      <UnitQty>י"ח</UnitQty>
      <Quantity>100</Quantity>
      <UnitMeasure>ל  מ"ל</UnitMeasure>
      <BisWeighted>0</BisWeighted>
      <QtyInPackage>1</QtyInPackage>
      <ItemPrice>14.90</ItemPrice>
      <UnitOfMeasurePrice>14.90</UnitOfMeasurePrice>
      <AllowDiscount>1</AllowDiscount>
      <itemStatus>1</itemStatus>
      <LastUpdateDate />
      <LastUpdateTime />
    </Product>
    <Product>
      <PriceUpdateDate>2018/06/13 14:22</PriceUpdateDate>
      <ItemCode>7290016114300</ItemCode>
      <ItemType>1</ItemType>
      <ItemName>לילי גליל כפול 16 גלילים</ItemName>
      <ManufactureName>קימברלי קלארק ישראל שיווק בעמ</ManufactureName>
      <ManufactureCountry />
      <ManufactureItemDescription />
      <UnitQty>י"ח</UnitQty>
      <Quantity>1953</Quantity>
      <UnitMeasure>ל  גרם</UnitMeasure>
      <BisWeighted>0</BisWeighted>
      <QtyInPackage>1</QtyInPackage>
      <ItemPrice>38.90</ItemPrice>
      <UnitOfMeasurePrice>1.99</UnitOfMeasurePrice>
      <AllowDiscount>1</AllowDiscount>
      <itemStatus>1</itemStatus>
      <LastUpdateDate />
      <LastUpdateTime />
    </Product>
    <Product>
      <PriceUpdateDate>2019/10/07 09:22</PriceUpdateDate>
      <ItemCode>7290016136227</ItemCode>
      <ItemType>1</ItemType>
      <ItemName>סבון ידיים  תה ירוק  2ליטר</ItemName>
      <ManufactureName>גורי ע.ע.ע. בעמ</ManufactureName>
      <ManufactureCountry />
      <ManufactureItemDescription />
      <UnitQty>י"ח</UnitQty>
      <Quantity>2</Quantity>
      <UnitMeasure>ליטר</UnitMeasure>
      <BisWeighted>0</BisWeighted>
      <QtyInPackage>1</QtyInPackage>
      <ItemPrice>14.90</ItemPrice>
      <UnitOfMeasurePrice>7.45</UnitOfMeasurePrice>
      <AllowDiscount>1</AllowDiscount>
      <itemStatus>1</itemStatus>
      <LastUpdateDate />
      <LastUpdateTime />
    </Product>
    <Product>
      <PriceUpdateDate>2019/10/07 09:22</PriceUpdateDate>
      <ItemCode>7290016136234</ItemCode>
      <ItemType>1</ItemType>
      <ItemName>סבון ידיים  תה אדום  2ליטר</ItemName>
      <ManufactureName>גורי ע.ע.ע. בעמ</ManufactureName>
      <ManufactureCountry />
      <ManufactureItemDescription />
      <UnitQty>י"ח</UnitQty>
      <Quantity>2</Quantity>
      <UnitMeasure>ליטר</UnitMeasure>
      <BisWeighted>0</BisWeighted>
      <QtyInPackage>1</QtyInPackage>
      <ItemPrice>14.90</ItemPrice>
      <UnitOfMeasurePrice>7.45</UnitOfMeasurePrice>
      <AllowDiscount>1</AllowDiscount>
      <itemStatus>1</itemStatus>
      <LastUpdateDate />
      <LastUpdateTime />
    </Product>
    <Product>
      <PriceUpdateDate>2016/07/10 14:30</PriceUpdateDate>
      <ItemCode>7290016136692</ItemCode>
      <ItemType>1</ItemType>
      <ItemName>אקווה פרש שלשיות מנטה 100מ"ל</ItemName>
      <ManufactureName>גורי ע.ע.ע. בעמ</ManufactureName>
      <ManufactureCountry />
      <ManufactureItemDescription />
      <UnitQty>י"ח</UnitQty>
      <Quantity>125</Quantity>
      <UnitMeasure>ל  מ"ל</UnitMeasure>
      <BisWeighted>0</BisWeighted>
      <QtyInPackage>1</QtyInPackage>
      <ItemPrice>20</ItemPrice>
      <UnitOfMeasurePrice>16</UnitOfMeasurePrice>
      <AllowDiscount>1</AllowDiscount>
      <itemStatus>1</itemStatus>
      <LastUpdateDate />
      <LastUpdateTime />
    </Product>
    <Product>
      <PriceUpdateDate>2016/07/10 14:30</PriceUpdateDate>
      <ItemCode>7290016136708</ItemCode>
      <ItemType>1</ItemType>
      <ItemName>אקווה פרש שלשיות עדין 100מ"ל</ItemName>
      <ManufactureName>גורי ע.ע.ע. בעמ</ManufactureName>
      <ManufactureCountry />
      <ManufactureItemDescription />
      <UnitQty>י"ח</UnitQty>
      <Quantity>125</Quantity>
      <UnitMeasure>ל  מ"ל</UnitMeasure>
      <BisWeighted>0</BisWeighted>
      <QtyInPackage>1</QtyInPackage>
      <ItemPrice>20</ItemPrice>
      <UnitOfMeasurePrice>16</UnitOfMeasurePrice>
      <AllowDiscount>1</AllowDiscount>
      <itemStatus>1</itemStatus>
      <LastUpdateDate />
      <LastUpdateTime />
    </Product>
    <Product>
      <PriceUpdateDate>2017/11/22 08:54</PriceUpdateDate>
      <ItemCode>7290016150476</ItemCode>
      <ItemType>1</ItemType>
      <ItemName>מיזלי קראנץ פרי הדר 1ק"ג</ItemName>
      <ManufactureName>מ.סידס ובנו בעמ</ManufactureName>
      <ManufactureCountry />
      <ManufactureItemDescription />
      <UnitQty>י"ח</UnitQty>
      <Quantity>250</Quantity>
      <UnitMeasure>ל  גרם</UnitMeasure>
      <BisWeighted>0</BisWeighted>
      <QtyInPackage>1</QtyInPackage>
      <ItemPrice>27.90</ItemPrice>
      <UnitOfMeasurePrice>11.16</UnitOfMeasurePrice>
      <AllowDiscount>1</AllowDiscount>
      <itemStatus>1</itemStatus>
      <LastUpdateDate />
      <LastUpdateTime />
    </Product>
    <Product>
      <PriceUpdateDate>2017/11/22 08:54</PriceUpdateDate>
      <ItemCode>7290016150513</ItemCode>
      <ItemType>1</ItemType>
      <ItemName>מיזלי קראנץ אגוז  1ק"ג</ItemName>
      <ManufactureName>מ.סידס ובנו בעמ</ManufactureName>
      <ManufactureCountry />
      <ManufactureItemDescription />
      <UnitQty>י"ח</UnitQty>
      <Quantity>250</Quantity>
      <UnitMeasure>ל  גרם</UnitMeasure>
      <BisWeighted>0</BisWeighted>
      <QtyInPackage>1</QtyInPackage>
      <ItemPrice>27.90</ItemPrice>
      <UnitOfMeasurePrice>11.16</UnitOfMeasurePrice>
      <AllowDiscount>1</AllowDiscount>
      <itemStatus>1</itemStatus>
      <LastUpdateDate />
      <LastUpdateTime />
    </Product>
    <Product>
      <PriceUpdateDate>2017/05/09 10:50</PriceUpdateDate>
      <ItemCode>7290016188004</ItemCode>
      <ItemType>1</ItemType>
      <ItemName>סובניון בלאן P.C 750מ"ל שמיטה</ItemName>
      <ManufactureName>אגודת הכורמים -כרמל מזרחי</ManufactureName>
      <ManufactureCountry />
      <ManufactureItemDescription />
      <UnitQty>י"ח</UnitQty>
      <Quantity>750</Quantity>
      <UnitMeasure>ל  מ"ל</UnitMeasure>
      <BisWeighted>0</BisWeighted>
      <QtyInPackage>1</QtyInPackage>
      <ItemPrice>36.90</ItemPrice>
      <UnitOfMeasurePrice>4.88</UnitOfMeasurePrice>
      <AllowDiscount>1</AllowDiscount>
      <itemStatus>1</itemStatus>
      <LastUpdateDate />
      <LastUpdateTime />
    </Product>
    <Product>
      <PriceUpdateDate>2017/05/09 10:50</PriceUpdateDate>
      <ItemCode>7290016188011</ItemCode>
      <ItemType>1</ItemType>
      <ItemName>אמרלד ריזלינג P.C 750מ"ל שמיטה</ItemName>
      <ManufactureName>אגודת הכורמים -כרמל מזרחי</ManufactureName>
      <ManufactureCountry />
      <ManufactureItemDescription />
      <UnitQty>י"ח</UnitQty>
      <Quantity>750</Quantity>
      <UnitMeasure>ל  מ"ל</UnitMeasure>
      <BisWeighted>0</BisWeighted>
      <QtyInPackage>1</QtyInPackage>
      <ItemPrice>36.90</ItemPrice>
      <UnitOfMeasurePrice>4.88</UnitOfMeasurePrice>
      <AllowDiscount>1</AllowDiscount>
      <itemStatus>1</itemStatus>
      <LastUpdateDate />
      <LastUpdateTime />
    </Product>
    <Product>
      <PriceUpdateDate>2017/05/09 10:50</PriceUpdateDate>
      <ItemCode>7290016188028</ItemCode>
      <ItemType>1</ItemType>
      <ItemName>שרדונה PC 750מ"ל שמיטה</ItemName>
      <ManufactureName>אגודת הכורמים -כרמל מזרחי</ManufactureName>
      <ManufactureCountry />
      <ManufactureItemDescription />
      <UnitQty>י"ח</UnitQty>
      <Quantity>750</Quantity>
      <UnitMeasure>ל  מ"ל</UnitMeasure>
      <BisWeighted>0</BisWeighted>
      <QtyInPackage>1</QtyInPackage>
      <ItemPrice>36.90</ItemPrice>
      <UnitOfMeasurePrice>4.88</UnitOfMeasurePrice>
      <AllowDiscount>1</AllowDiscount>
      <itemStatus>1</itemStatus>
      <LastUpdateDate />
      <LastUpdateTime />
    </Product>
    <Product>
      <PriceUpdateDate>2018/12/05 10:41</PriceUpdateDate>
      <ItemCode>7290016188035</ItemCode>
      <ItemType>1</ItemType>
      <ItemName>PC קברנה סובניון 0.75 ל שמיטה</ItemName>
      <ManufactureName>אגודת הכורמים -כרמל מזרחי</ManufactureName>
      <ManufactureCountry />
      <ManufactureItemDescription />
      <UnitQty>י"ח</UnitQty>
      <Quantity>750</Quantity>
      <UnitMeasure>ל  מ"ל</UnitMeasure>
      <BisWeighted>0</BisWeighted>
      <QtyInPackage>1</QtyInPackage>
      <ItemPrice>36.90</ItemPrice>
      <UnitOfMeasurePrice>4.88</UnitOfMeasurePrice>
      <AllowDiscount>1</AllowDiscount>
      <itemStatus>1</itemStatus>
      <LastUpdateDate />
      <LastUpdateTime />
    </Product>
    <Product>
      <PriceUpdateDate>2017/05/08 14:15</PriceUpdateDate>
      <ItemCode>7290016188042</ItemCode>
      <ItemType>1</ItemType>
      <ItemName>PC  קברנה/מרלו 0.75 ל שמיטה</ItemName>
      <ManufactureName>אגודת הכורמים -כרמל מזרחי</ManufactureName>
      <ManufactureCountry />
      <ManufactureItemDescription />
      <UnitQty>י"ח</UnitQty>
      <Quantity>750</Quantity>
      <UnitMeasure>ל  מ"ל</UnitMeasure>
      <BisWeighted>0</BisWeighted>
      <QtyInPackage>1</QtyInPackage>
      <ItemPrice>36.90</ItemPrice>
      <UnitOfMeasurePrice>4.88</UnitOfMeasurePrice>
      <AllowDiscount>1</AllowDiscount>
      <itemStatus>1</itemStatus>
      <LastUpdateDate />
      <LastUpdateTime />
    </Product>
    <Product>
      <PriceUpdateDate>2017/05/08 14:15</PriceUpdateDate>
      <ItemCode>7290016188059</ItemCode>
      <ItemType>1</ItemType>
      <ItemName>PC מרלו 750מ"ל שמיטה</ItemName>
      <ManufactureName>אגודת הכורמים -כרמל מזרחי</ManufactureName>
      <ManufactureCountry />
      <ManufactureItemDescription />
      <UnitQty>י"ח</UnitQty>
      <Quantity>750</Quantity>
      <UnitMeasure>ל  מ"ל</UnitMeasure>
      <BisWeighted>0</BisWeighted>
      <QtyInPackage>1</QtyInPackage>
      <ItemPrice>36.90</ItemPrice>
      <UnitOfMeasurePrice>4.88</UnitOfMeasurePrice>
      <AllowDiscount>1</AllowDiscount>
      <itemStatus>1</itemStatus>
      <LastUpdateDate />
      <LastUpdateTime />
    </Product>
    <Product>
      <PriceUpdateDate>2017/05/08 14:15</PriceUpdateDate>
      <ItemCode>7290016188066</ItemCode>
      <ItemType>1</ItemType>
      <ItemName>PC  שיראז 750מ"ל שמיטה</ItemName>
      <ManufactureName>אגודת הכורמים -כרמל מזרחי</ManufactureName>
      <ManufactureCountry />
      <ManufactureItemDescription />
      <UnitQty>י"ח</UnitQty>
      <Quantity>750</Quantity>
      <UnitMeasure>ל  מ"ל</UnitMeasure>
      <BisWeighted>0</BisWeighted>
      <QtyInPackage>1</QtyInPackage>
      <ItemPrice>36.90</ItemPrice>
      <UnitOfMeasurePrice>4.88</UnitOfMeasurePrice>
      <AllowDiscount>1</AllowDiscount>
      <itemStatus>1</itemStatus>
      <LastUpdateDate />
      <LastUpdateTime />
    </Product>
    <Product>
      <PriceUpdateDate>2017/05/09 10:50</PriceUpdateDate>
      <ItemCode>7290016188073</ItemCode>
      <ItemType>1</ItemType>
      <ItemName>מוסקט קינוח PC 500מ"ל שמיטה</ItemName>
      <ManufactureName>אגודת הכורמים -כרמל מזרחי</ManufactureName>
      <ManufactureCountry />
      <ManufactureItemDescription />
      <UnitQty>י"ח</UnitQty>
      <Quantity>500</Quantity>
      <UnitMeasure>ל  מ"ל</UnitMeasure>
      <BisWeighted>0</BisWeighted>
      <QtyInPackage>1</QtyInPackage>
      <ItemPrice>36.90</ItemPrice>
      <UnitOfMeasurePrice>7.32</UnitOfMeasurePrice>
      <AllowDiscount>1</AllowDiscount>
      <itemStatus>1</itemStatus>
      <LastUpdateDate />
      <LastUpdateTime />
    </Product>
    <Product>
      <PriceUpdateDate>2015/12/22 09:49</PriceUpdateDate>
      <ItemCode>7290016188158</ItemCode>
      <ItemType>1</ItemType>
      <ItemName>סלקטד קברנה  סובניון 0.75 שמיטה.</ItemName>
      <ManufactureName>אגודת הכורמים -כרמל מזרחי</ManufactureName>
      <ManufactureCountry />
      <ManufactureItemDescription />
      <UnitQty>י"ח</UnitQty>
      <Quantity>750</Quantity>
      <UnitMeasure>ל  מ"ל</UnitMeasure>
      <BisWeighted>0</BisWeighted>
      <QtyInPackage>1</QtyInPackage>
      <ItemPrice>27</ItemPrice>
      <UnitOfMeasurePrice>3.56</UnitOfMeasurePrice>
      <AllowDiscount>1</AllowDiscount>
      <itemStatus>1</itemStatus>
      <LastUpdateDate />
      <LastUpdateTime />
    </Product>
    <Product>
      <PriceUpdateDate>2015/12/22 09:49</PriceUpdateDate>
      <ItemCode>7290016188165</ItemCode>
      <ItemType>1</ItemType>
      <ItemName>סלקטד מרלו  0.75 ל שמיטה</ItemName>
      <ManufactureName>אגודת הכורמים -כרמל מזרחי</ManufactureName>
      <ManufactureCountry />
      <ManufactureItemDescription />
      <UnitQty>י"ח</UnitQty>
      <Quantity>750</Quantity>
      <UnitMeasure>ל  מ"ל</UnitMeasure>
      <BisWeighted>0</BisWeighted>
      <QtyInPackage>1</QtyInPackage>
      <ItemPrice>27</ItemPrice>
      <UnitOfMeasurePrice>3.56</UnitOfMeasurePrice>
      <AllowDiscount>1</AllowDiscount>
      <itemStatus>1</itemStatus>
      <LastUpdateDate />
      <LastUpdateTime />
    </Product>
    <Product>
      <PriceUpdateDate>2015/12/22 09:49</PriceUpdateDate>
      <ItemCode>7290016188172</ItemCode>
      <ItemType>1</ItemType>
      <ItemName>סלקטד קברנה מרלו  0.75 ל שמיטה</ItemName>
      <ManufactureName>אגודת הכורמים -כרמל מזרחי</ManufactureName>
      <ManufactureCountry />
      <ManufactureItemDescription />
      <UnitQty>י"ח</UnitQty>
      <Quantity>750</Quantity>
      <UnitMeasure>ל  מ"ל</UnitMeasure>
      <BisWeighted>0</BisWeighted>
      <QtyInPackage>1</QtyInPackage>
      <ItemPrice>27</ItemPrice>
      <UnitOfMeasurePrice>3.56</UnitOfMeasurePrice>
      <AllowDiscount>1</AllowDiscount>
      <itemStatus>1</itemStatus>
      <LastUpdateDate />
      <LastUpdateTime />
    </Product>
    <Product>
      <PriceUpdateDate>2015/12/22 09:49</PriceUpdateDate>
      <ItemCode>7290016188196</ItemCode>
      <ItemType>1</ItemType>
      <ItemName>סלקטד קברנה/מרלו/שירז  750מ"ל שמיטה</ItemName>
      <ManufactureName>אגודת הכורמים -כרמל מזרחי</ManufactureName>
      <ManufactureCountry />
      <ManufactureItemDescription />
      <UnitQty>י"ח</UnitQty>
      <Quantity>750</Quantity>
      <UnitMeasure>ל  מ"ל</UnitMeasure>
      <BisWeighted>0</BisWeighted>
      <QtyInPackage>1</QtyInPackage>
      <ItemPrice>27</ItemPrice>
      <UnitOfMeasurePrice>3.56</UnitOfMeasurePrice>
      <AllowDiscount>1</AllowDiscount>
      <itemStatus>1</itemStatus>
      <LastUpdateDate />
      <LastUpdateTime />
    </Product>
    <Product>
      <PriceUpdateDate>2017/05/09 10:50</PriceUpdateDate>
      <ItemCode>7290016188349</ItemCode>
      <ItemType>1</ItemType>
      <ItemName>יין ברוט לבן יבש 750מ"ל שמיטה</ItemName>
      <ManufactureName>אגודת הכורמים -כרמל מזרחי</ManufactureName>
      <ManufactureCountry />
      <ManufactureItemDescription />
      <UnitQty>י"ח</UnitQty>
      <Quantity>750</Quantity>
      <UnitMeasure>ל  מ"ל</UnitMeasure>
      <BisWeighted>0</BisWeighted>
      <QtyInPackage>1</QtyInPackage>
      <ItemPrice>36.90</ItemPrice>
      <UnitOfMeasurePrice>4.88</UnitOfMeasurePrice>
      <AllowDiscount>1</AllowDiscount>
      <itemStatus>1</itemStatus>
      <LastUpdateDate />
      <LastUpdateTime />
    </Product>
    <Product>
      <PriceUpdateDate>2016/02/23 11:16</PriceUpdateDate>
      <ItemCode>7290016188356</ItemCode>
      <ItemType>1</ItemType>
      <ItemName>סלקטד קברנה  סובניון 0.75</ItemName>
      <ManufactureName>אגודת הכורמים -כרמל מזרחי</ManufactureName>
      <ManufactureCountry />
      <ManufactureItemDescription />
      <UnitQty>י"ח</UnitQty>
      <Quantity>750</Quantity>
      <UnitMeasure>ל  מ"ל</UnitMeasure>
      <BisWeighted>0</BisWeighted>
      <QtyInPackage>1</QtyInPackage>
      <ItemPrice>27</ItemPrice>
      <UnitOfMeasurePrice>3.56</UnitOfMeasurePrice>
      <AllowDiscount>1</AllowDiscount>
      <itemStatus>1</itemStatus>
      <LastUpdateDate />
      <LastUpdateTime />
    </Product>
    <Product>
      <PriceUpdateDate>2016/02/23 11:16</PriceUpdateDate>
      <ItemCode>7290016188363</ItemCode>
      <ItemType>1</ItemType>
      <ItemName>סלקטד מרלו  0.75 ל</ItemName>
      <ManufactureName>אגודת הכורמים -כרמל מזרחי</ManufactureName>
      <ManufactureCountry />
      <ManufactureItemDescription />
      <UnitQty>י"ח</UnitQty>
      <Quantity>750</Quantity>
      <UnitMeasure>ל  מ"ל</UnitMeasure>
      <BisWeighted>0</BisWeighted>
      <QtyInPackage>1</QtyInPackage>
      <ItemPrice>27</ItemPrice>
      <UnitOfMeasurePrice>3.56</UnitOfMeasurePrice>
      <AllowDiscount>1</AllowDiscount>
      <itemStatus>1</itemStatus>
      <LastUpdateDate />
      <LastUpdateTime />
    </Product>
    <Product>
      <PriceUpdateDate>2015/12/22 09:49</PriceUpdateDate>
      <ItemCode>7290016188455</ItemCode>
      <ItemType>1</ItemType>
      <ItemName>יין אדום חצי יבש יאנג סלקטד BUZZ שמיטה</ItemName>
      <ManufactureName>אגודת הכורמים -כרמל מזרחי</ManufactureName>
      <ManufactureCountry />
      <ManufactureItemDescription />
      <UnitQty>י"ח</UnitQty>
      <Quantity>750</Quantity>
      <UnitMeasure>ל  מ"ל</UnitMeasure>
      <BisWeighted>0</BisWeighted>
      <QtyInPackage>1</QtyInPackage>
      <ItemPrice>27</ItemPrice>
      <UnitOfMeasurePrice>3.56</UnitOfMeasurePrice>
      <AllowDiscount>1</AllowDiscount>
      <itemStatus>1</itemStatus>
      <LastUpdateDate />
      <LastUpdateTime />
    </Product>
    <Product>
      <PriceUpdateDate>2019/08/26 13:59</PriceUpdateDate>
      <ItemCode>7290016188509</ItemCode>
      <ItemType>1</ItemType>
      <ItemName>מרלו גליל עליון 750מ"ל</ItemName>
      <ManufactureName>אגודת הכורמים -כרמל מזרחי</ManufactureName>
      <ManufactureCountry />
      <ManufactureItemDescription />
      <UnitQty>י"ח</UnitQty>
      <Quantity>750</Quantity>
      <UnitMeasure>ל  מ"ל</UnitMeasure>
      <BisWeighted>0</BisWeighted>
      <QtyInPackage>1</QtyInPackage>
      <ItemPrice>59.90</ItemPrice>
      <UnitOfMeasurePrice>7.95</UnitOfMeasurePrice>
      <AllowDiscount>1</AllowDiscount>
      <itemStatus>1</itemStatus>
      <LastUpdateDate />
      <LastUpdateTime />
    </Product>
    <Product>
      <PriceUpdateDate>2018/01/25 09:20</PriceUpdateDate>
      <ItemCode>7290016188516</ItemCode>
      <ItemType>1</ItemType>
      <ItemName>הסדרה אזורית  קברנה סובניון 750מ"ל</ItemName>
      <ManufactureName>אגודת הכורמים -כרמל מזרחי</ManufactureName>
      <ManufactureCountry />
      <ManufactureItemDescription />
      <UnitQty>י"ח</UnitQty>
      <Quantity>750</Quantity>
      <UnitMeasure>ל  מ"ל</UnitMeasure>
      <BisWeighted>0</BisWeighted>
      <QtyInPackage>1</QtyInPackage>
      <ItemPrice>59.90</ItemPrice>
      <UnitOfMeasurePrice>7.95</UnitOfMeasurePrice>
      <AllowDiscount>1</AllowDiscount>
      <itemStatus>1</itemStatus>
      <LastUpdateDate />
      <LastUpdateTime />
    </Product>
    <Product>
      <PriceUpdateDate>2018/01/25 09:20</PriceUpdateDate>
      <ItemCode>7290016188523</ItemCode>
      <ItemType>1</ItemType>
      <ItemName>הסדרה האזורית קברנה שיראז 750 מייל</ItemName>
      <ManufactureName>אגודת הכורמים -כרמל מזרחי</ManufactureName>
      <ManufactureCountry />
      <ManufactureItemDescription />
      <UnitQty>י"ח</UnitQty>
      <Quantity>750</Quantity>
      <UnitMeasure>ל  מ"ל</UnitMeasure>
      <BisWeighted>0</BisWeighted>
      <QtyInPackage>1</QtyInPackage>
      <ItemPrice>59.90</ItemPrice>
      <UnitOfMeasurePrice>7.95</UnitOfMeasurePrice>
      <AllowDiscount>1</AllowDiscount>
      <itemStatus>1</itemStatus>
      <LastUpdateDate />
      <LastUpdateTime />
    </Product>
    <Product>
      <PriceUpdateDate>2016/08/01 07:59</PriceUpdateDate>
      <ItemCode>7290016188585</ItemCode>
      <ItemType>1</ItemType>
      <ItemName>יין למברוסקו רוזה חצי יבש 750מ"ל</ItemName>
      <ManufactureName>אגודת הכורמים -כרמל מזרחי</ManufactureName>
      <ManufactureCountry />
      <ManufactureItemDescription />
      <UnitQty>י"ח</UnitQty>
      <Quantity>750</Quantity>
      <UnitMeasure>ל  מ"ל</UnitMeasure>
      <BisWeighted>0</BisWeighted>
      <QtyInPackage>1</QtyInPackage>
      <ItemPrice>30.20</ItemPrice>
      <UnitOfMeasurePrice>3.99</UnitOfMeasurePrice>
      <AllowDiscount>1</AllowDiscount>
      <itemStatus>1</itemStatus>
      <LastUpdateDate />
      <LastUpdateTime />
    </Product>
    <Product>
      <PriceUpdateDate>2016/08/01 07:59</PriceUpdateDate>
      <ItemCode>7290016188592</ItemCode>
      <ItemType>1</ItemType>
      <ItemName>יין למברוסקו אדום חצי יבש 750מ"ל</ItemName>
      <ManufactureName>אגודת הכורמים -כרמל מזרחי</ManufactureName>
      <ManufactureCountry />
      <ManufactureItemDescription />
      <UnitQty>י"ח</UnitQty>
      <Quantity>750</Quantity>
      <UnitMeasure>ל  מ"ל</UnitMeasure>
      <BisWeighted>0</BisWeighted>
      <QtyInPackage>1</QtyInPackage>
      <ItemPrice>30.20</ItemPrice>
      <UnitOfMeasurePrice>3.99</UnitOfMeasurePrice>
      <AllowDiscount>1</AllowDiscount>
      <itemStatus>1</itemStatus>
      <LastUpdateDate />
      <LastUpdateTime />
    </Product>
    <Product>
      <PriceUpdateDate>2016/08/01 07:59</PriceUpdateDate>
      <ItemCode>7290016188608</ItemCode>
      <ItemType>1</ItemType>
      <ItemName>יין למברוסקו לבן חצי יבש 750מ"ל</ItemName>
      <ManufactureName>אגודת הכורמים -כרמל מזרחי</ManufactureName>
      <ManufactureCountry />
      <ManufactureItemDescription />
      <UnitQty>י"ח</UnitQty>
      <Quantity>750</Quantity>
      <UnitMeasure>ל  מ"ל</UnitMeasure>
      <BisWeighted>0</BisWeighted>
      <QtyInPackage>1</QtyInPackage>
      <ItemPrice>30.20</ItemPrice>
      <UnitOfMeasurePrice>3.99</UnitOfMeasurePrice>
      <AllowDiscount>1</AllowDiscount>
      <itemStatus>1</itemStatus>
      <LastUpdateDate />
      <LastUpdateTime />
    </Product>
    <Product>
      <PriceUpdateDate>2016/02/23 11:16</PriceUpdateDate>
      <ItemCode>7290016188660</ItemCode>
      <ItemType>1</ItemType>
      <ItemName>יין אדום יבש SELECTED0</ItemName>
      <ManufactureName>אגודת הכורמים -כרמל מזרחי</ManufactureName>
      <ManufactureCountry />
      <ManufactureItemDescription />
      <UnitQty>י"ח</UnitQty>
      <Quantity>750</Quantity>
      <UnitMeasure>ל  מ"ל</UnitMeasure>
      <BisWeighted>0</BisWeighted>
      <QtyInPackage>1</QtyInPackage>
      <ItemPrice>27</ItemPrice>
      <UnitOfMeasurePrice>3.56</UnitOfMeasurePrice>
      <AllowDiscount>1</AllowDiscount>
      <itemStatus>1</itemStatus>
      <LastUpdateDate />
      <LastUpdateTime />
    </Product>
    <Product>
      <PriceUpdateDate>2017/05/09 10:50</PriceUpdateDate>
      <ItemCode>7290016188738</ItemCode>
      <ItemType>1</ItemType>
      <ItemName>PC  עמק הנדיב 750מ"ל.</ItemName>
      <ManufactureName>אגודת הכורמים -כרמל מזרחי</ManufactureName>
      <ManufactureCountry />
      <ManufactureItemDescription />
      <UnitQty>י"ח</UnitQty>
      <Quantity>750</Quantity>
      <UnitMeasure>ל  מ"ל</UnitMeasure>
      <BisWeighted>0</BisWeighted>
      <QtyInPackage>1</QtyInPackage>
      <ItemPrice>36.90</ItemPrice>
      <UnitOfMeasurePrice>4.88</UnitOfMeasurePrice>
      <AllowDiscount>1</AllowDiscount>
      <itemStatus>1</itemStatus>
      <LastUpdateDate />
      <LastUpdateTime />
    </Product>
    <Product>
      <PriceUpdateDate>2017/05/09 10:50</PriceUpdateDate>
      <ItemCode>7290016188776</ItemCode>
      <ItemType>1</ItemType>
      <ItemName>PC  ק.פרנק/ק.סוביניון 750מ"ל</ItemName>
      <ManufactureName>אגודת הכורמים -כרמל מזרחי</ManufactureName>
      <ManufactureCountry />
      <ManufactureItemDescription />
      <UnitQty>י"ח</UnitQty>
      <Quantity>750</Quantity>
      <UnitMeasure>ל  מ"ל</UnitMeasure>
      <BisWeighted>0</BisWeighted>
      <QtyInPackage>1</QtyInPackage>
      <ItemPrice>36.90</ItemPrice>
      <UnitOfMeasurePrice>4.88</UnitOfMeasurePrice>
      <AllowDiscount>1</AllowDiscount>
      <itemStatus>1</itemStatus>
      <LastUpdateDate />
      <LastUpdateTime />
    </Product>
    <Product>
      <PriceUpdateDate>2016/06/16 07:56</PriceUpdateDate>
      <ItemCode>7290016197440</ItemCode>
      <ItemType>1</ItemType>
      <ItemName>דיפנד  מגן תחתון אולטרה מיני</ItemName>
      <ManufactureName>קימברלי קלארק ישראל שיווק בעמ</ManufactureName>
      <ManufactureCountry />
      <ManufactureItemDescription />
      <UnitQty>י"ח</UnitQty>
      <Quantity>1</Quantity>
      <UnitMeasure />
      <BisWeighted>0</BisWeighted>
      <QtyInPackage>1</QtyInPackage>
      <ItemPrice>19.90</ItemPrice>
      <UnitOfMeasurePrice>19.90</UnitOfMeasurePrice>
      <AllowDiscount>1</AllowDiscount>
      <itemStatus>1</itemStatus>
      <LastUpdateDate />
      <LastUpdateTime />
    </Product>
    <Product>
      <PriceUpdateDate>2016/06/16 07:56</PriceUpdateDate>
      <ItemCode>7290016197457</ItemCode>
      <ItemType>1</ItemType>
      <ItemName>דיפנד  תחשובות  מיני</ItemName>
      <ManufactureName>קימברלי קלארק ישראל שיווק בעמ</ManufactureName>
      <ManufactureCountry />
      <ManufactureItemDescription />
      <UnitQty>י"ח</UnitQty>
      <Quantity>1</Quantity>
      <UnitMeasure />
      <BisWeighted>0</BisWeighted>
      <QtyInPackage>1</QtyInPackage>
      <ItemPrice>19.90</ItemPrice>
      <UnitOfMeasurePrice>19.90</UnitOfMeasurePrice>
      <AllowDiscount>1</AllowDiscount>
      <itemStatus>1</itemStatus>
      <LastUpdateDate />
      <LastUpdateTime />
    </Product>
    <Product>
      <PriceUpdateDate>2016/06/16 07:56</PriceUpdateDate>
      <ItemCode>7290016197600</ItemCode>
      <ItemType>1</ItemType>
      <ItemName>דיפנד  תחבושות נורמל</ItemName>
      <ManufactureName>קימברלי קלארק ישראל שיווק בעמ</ManufactureName>
      <ManufactureCountry />
      <ManufactureItemDescription />
      <UnitQty>י"ח</UnitQty>
      <Quantity>1</Quantity>
      <UnitMeasure />
      <BisWeighted>0</BisWeighted>
      <QtyInPackage>1</QtyInPackage>
      <ItemPrice>19.90</ItemPrice>
      <UnitOfMeasurePrice>19.90</UnitOfMeasurePrice>
      <AllowDiscount>1</AllowDiscount>
      <itemStatus>1</itemStatus>
      <LastUpdateDate />
      <LastUpdateTime />
    </Product>
    <Product>
      <PriceUpdateDate>2016/06/16 07:56</PriceUpdateDate>
      <ItemCode>7290016197617</ItemCode>
      <ItemType>1</ItemType>
      <ItemName>דיפנד תחבושות אקסטרה</ItemName>
      <ManufactureName>קימברלי קלארק ישראל שיווק בעמ</ManufactureName>
      <ManufactureCountry />
      <ManufactureItemDescription />
      <UnitQty>י"ח</UnitQty>
      <Quantity>1</Quantity>
      <UnitMeasure />
      <BisWeighted>0</BisWeighted>
      <QtyInPackage>1</QtyInPackage>
      <ItemPrice>19.90</ItemPrice>
      <UnitOfMeasurePrice>19.90</UnitOfMeasurePrice>
      <AllowDiscount>1</AllowDiscount>
      <itemStatus>1</itemStatus>
      <LastUpdateDate />
      <LastUpdateTime />
    </Product>
    <Product>
      <PriceUpdateDate>2016/06/16 07:56</PriceUpdateDate>
      <ItemCode>7290016197624</ItemCode>
      <ItemType>1</ItemType>
      <ItemName>דיפנד  תחבושות  סופר</ItemName>
      <ManufactureName>קימברלי קלארק ישראל שיווק בעמ</ManufactureName>
      <ManufactureCountry />
      <ManufactureItemDescription />
      <UnitQty>י"ח</UnitQty>
      <Quantity>1</Quantity>
      <UnitMeasure />
      <BisWeighted>0</BisWeighted>
      <QtyInPackage>1</QtyInPackage>
      <ItemPrice>19.90</ItemPrice>
      <UnitOfMeasurePrice>19.90</UnitOfMeasurePrice>
      <AllowDiscount>1</AllowDiscount>
      <itemStatus>1</itemStatus>
      <LastUpdateDate />
      <LastUpdateTime />
    </Product>
    <Product>
      <PriceUpdateDate>2016/06/16 07:56</PriceUpdateDate>
      <ItemCode>7290016197631</ItemCode>
      <ItemType>1</ItemType>
      <ItemName>דיפנד  תחבושות לילה</ItemName>
      <ManufactureName>קימברלי קלארק ישראל שיווק בעמ</ManufactureName>
      <ManufactureCountry />
      <ManufactureItemDescription />
      <UnitQty>י"ח</UnitQty>
      <Quantity>1</Quantity>
      <UnitMeasure />
      <BisWeighted>0</BisWeighted>
      <QtyInPackage>1</QtyInPackage>
      <ItemPrice>19.90</ItemPrice>
      <UnitOfMeasurePrice>19.90</UnitOfMeasurePrice>
      <AllowDiscount>1</AllowDiscount>
      <itemStatus>1</itemStatus>
      <LastUpdateDate />
      <LastUpdateTime />
    </Product>
    <Product>
      <PriceUpdateDate>2018/07/01 11:51</PriceUpdateDate>
      <ItemCode>7290016230888</ItemCode>
      <ItemType>1</ItemType>
      <ItemName>סוללה V3 1/5 פוגיקום</ItemName>
      <ManufactureName>פוגיקום בעמ</ManufactureName>
      <ManufactureCountry />
      <ManufactureItemDescription />
      <UnitQty>י"ח</UnitQty>
      <Quantity>1</Quantity>
      <UnitMeasure />
      <BisWeighted>0</BisWeighted>
      <QtyInPackage>1</QtyInPackage>
      <ItemPrice>19.90</ItemPrice>
      <UnitOfMeasurePrice>19.90</UnitOfMeasurePrice>
      <AllowDiscount>1</AllowDiscount>
      <itemStatus>1</itemStatus>
      <LastUpdateDate />
      <LastUpdateTime />
    </Product>
    <Product>
      <PriceUpdateDate>2016/09/30 09:01</PriceUpdateDate>
      <ItemCode>7290016276756</ItemCode>
      <ItemType>1</ItemType>
      <ItemName>מעדן 4 פירות 100% רכיבים פרי 284גר ללא</ItemName>
      <ManufactureName>דין שיווק וקליהבעמ</ManufactureName>
      <ManufactureCountry />
      <ManufactureItemDescription />
      <UnitQty>י"ח</UnitQty>
      <Quantity>284</Quantity>
      <UnitMeasure>ל  גרם</UnitMeasure>
      <BisWeighted>0</BisWeighted>
      <QtyInPackage>1</QtyInPackage>
      <ItemPrice>13.90</ItemPrice>
      <UnitOfMeasurePrice>4.89</UnitOfMeasurePrice>
      <AllowDiscount>1</AllowDiscount>
      <itemStatus>1</itemStatus>
      <LastUpdateDate />
      <LastUpdateTime />
    </Product>
    <Product>
      <PriceUpdateDate>2016/09/30 09:01</PriceUpdateDate>
      <ItemCode>7290016276763</ItemCode>
      <ItemType>1</ItemType>
      <ItemName>מעדן שזיף 100% רכיבים פרי 284גר ללא</ItemName>
      <ManufactureName>דין שיווק וקליהבעמ</ManufactureName>
      <ManufactureCountry />
      <ManufactureItemDescription />
      <UnitQty>י"ח</UnitQty>
      <Quantity>284</Quantity>
      <UnitMeasure>ל  גרם</UnitMeasure>
      <BisWeighted>0</BisWeighted>
      <QtyInPackage>1</QtyInPackage>
      <ItemPrice>13.90</ItemPrice>
      <UnitOfMeasurePrice>4.89</UnitOfMeasurePrice>
      <AllowDiscount>1</AllowDiscount>
      <itemStatus>1</itemStatus>
      <LastUpdateDate />
      <LastUpdateTime />
    </Product>
    <Product>
      <PriceUpdateDate>2016/09/30 09:01</PriceUpdateDate>
      <ItemCode>7290016276770</ItemCode>
      <ItemType>1</ItemType>
      <ItemName>מעדן מנגו  100% רכיבים פרי 284גר ללא</ItemName>
      <ManufactureName>דין שיווק וקליהבעמ</ManufactureName>
      <ManufactureCountry />
      <ManufactureItemDescription />
      <UnitQty>י"ח</UnitQty>
      <Quantity>284</Quantity>
      <UnitMeasure>ל  גרם</UnitMeasure>
      <BisWeighted>0</BisWeighted>
      <QtyInPackage>1</QtyInPackage>
      <ItemPrice>13.90</ItemPrice>
      <UnitOfMeasurePrice>4.89</UnitOfMeasurePrice>
      <AllowDiscount>1</AllowDiscount>
      <itemStatus>1</itemStatus>
      <LastUpdateDate />
      <LastUpdateTime />
    </Product>
    <Product>
      <PriceUpdateDate>2016/09/30 09:01</PriceUpdateDate>
      <ItemCode>7290016276787</ItemCode>
      <ItemType>1</ItemType>
      <ItemName>מעדן אננס  100% רכיבים פרי 284גר ללא</ItemName>
      <ManufactureName>דין שיווק וקליהבעמ</ManufactureName>
      <ManufactureCountry />
      <ManufactureItemDescription />
      <UnitQty>י"ח</UnitQty>
      <Quantity>284</Quantity>
      <UnitMeasure>ל  גרם</UnitMeasure>
      <BisWeighted>0</BisWeighted>
      <QtyInPackage>1</QtyInPackage>
      <ItemPrice>13.90</ItemPrice>
      <UnitOfMeasurePrice>4.89</UnitOfMeasurePrice>
      <AllowDiscount>1</AllowDiscount>
      <itemStatus>1</itemStatus>
      <LastUpdateDate />
      <LastUpdateTime />
    </Product>
    <Product>
      <PriceUpdateDate>2016/09/30 09:01</PriceUpdateDate>
      <ItemCode>7290016276794</ItemCode>
      <ItemType>1</ItemType>
      <ItemName>מעדן תפוז 100% רכיבים פרי 284גר ללא</ItemName>
      <ManufactureName>דין שיווק וקליהבעמ</ManufactureName>
      <ManufactureCountry />
      <ManufactureItemDescription />
      <UnitQty>י"ח</UnitQty>
      <Quantity>284</Quantity>
      <UnitMeasure>ל  גרם</UnitMeasure>
      <BisWeighted>0</BisWeighted>
      <QtyInPackage>1</QtyInPackage>
      <ItemPrice>13.90</ItemPrice>
      <UnitOfMeasurePrice>4.89</UnitOfMeasurePrice>
      <AllowDiscount>1</AllowDiscount>
      <itemStatus>1</itemStatus>
      <LastUpdateDate />
      <LastUpdateTime />
    </Product>
    <Product>
      <PriceUpdateDate>2016/09/30 09:01</PriceUpdateDate>
      <ItemCode>7290016276800</ItemCode>
      <ItemType>1</ItemType>
      <ItemName>מעדן תפוח עץ 100% רכיבים פרי 284גר ללא</ItemName>
      <ManufactureName>דין שיווק וקליהבעמ</ManufactureName>
      <ManufactureCountry />
      <ManufactureItemDescription />
      <UnitQty>י"ח</UnitQty>
      <Quantity>284</Quantity>
      <UnitMeasure>ל  גרם</UnitMeasure>
      <BisWeighted>0</BisWeighted>
      <QtyInPackage>1</QtyInPackage>
      <ItemPrice>13.90</ItemPrice>
      <UnitOfMeasurePrice>4.89</UnitOfMeasurePrice>
      <AllowDiscount>1</AllowDiscount>
      <itemStatus>1</itemStatus>
      <LastUpdateDate />
      <LastUpdateTime />
    </Product>
    <Product>
      <PriceUpdateDate>2017/01/12 12:20</PriceUpdateDate>
      <ItemCode>7290016319095</ItemCode>
      <ItemType>1</ItemType>
      <ItemName>גלייד מוצק בניחוח ים</ItemName>
      <ManufactureName>דנשר (1963) בעמ</ManufactureName>
      <ManufactureCountry />
      <ManufactureItemDescription />
      <UnitQty>י"ח</UnitQty>
      <Quantity>1</Quantity>
      <UnitMeasure />
      <BisWeighted>0</BisWeighted>
      <QtyInPackage>1</QtyInPackage>
      <ItemPrice>9.90</ItemPrice>
      <UnitOfMeasurePrice>9.90</UnitOfMeasurePrice>
      <AllowDiscount>1</AllowDiscount>
      <itemStatus>1</itemStatus>
      <LastUpdateDate />
      <LastUpdateTime />
    </Product>
    <Product>
      <PriceUpdateDate>2017/01/12 12:20</PriceUpdateDate>
      <ItemCode>7290016319101</ItemCode>
      <ItemType>1</ItemType>
      <ItemName>גלייד מוצק בניחוח לבנדר</ItemName>
      <ManufactureName>דנשר (1963) בעמ</ManufactureName>
      <ManufactureCountry />
      <ManufactureItemDescription />
      <UnitQty>י"ח</UnitQty>
      <Quantity>1</Quantity>
      <UnitMeasure />
      <BisWeighted>0</BisWeighted>
      <QtyInPackage>1</QtyInPackage>
      <ItemPrice>9.90</ItemPrice>
      <UnitOfMeasurePrice>9.90</UnitOfMeasurePrice>
      <AllowDiscount>1</AllowDiscount>
      <itemStatus>1</itemStatus>
      <LastUpdateDate />
      <LastUpdateTime />
    </Product>
    <Product>
      <PriceUpdateDate>2016/09/30 09:01</PriceUpdateDate>
      <ItemCode>7290016319217</ItemCode>
      <ItemType>1</ItemType>
      <ItemName>מואי עוגיות בשקית עם קרם זביונה</ItemName>
      <ManufactureName>דנשר (1963) בעמ</ManufactureName>
      <ManufactureCountry />
      <ManufactureItemDescription />
      <UnitQty>י"ח</UnitQty>
      <Quantity>180</Quantity>
      <UnitMeasure>ל  גרם</UnitMeasure>
      <BisWeighted>0</BisWeighted>
      <QtyInPackage>1</QtyInPackage>
      <ItemPrice>16.30</ItemPrice>
      <UnitOfMeasurePrice>9.06</UnitOfMeasurePrice>
      <AllowDiscount>1</AllowDiscount>
      <itemStatus>1</itemStatus>
      <LastUpdateDate />
      <LastUpdateTime />
    </Product>
    <Product>
      <PriceUpdateDate>2018/07/15 15:22</PriceUpdateDate>
      <ItemCode>7290016319255</ItemCode>
      <ItemType>1</ItemType>
      <ItemName>מואי ביסקוויט  קראנץ`עטוף בשוקולד חלב</ItemName>
      <ManufactureName>דנשר (1963) בעמ</ManufactureName>
      <ManufactureCountry />
      <ManufactureItemDescription />
      <UnitQty>י"ח</UnitQty>
      <Quantity>180</Quantity>
      <UnitMeasure>ל  גרם</UnitMeasure>
      <BisWeighted>0</BisWeighted>
      <QtyInPackage>1</QtyInPackage>
      <ItemPrice>17.90</ItemPrice>
      <UnitOfMeasurePrice>9.94</UnitOfMeasurePrice>
      <AllowDiscount>1</AllowDiscount>
      <itemStatus>1</itemStatus>
      <LastUpdateDate />
      <LastUpdateTime />
    </Product>
    <Product>
      <PriceUpdateDate>2018/04/24 11:10</PriceUpdateDate>
      <ItemCode>7290016320312</ItemCode>
      <ItemType>1</ItemType>
      <ItemName>גלילי וופל עם קרם אגוזי לוז 280ג מואי</ItemName>
      <ManufactureName>דנשר (1963) בעמ</ManufactureName>
      <ManufactureCountry />
      <ManufactureItemDescription />
      <UnitQty>י"ח</UnitQty>
      <Quantity>280</Quantity>
      <UnitMeasure>ל  גרם</UnitMeasure>
      <BisWeighted>0</BisWeighted>
      <QtyInPackage>1</QtyInPackage>
      <ItemPrice>14.90</ItemPrice>
      <UnitOfMeasurePrice>5.32</UnitOfMeasurePrice>
      <AllowDiscount>1</AllowDiscount>
      <itemStatus>1</itemStatus>
      <LastUpdateDate />
      <LastUpdateTime />
    </Product>
    <Product>
      <PriceUpdateDate>2018/04/24 11:10</PriceUpdateDate>
      <ItemCode>7290016320329</ItemCode>
      <ItemType>1</ItemType>
      <ItemName>גלילי וופל עם קרם קקאו  280ג מואי</ItemName>
      <ManufactureName>דנשר (1963) בעמ</ManufactureName>
      <ManufactureCountry />
      <ManufactureItemDescription />
      <UnitQty>י"ח</UnitQty>
      <Quantity>280</Quantity>
      <UnitMeasure>ל  גרם</UnitMeasure>
      <BisWeighted>0</BisWeighted>
      <QtyInPackage>1</QtyInPackage>
      <ItemPrice>14.90</ItemPrice>
      <UnitOfMeasurePrice>5.32</UnitOfMeasurePrice>
      <AllowDiscount>1</AllowDiscount>
      <itemStatus>1</itemStatus>
      <LastUpdateDate />
      <LastUpdateTime />
    </Product>
    <Product>
      <PriceUpdateDate>2018/04/24 11:10</PriceUpdateDate>
      <ItemCode>7290016320336</ItemCode>
      <ItemType>1</ItemType>
      <ItemName>גלילי וופל עם קרם וניל   280ג מואי</ItemName>
      <ManufactureName>דנשר (1963) בעמ</ManufactureName>
      <ManufactureCountry />
      <ManufactureItemDescription />
      <UnitQty>י"ח</UnitQty>
      <Quantity>280</Quantity>
      <UnitMeasure>ל  גרם</UnitMeasure>
      <BisWeighted>0</BisWeighted>
      <QtyInPackage>1</QtyInPackage>
      <ItemPrice>14.90</ItemPrice>
      <UnitOfMeasurePrice>5.32</UnitOfMeasurePrice>
      <AllowDiscount>1</AllowDiscount>
      <itemStatus>1</itemStatus>
      <LastUpdateDate />
      <LastUpdateTime />
    </Product>
    <Product>
      <PriceUpdateDate>2017/11/22 08:54</PriceUpdateDate>
      <ItemCode>7290016320343</ItemCode>
      <ItemType>1</ItemType>
      <ItemName>טואלט דאק נוזל זוג</ItemName>
      <ManufactureName>דנשר (1963) בעמ</ManufactureName>
      <ManufactureCountry />
      <ManufactureItemDescription />
      <UnitQty>י"ח</UnitQty>
      <Quantity>1.50</Quantity>
      <UnitMeasure>ליטר</UnitMeasure>
      <BisWeighted>0</BisWeighted>
      <QtyInPackage>1</QtyInPackage>
      <ItemPrice>19.90</ItemPrice>
      <UnitOfMeasurePrice>13.27</UnitOfMeasurePrice>
      <AllowDiscount>1</AllowDiscount>
      <itemStatus>1</itemStatus>
      <LastUpdateDate />
      <LastUpdateTime />
    </Product>
    <Product>
      <PriceUpdateDate>2017/11/22 08:54</PriceUpdateDate>
      <ItemCode>7290016320374</ItemCode>
      <ItemType>1</ItemType>
      <ItemName>טואלט דאק נוזל זוג</ItemName>
      <ManufactureName>דנשר (1963) בעמ</ManufactureName>
      <ManufactureCountry />
      <ManufactureItemDescription />
      <UnitQty>י"ח</UnitQty>
      <Quantity>1.50</Quantity>
      <UnitMeasure>ליטר</UnitMeasure>
      <BisWeighted>0</BisWeighted>
      <QtyInPackage>1</QtyInPackage>
      <ItemPrice>19.90</ItemPrice>
      <UnitOfMeasurePrice>13.27</UnitOfMeasurePrice>
      <AllowDiscount>1</AllowDiscount>
      <itemStatus>1</itemStatus>
      <LastUpdateDate />
      <LastUpdateTime />
    </Product>
    <Product>
      <PriceUpdateDate>2017/07/17 08:30</PriceUpdateDate>
      <ItemCode>7290016320398</ItemCode>
      <ItemType>1</ItemType>
      <ItemName>טואלט דאק 750 זוגות פריחה מרעננת</ItemName>
      <ManufactureName>דנשר (1963) בעמ</ManufactureName>
      <ManufactureCountry />
      <ManufactureItemDescription />
      <UnitQty>י"ח</UnitQty>
      <Quantity>1.50</Quantity>
      <UnitMeasure>ליטר</UnitMeasure>
      <BisWeighted>0</BisWeighted>
      <QtyInPackage>1</QtyInPackage>
      <ItemPrice>19.90</ItemPrice>
      <UnitOfMeasurePrice>13.27</UnitOfMeasurePrice>
      <AllowDiscount>1</AllowDiscount>
      <itemStatus>1</itemStatus>
      <LastUpdateDate />
      <LastUpdateTime />
    </Product>
    <Product>
      <PriceUpdateDate>2017/07/17 08:30</PriceUpdateDate>
      <ItemCode>7290016320404</ItemCode>
      <ItemType>1</ItemType>
      <ItemName>טואלט דאק 750 זוגות טרופי</ItemName>
      <ManufactureName>דנשר (1963) בעמ</ManufactureName>
      <ManufactureCountry />
      <ManufactureItemDescription />
      <UnitQty>י"ח</UnitQty>
      <Quantity>1.50</Quantity>
      <UnitMeasure>ליטר</UnitMeasure>
      <BisWeighted>0</BisWeighted>
      <QtyInPackage>1</QtyInPackage>
      <ItemPrice>19.90</ItemPrice>
      <UnitOfMeasurePrice>13.27</UnitOfMeasurePrice>
      <AllowDiscount>1</AllowDiscount>
      <itemStatus>1</itemStatus>
      <LastUpdateDate />
      <LastUpdateTime />
    </Product>
    <Product>
      <PriceUpdateDate>2017/12/25 08:54</PriceUpdateDate>
      <ItemCode>7290016329278</ItemCode>
      <ItemType>1</ItemType>
      <ItemName>מגבונים מילוי קמיל בלו רביעייה</ItemName>
      <ManufactureName>פישר תעשיות פרמבצטיות בעמ</ManufactureName>
      <ManufactureCountry />
      <ManufactureItemDescription />
      <UnitQty>י"ח</UnitQty>
      <Quantity>400</Quantity>
      <UnitMeasure>ל  גרם</UnitMeasure>
      <BisWeighted>0</BisWeighted>
      <QtyInPackage>1</QtyInPackage>
      <ItemPrice>19.90</ItemPrice>
      <UnitOfMeasurePrice>4.98</UnitOfMeasurePrice>
      <AllowDiscount>1</AllowDiscount>
      <itemStatus>1</itemStatus>
      <LastUpdateDate />
      <LastUpdateTime />
    </Product>
    <Product>
      <PriceUpdateDate>2019/06/07 09:10</PriceUpdateDate>
      <ItemCode>7290016329308</ItemCode>
      <ItemType>1</ItemType>
      <ItemName>סרקל קרם שיער]רוזמרין[</ItemName>
      <ManufactureName>פישר תעשיות פרמבצטיות בעמ</ManufactureName>
      <ManufactureCountry />
      <ManufactureItemDescription />
      <UnitQty>י"ח</UnitQty>
      <Quantity>325</Quantity>
      <UnitMeasure>ל  גרם</UnitMeasure>
      <BisWeighted>0</BisWeighted>
      <QtyInPackage>1</QtyInPackage>
      <ItemPrice>25.90</ItemPrice>
      <UnitOfMeasurePrice>7.97</UnitOfMeasurePrice>
      <AllowDiscount>1</AllowDiscount>
      <itemStatus>1</itemStatus>
      <LastUpdateDate />
      <LastUpdateTime />
    </Product>
    <Product>
      <PriceUpdateDate>2017/11/20 10:38</PriceUpdateDate>
      <ItemCode>7290016372342</ItemCode>
      <ItemType>1</ItemType>
      <ItemName>עגבניות תחוכות לקוביות 400גר*3יח</ItemName>
      <ManufactureName>תה ויסוצקי (ישראל)בעמ</ManufactureName>
      <ManufactureCountry />
      <ManufactureItemDescription />
      <UnitQty>י"ח</UnitQty>
      <Quantity>400</Quantity>
      <UnitMeasure>ל  גרם</UnitMeasure>
      <BisWeighted>0</BisWeighted>
      <QtyInPackage>1</QtyInPackage>
      <ItemPrice>17.90</ItemPrice>
      <UnitOfMeasurePrice>4.48</UnitOfMeasurePrice>
      <AllowDiscount>1</AllowDiscount>
      <itemStatus>1</itemStatus>
      <LastUpdateDate />
      <LastUpdateTime />
    </Product>
    <Product>
      <PriceUpdateDate>2017/12/17 11:06</PriceUpdateDate>
      <ItemCode>7290016372359</ItemCode>
      <ItemType>1</ItemType>
      <ItemName>עגבניות תחוכות דק עם בזיליקום 400ג</ItemName>
      <ManufactureName>תה ויסוצקי (ישראל)בעמ</ManufactureName>
      <ManufactureCountry />
      <ManufactureItemDescription />
      <UnitQty>י"ח</UnitQty>
      <Quantity>400</Quantity>
      <UnitMeasure>ל  גרם</UnitMeasure>
      <BisWeighted>0</BisWeighted>
      <QtyInPackage>1</QtyInPackage>
      <ItemPrice>5.90</ItemPrice>
      <UnitOfMeasurePrice>1.48</UnitOfMeasurePrice>
      <AllowDiscount>1</AllowDiscount>
      <itemStatus>1</itemStatus>
      <LastUpdateDate />
      <LastUpdateTime />
    </Product>
    <Product>
      <PriceUpdateDate>2019/11/17 08:51</PriceUpdateDate>
      <ItemCode>7290016372373</ItemCode>
      <ItemType>1</ItemType>
      <ItemName>רסק עגבניות 135גר*2יח</ItemName>
      <ManufactureName>תה ויסוצקי (ישראל)בעמ</ManufactureName>
      <ManufactureCountry />
      <ManufactureItemDescription />
      <UnitQty>י"ח</UnitQty>
      <Quantity>270</Quantity>
      <UnitMeasure>ל  גרם</UnitMeasure>
      <BisWeighted>0</BisWeighted>
      <QtyInPackage>1</QtyInPackage>
      <ItemPrice>5.90</ItemPrice>
      <UnitOfMeasurePrice>2.19</UnitOfMeasurePrice>
      <AllowDiscount>1</AllowDiscount>
      <itemStatus>1</itemStatus>
      <LastUpdateDate />
      <LastUpdateTime />
    </Product>
    <Product>
      <PriceUpdateDate>2016/09/26 14:10</PriceUpdateDate>
      <ItemCode>7290016400007</ItemCode>
      <ItemType>1</ItemType>
      <ItemName>תבניות ארוז 105 R31 עשירייה  שווה</ItemName>
      <ManufactureName>ח.כהן סוכנות מזון ומשקאות בע</ManufactureName>
      <ManufactureCountry />
      <ManufactureItemDescription />
      <UnitQty>י"ח</UnitQty>
      <Quantity>20</Quantity>
      <UnitMeasure>י"ח</UnitMeasure>
      <BisWeighted>0</BisWeighted>
      <QtyInPackage>1</QtyInPackage>
      <ItemPrice>8.90</ItemPrice>
      <UnitOfMeasurePrice>0.45</UnitOfMeasurePrice>
      <AllowDiscount>1</AllowDiscount>
      <itemStatus>1</itemStatus>
      <LastUpdateDate />
      <LastUpdateTime />
    </Product>
    <Product>
      <PriceUpdateDate>2016/09/26 14:10</PriceUpdateDate>
      <ItemCode>7290016400014</ItemCode>
      <ItemType>1</ItemType>
      <ItemName>תבניות ארוז 90 R2 עשיריה שווה</ItemName>
      <ManufactureName>ח.כהן סוכנות מזון ומשקאות בע</ManufactureName>
      <ManufactureCountry />
      <ManufactureItemDescription />
      <UnitQty>י"ח</UnitQty>
      <Quantity>20</Quantity>
      <UnitMeasure>י"ח</UnitMeasure>
      <BisWeighted>0</BisWeighted>
      <QtyInPackage>1</QtyInPackage>
      <ItemPrice>8.90</ItemPrice>
      <UnitOfMeasurePrice>0.45</UnitOfMeasurePrice>
      <AllowDiscount>1</AllowDiscount>
      <itemStatus>1</itemStatus>
      <LastUpdateDate />
      <LastUpdateTime />
    </Product>
    <Product>
      <PriceUpdateDate>2016/09/26 14:10</PriceUpdateDate>
      <ItemCode>7290016400021</ItemCode>
      <ItemType>1</ItemType>
      <ItemName>תבניות ארוז  (R64)80 עשירייה A שווה</ItemName>
      <ManufactureName>ח.כהן סוכנות מזון ומשקאות בע</ManufactureName>
      <ManufactureCountry />
      <ManufactureItemDescription />
      <UnitQty>י"ח</UnitQty>
      <Quantity>20</Quantity>
      <UnitMeasure>י"ח</UnitMeasure>
      <BisWeighted>0</BisWeighted>
      <QtyInPackage>1</QtyInPackage>
      <ItemPrice>8.90</ItemPrice>
      <UnitOfMeasurePrice>0.45</UnitOfMeasurePrice>
      <AllowDiscount>1</AllowDiscount>
      <itemStatus>1</itemStatus>
      <LastUpdateDate />
      <LastUpdateTime />
    </Product>
    <Product>
      <PriceUpdateDate>2016/09/26 14:10</PriceUpdateDate>
      <ItemCode>7290016400038</ItemCode>
      <ItemType>1</ItemType>
      <ItemName>תבניות ארוז 210 R99 חמישייה שווה</ItemName>
      <ManufactureName>ח.כהן סוכנות מזון ומשקאות בע</ManufactureName>
      <ManufactureCountry />
      <ManufactureItemDescription />
      <UnitQty>י"ח</UnitQty>
      <Quantity>20</Quantity>
      <UnitMeasure>י"ח</UnitMeasure>
      <BisWeighted>0</BisWeighted>
      <QtyInPackage>1</QtyInPackage>
      <ItemPrice>8.90</ItemPrice>
      <UnitOfMeasurePrice>0.45</UnitOfMeasurePrice>
      <AllowDiscount>1</AllowDiscount>
      <itemStatus>1</itemStatus>
      <LastUpdateDate />
      <LastUpdateTime />
    </Product>
    <Product>
      <PriceUpdateDate>2016/09/26 14:10</PriceUpdateDate>
      <ItemCode>7290016400045</ItemCode>
      <ItemType>1</ItemType>
      <ItemName>תבניות ארוז אינגליש *15 שווה</ItemName>
      <ManufactureName>ח.כהן סוכנות מזון ומשקאות בע</ManufactureName>
      <ManufactureCountry />
      <ManufactureItemDescription />
      <UnitQty>י"ח</UnitQty>
      <Quantity>20</Quantity>
      <UnitMeasure>י"ח</UnitMeasure>
      <BisWeighted>0</BisWeighted>
      <QtyInPackage>1</QtyInPackage>
      <ItemPrice>8.90</ItemPrice>
      <UnitOfMeasurePrice>0.45</UnitOfMeasurePrice>
      <AllowDiscount>1</AllowDiscount>
      <itemStatus>1</itemStatus>
      <LastUpdateDate />
      <LastUpdateTime />
    </Product>
    <Product>
      <PriceUpdateDate>2016/09/26 14:10</PriceUpdateDate>
      <ItemCode>7290016400052</ItemCode>
      <ItemType>1</ItemType>
      <ItemName>תבניות ארוז טוסטר *15 (R29-8B)שווה</ItemName>
      <ManufactureName>ח.כהן סוכנות מזון ומשקאות בע</ManufactureName>
      <ManufactureCountry />
      <ManufactureItemDescription />
      <UnitQty>י"ח</UnitQty>
      <Quantity>20</Quantity>
      <UnitMeasure>י"ח</UnitMeasure>
      <BisWeighted>0</BisWeighted>
      <QtyInPackage>1</QtyInPackage>
      <ItemPrice>8.90</ItemPrice>
      <UnitOfMeasurePrice>0.45</UnitOfMeasurePrice>
      <AllowDiscount>1</AllowDiscount>
      <itemStatus>1</itemStatus>
      <LastUpdateDate />
      <LastUpdateTime />
    </Product>
    <Product>
      <PriceUpdateDate>2016/09/26 14:10</PriceUpdateDate>
      <ItemCode>7290016400069</ItemCode>
      <ItemType>1</ItemType>
      <ItemName>תבניות ארוז עגול עמוק(ב 60) שווה</ItemName>
      <ManufactureName>ח.כהן סוכנות מזון ומשקאות בע</ManufactureName>
      <ManufactureCountry />
      <ManufactureItemDescription />
      <UnitQty>י"ח</UnitQty>
      <Quantity>20</Quantity>
      <UnitMeasure>י"ח</UnitMeasure>
      <BisWeighted>0</BisWeighted>
      <QtyInPackage>1</QtyInPackage>
      <ItemPrice>8.90</ItemPrice>
      <UnitOfMeasurePrice>0.45</UnitOfMeasurePrice>
      <AllowDiscount>1</AllowDiscount>
      <itemStatus>1</itemStatus>
      <LastUpdateDate />
      <LastUpdateTime />
    </Product>
    <Product>
      <PriceUpdateDate>2016/09/26 14:10</PriceUpdateDate>
      <ItemCode>7290016400076</ItemCode>
      <ItemType>1</ItemType>
      <ItemName>תבניות ארוז עגול גדול) (C10 שווה</ItemName>
      <ManufactureName>ח.כהן סוכנות מזון ומשקאות בע</ManufactureName>
      <ManufactureCountry />
      <ManufactureItemDescription />
      <UnitQty>י"ח</UnitQty>
      <Quantity>20</Quantity>
      <UnitMeasure>י"ח</UnitMeasure>
      <BisWeighted>0</BisWeighted>
      <QtyInPackage>1</QtyInPackage>
      <ItemPrice>8.90</ItemPrice>
      <UnitOfMeasurePrice>0.45</UnitOfMeasurePrice>
      <AllowDiscount>1</AllowDiscount>
      <itemStatus>1</itemStatus>
      <LastUpdateDate />
      <LastUpdateTime />
    </Product>
    <Product>
      <PriceUpdateDate>2017/05/15 09:31</PriceUpdateDate>
      <ItemCode>7290016400212</ItemCode>
      <ItemType>1</ItemType>
      <ItemName>צלחת 1ק"ג עמוקה איטלקי שווה</ItemName>
      <ManufactureName>ח.כהן סוכנות מזון ומשקאות בע</ManufactureName>
      <ManufactureCountry />
      <ManufactureItemDescription />
      <UnitQty>י"ח</UnitQty>
      <Quantity>1</Quantity>
      <UnitMeasure>ק"ג</UnitMeasure>
      <BisWeighted>0</BisWeighted>
      <QtyInPackage>1</QtyInPackage>
      <ItemPrice>19.90</ItemPrice>
      <UnitOfMeasurePrice>19.90</UnitOfMeasurePrice>
      <AllowDiscount>1</AllowDiscount>
      <itemStatus>1</itemStatus>
      <LastUpdateDate />
      <LastUpdateTime />
    </Product>
    <Product>
      <PriceUpdateDate>2017/02/28 18:55</PriceUpdateDate>
      <ItemCode>7290016400243</ItemCode>
      <ItemType>1</ItemType>
      <ItemName>מפיות נייר תלת שכבתי מעוטרות 20יח שווה</ItemName>
      <ManufactureName>ח.כהן סוכנות מזון ומשקאות בע</ManufactureName>
      <ManufactureCountry />
      <ManufactureItemDescription />
      <UnitQty>י"ח</UnitQty>
      <Quantity>10</Quantity>
      <UnitMeasure>י"ח</UnitMeasure>
      <BisWeighted>0</BisWeighted>
      <QtyInPackage>1</QtyInPackage>
      <ItemPrice>5.90</ItemPrice>
      <UnitOfMeasurePrice>0.59</UnitOfMeasurePrice>
      <AllowDiscount>1</AllowDiscount>
      <itemStatus>1</itemStatus>
      <LastUpdateDate />
      <LastUpdateTime />
    </Product>
    <Product>
      <PriceUpdateDate>2017/02/28 13:10</PriceUpdateDate>
      <ItemCode>7290016400250</ItemCode>
      <ItemType>1</ItemType>
      <ItemName>מזלגונים 50יח שווה</ItemName>
      <ManufactureName>ח.כהן סוכנות מזון ומשקאות בע</ManufactureName>
      <ManufactureCountry />
      <ManufactureItemDescription />
      <UnitQty>י"ח</UnitQty>
      <Quantity>50</Quantity>
      <UnitMeasure>י"ח</UnitMeasure>
      <BisWeighted>0</BisWeighted>
      <QtyInPackage>1</QtyInPackage>
      <ItemPrice>2.90</ItemPrice>
      <UnitOfMeasurePrice>0.06</UnitOfMeasurePrice>
      <AllowDiscount>1</AllowDiscount>
      <itemStatus>1</itemStatus>
      <LastUpdateDate />
      <LastUpdateTime />
    </Product>
    <Product>
      <PriceUpdateDate>2017/02/28 13:10</PriceUpdateDate>
      <ItemCode>7290016400267</ItemCode>
      <ItemType>1</ItemType>
      <ItemName>שיפודי יקיטורי 50יח שווה</ItemName>
      <ManufactureName>ח.כהן סוכנות מזון ומשקאות בע</ManufactureName>
      <ManufactureCountry />
      <ManufactureItemDescription />
      <UnitQty>י"ח</UnitQty>
      <Quantity>1</Quantity>
      <UnitMeasure>י"ח</UnitMeasure>
      <BisWeighted>0</BisWeighted>
      <QtyInPackage>1</QtyInPackage>
      <ItemPrice>4.90</ItemPrice>
      <UnitOfMeasurePrice>4.90</UnitOfMeasurePrice>
      <AllowDiscount>1</AllowDiscount>
      <itemStatus>1</itemStatus>
      <LastUpdateDate />
      <LastUpdateTime />
    </Product>
    <Product>
      <PriceUpdateDate>2017/02/28 13:10</PriceUpdateDate>
      <ItemCode>7290016400274</ItemCode>
      <ItemType>1</ItemType>
      <ItemName>שיפודים קצרים 70יח שווה</ItemName>
      <ManufactureName>ח.כהן סוכנות מזון ומשקאות בע</ManufactureName>
      <ManufactureCountry />
      <ManufactureItemDescription />
      <UnitQty>י"ח</UnitQty>
      <Quantity>70</Quantity>
      <UnitMeasure>י"ח</UnitMeasure>
      <BisWeighted>0</BisWeighted>
      <QtyInPackage>1</QtyInPackage>
      <ItemPrice>1.90</ItemPrice>
      <UnitOfMeasurePrice>0.03</UnitOfMeasurePrice>
      <AllowDiscount>1</AllowDiscount>
      <itemStatus>1</itemStatus>
      <LastUpdateDate />
      <LastUpdateTime />
    </Product>
    <Product>
      <PriceUpdateDate>2017/02/28 13:10</PriceUpdateDate>
      <ItemCode>7290016400281</ItemCode>
      <ItemType>1</ItemType>
      <ItemName>שיפודים 70יח שווה</ItemName>
      <ManufactureName>ח.כהן סוכנות מזון ומשקאות בע</ManufactureName>
      <ManufactureCountry />
      <ManufactureItemDescription />
      <UnitQty>י"ח</UnitQty>
      <Quantity>70</Quantity>
      <UnitMeasure>י"ח</UnitMeasure>
      <BisWeighted>0</BisWeighted>
      <QtyInPackage>1</QtyInPackage>
      <ItemPrice>2.90</ItemPrice>
      <UnitOfMeasurePrice>0.04</UnitOfMeasurePrice>
      <AllowDiscount>1</AllowDiscount>
      <itemStatus>1</itemStatus>
      <LastUpdateDate />
      <LastUpdateTime />
    </Product>
    <Product>
      <PriceUpdateDate>2017/02/28 13:10</PriceUpdateDate>
      <ItemCode>7290016400298</ItemCode>
      <ItemType>1</ItemType>
      <ItemName>שיפודים עבים 50יח שווה</ItemName>
      <ManufactureName>ח.כהן סוכנות מזון ומשקאות בע</ManufactureName>
      <ManufactureCountry />
      <ManufactureItemDescription />
      <UnitQty>י"ח</UnitQty>
      <Quantity>70</Quantity>
      <UnitMeasure>י"ח</UnitMeasure>
      <BisWeighted>0</BisWeighted>
      <QtyInPackage>1</QtyInPackage>
      <ItemPrice>2.90</ItemPrice>
      <UnitOfMeasurePrice>0.04</UnitOfMeasurePrice>
      <AllowDiscount>1</AllowDiscount>
      <itemStatus>1</itemStatus>
      <LastUpdateDate />
      <LastUpdateTime />
    </Product>
    <Product>
      <PriceUpdateDate>2017/02/28 13:10</PriceUpdateDate>
      <ItemCode>7290016400304</ItemCode>
      <ItemType>1</ItemType>
      <ItemName>שיפודים ענקיים 25יח שווה</ItemName>
      <ManufactureName>ח.כהן סוכנות מזון ומשקאות בע</ManufactureName>
      <ManufactureCountry />
      <ManufactureItemDescription />
      <UnitQty>י"ח</UnitQty>
      <Quantity>25</Quantity>
      <UnitMeasure>י"ח</UnitMeasure>
      <BisWeighted>0</BisWeighted>
      <QtyInPackage>1</QtyInPackage>
      <ItemPrice>5.90</ItemPrice>
      <UnitOfMeasurePrice>0.24</UnitOfMeasurePrice>
      <AllowDiscount>1</AllowDiscount>
      <itemStatus>1</itemStatus>
      <LastUpdateDate />
      <LastUpdateTime />
    </Product>
    <Product>
      <PriceUpdateDate>2017/01/24 11:25</PriceUpdateDate>
      <ItemCode>7290016400380</ItemCode>
      <ItemType>1</ItemType>
      <ItemName>גפרורים ארוך שווה</ItemName>
      <ManufactureName>ח.כהן סוכנות מזון ומשקאות בע</ManufactureName>
      <ManufactureCountry />
      <ManufactureItemDescription />
      <UnitQty>י"ח</UnitQty>
      <Quantity>10</Quantity>
      <UnitMeasure>י"ח</UnitMeasure>
      <BisWeighted>0</BisWeighted>
      <QtyInPackage>1</QtyInPackage>
      <ItemPrice>6.90</ItemPrice>
      <UnitOfMeasurePrice>0.69</UnitOfMeasurePrice>
      <AllowDiscount>1</AllowDiscount>
      <itemStatus>1</itemStatus>
      <LastUpdateDate />
      <LastUpdateTime />
    </Product>
    <Product>
      <PriceUpdateDate>2018/07/03 09:34</PriceUpdateDate>
      <ItemCode>7290016400397</ItemCode>
      <ItemType>1</ItemType>
      <ItemName>מדליק פחם מוצק חדש שווה</ItemName>
      <ManufactureName>ח.כהן סוכנות מזון ומשקאות בע</ManufactureName>
      <ManufactureCountry />
      <ManufactureItemDescription />
      <UnitQty>י"ח</UnitQty>
      <Quantity>1</Quantity>
      <UnitMeasure>י"ח</UnitMeasure>
      <BisWeighted>0</BisWeighted>
      <QtyInPackage>1</QtyInPackage>
      <ItemPrice>6.90</ItemPrice>
      <UnitOfMeasurePrice>6.90</UnitOfMeasurePrice>
      <AllowDiscount>1</AllowDiscount>
      <itemStatus>1</itemStatus>
      <LastUpdateDate />
      <LastUpdateTime />
    </Product>
    <Product>
      <PriceUpdateDate>2017/05/03 08:27</PriceUpdateDate>
      <ItemCode>7290016400410</ItemCode>
      <ItemType>1</ItemType>
      <ItemName>אשפטון גופיה 55/70 ירוק 40יח שווה</ItemName>
      <ManufactureName>ח.כהן סוכנות מזון ומשקאות בע</ManufactureName>
      <ManufactureCountry />
      <ManufactureItemDescription />
      <UnitQty>י"ח</UnitQty>
      <Quantity>40</Quantity>
      <UnitMeasure>י"ח</UnitMeasure>
      <BisWeighted>0</BisWeighted>
      <QtyInPackage>1</QtyInPackage>
      <ItemPrice>12.90</ItemPrice>
      <UnitOfMeasurePrice>0.32</UnitOfMeasurePrice>
      <AllowDiscount>1</AllowDiscount>
      <itemStatus>1</itemStatus>
      <LastUpdateDate />
      <LastUpdateTime />
    </Product>
    <Product>
      <PriceUpdateDate>2017/12/20 08:52</PriceUpdateDate>
      <ItemCode>7290016400434</ItemCode>
      <ItemType>1</ItemType>
      <ItemName>אשפתון גופיה 75/90 חזק אפור 25יח שווה</ItemName>
      <ManufactureName>ח.כהן סוכנות מזון ומשקאות בע</ManufactureName>
      <ManufactureCountry />
      <ManufactureItemDescription />
      <UnitQty>י"ח</UnitQty>
      <Quantity>25</Quantity>
      <UnitMeasure>י"ח</UnitMeasure>
      <BisWeighted>0</BisWeighted>
      <QtyInPackage>1</QtyInPackage>
      <ItemPrice>13.90</ItemPrice>
      <UnitOfMeasurePrice>0.56</UnitOfMeasurePrice>
      <AllowDiscount>1</AllowDiscount>
      <itemStatus>1</itemStatus>
      <LastUpdateDate />
      <LastUpdateTime />
    </Product>
    <Product>
      <PriceUpdateDate>2016/11/17 10:08</PriceUpdateDate>
      <ItemCode>7290016400458</ItemCode>
      <ItemType>1</ItemType>
      <ItemName>מפת גליל 45 מטר  שווה</ItemName>
      <ManufactureName>ח.כהן סוכנות מזון ומשקאות בע</ManufactureName>
      <ManufactureCountry />
      <ManufactureItemDescription />
      <UnitQty>י"ח</UnitQty>
      <Quantity>45</Quantity>
      <UnitMeasure>מטר</UnitMeasure>
      <BisWeighted>0</BisWeighted>
      <QtyInPackage>1</QtyInPackage>
      <ItemPrice>19.90</ItemPrice>
      <UnitOfMeasurePrice>0.44</UnitOfMeasurePrice>
      <AllowDiscount>1</AllowDiscount>
      <itemStatus>1</itemStatus>
      <LastUpdateDate />
      <LastUpdateTime />
    </Product>
    <Product>
      <PriceUpdateDate>2017/01/24 11:25</PriceUpdateDate>
      <ItemCode>7290016400502</ItemCode>
      <ItemType>1</ItemType>
      <ItemName>גפרורים 10 חדש שווה</ItemName>
      <ManufactureName>ח.כהן סוכנות מזון ומשקאות בע</ManufactureName>
      <ManufactureCountry />
      <ManufactureItemDescription />
      <UnitQty>י"ח</UnitQty>
      <Quantity>10</Quantity>
      <UnitMeasure>י"ח</UnitMeasure>
      <BisWeighted>0</BisWeighted>
      <QtyInPackage>1</QtyInPackage>
      <ItemPrice>4</ItemPrice>
      <UnitOfMeasurePrice>0.40</UnitOfMeasurePrice>
      <AllowDiscount>1</AllowDiscount>
      <itemStatus>1</itemStatus>
      <LastUpdateDate />
      <LastUpdateTime />
    </Product>
    <Product>
      <PriceUpdateDate>2016/12/14 09:51</PriceUpdateDate>
      <ItemCode>7290016400526</ItemCode>
      <ItemType>1</ItemType>
      <ItemName>נרות קישוט 4יח שווה</ItemName>
      <ManufactureName>ח.כהן סוכנות מזון ומשקאות בע</ManufactureName>
      <ManufactureCountry />
      <ManufactureItemDescription />
      <UnitQty>י"ח</UnitQty>
      <Quantity>1</Quantity>
      <UnitMeasure>י"ח</UnitMeasure>
      <BisWeighted>0</BisWeighted>
      <QtyInPackage>1</QtyInPackage>
      <ItemPrice>7.90</ItemPrice>
      <UnitOfMeasurePrice>7.90</UnitOfMeasurePrice>
      <AllowDiscount>1</AllowDiscount>
      <itemStatus>1</itemStatus>
      <LastUpdateDate />
      <LastUpdateTime />
    </Product>
    <Product>
      <PriceUpdateDate>2016/12/14 09:51</PriceUpdateDate>
      <ItemCode>7290016400533</ItemCode>
      <ItemType>1</ItemType>
      <ItemName>נרות קישוט זוגות מטאלי שווה</ItemName>
      <ManufactureName>ח.כהן סוכנות מזון ומשקאות בע</ManufactureName>
      <ManufactureCountry />
      <ManufactureItemDescription />
      <UnitQty>י"ח</UnitQty>
      <Quantity>1</Quantity>
      <UnitMeasure>י"ח</UnitMeasure>
      <BisWeighted>0</BisWeighted>
      <QtyInPackage>1</QtyInPackage>
      <ItemPrice>7.90</ItemPrice>
      <UnitOfMeasurePrice>7.90</UnitOfMeasurePrice>
      <AllowDiscount>1</AllowDiscount>
      <itemStatus>1</itemStatus>
      <LastUpdateDate />
      <LastUpdateTime />
    </Product>
    <Product>
      <PriceUpdateDate>2017/01/24 11:25</PriceUpdateDate>
      <ItemCode>7290016400540</ItemCode>
      <ItemType>1</ItemType>
      <ItemName>קינוחיות עגול קטן+מכסה 12יח  "שווה"</ItemName>
      <ManufactureName>ח.כהן סוכנות מזון ומשקאות בע</ManufactureName>
      <ManufactureCountry />
      <ManufactureItemDescription />
      <UnitQty>י"ח</UnitQty>
      <Quantity>12</Quantity>
      <UnitMeasure>י"ח</UnitMeasure>
      <BisWeighted>0</BisWeighted>
      <QtyInPackage>1</QtyInPackage>
      <ItemPrice>7.90</ItemPrice>
      <UnitOfMeasurePrice>0.66</UnitOfMeasurePrice>
      <AllowDiscount>1</AllowDiscount>
      <itemStatus>1</itemStatus>
      <LastUpdateDate />
      <LastUpdateTime />
    </Product>
    <Product>
      <PriceUpdateDate>2017/01/24 11:25</PriceUpdateDate>
      <ItemCode>7290016400557</ItemCode>
      <ItemType>1</ItemType>
      <ItemName>קינוחיות טרפז מפותל 20יח  "שווה"</ItemName>
      <ManufactureName>ח.כהן סוכנות מזון ומשקאות בע</ManufactureName>
      <ManufactureCountry />
      <ManufactureItemDescription />
      <UnitQty>י"ח</UnitQty>
      <Quantity>20</Quantity>
      <UnitMeasure>י"ח</UnitMeasure>
      <BisWeighted>0</BisWeighted>
      <QtyInPackage>1</QtyInPackage>
      <ItemPrice>7.90</ItemPrice>
      <UnitOfMeasurePrice>0.40</UnitOfMeasurePrice>
      <AllowDiscount>1</AllowDiscount>
      <itemStatus>1</itemStatus>
      <LastUpdateDate />
      <LastUpdateTime />
    </Product>
    <Product>
      <PriceUpdateDate>2017/01/24 11:25</PriceUpdateDate>
      <ItemCode>7290016400564</ItemCode>
      <ItemType>1</ItemType>
      <ItemName>קינוחיות קצוות משולש גדול 20יח  "שווה"</ItemName>
      <ManufactureName>ח.כהן סוכנות מזון ומשקאות בע</ManufactureName>
      <ManufactureCountry />
      <ManufactureItemDescription />
      <UnitQty>י"ח</UnitQty>
      <Quantity>12</Quantity>
      <UnitMeasure>י"ח</UnitMeasure>
      <BisWeighted>0</BisWeighted>
      <QtyInPackage>1</QtyInPackage>
      <ItemPrice>7.90</ItemPrice>
      <UnitOfMeasurePrice>0.66</UnitOfMeasurePrice>
      <AllowDiscount>1</AllowDiscount>
      <itemStatus>1</itemStatus>
      <LastUpdateDate />
      <LastUpdateTime />
    </Product>
    <Product>
      <PriceUpdateDate>2017/01/24 11:25</PriceUpdateDate>
      <ItemCode>7290016400571</ItemCode>
      <ItemType>1</ItemType>
      <ItemName>קינוחיות קצוות משולש קטן 20יח  "שווה"</ItemName>
      <ManufactureName>ח.כהן סוכנות מזון ומשקאות בע</ManufactureName>
      <ManufactureCountry />
      <ManufactureItemDescription />
      <UnitQty>י"ח</UnitQty>
      <Quantity>12</Quantity>
      <UnitMeasure>י"ח</UnitMeasure>
      <BisWeighted>0</BisWeighted>
      <QtyInPackage>1</QtyInPackage>
      <ItemPrice>7.90</ItemPrice>
      <UnitOfMeasurePrice>0.66</UnitOfMeasurePrice>
      <AllowDiscount>1</AllowDiscount>
      <itemStatus>1</itemStatus>
      <LastUpdateDate />
      <LastUpdateTime />
    </Product>
    <Product>
      <PriceUpdateDate>2017/05/15 09:31</PriceUpdateDate>
      <ItemCode>7290016400588</ItemCode>
      <ItemType>1</ItemType>
      <ItemName>קינוחיות מרובע+מכסה 12יח  "שווה"</ItemName>
      <ManufactureName>ח.כהן סוכנות מזון ומשקאות בע</ManufactureName>
      <ManufactureCountry />
      <ManufactureItemDescription />
      <UnitQty>י"ח</UnitQty>
      <Quantity>12</Quantity>
      <UnitMeasure>י"ח</UnitMeasure>
      <BisWeighted>0</BisWeighted>
      <QtyInPackage>1</QtyInPackage>
      <ItemPrice>9.90</ItemPrice>
      <UnitOfMeasurePrice>0.83</UnitOfMeasurePrice>
      <AllowDiscount>1</AllowDiscount>
      <itemStatus>1</itemStatus>
      <LastUpdateDate />
      <LastUpdateTime />
    </Product>
    <Product>
      <PriceUpdateDate>2017/05/15 09:31</PriceUpdateDate>
      <ItemCode>7290016400595</ItemCode>
      <ItemType>1</ItemType>
      <ItemName>קינוחיות טרפז+מכסה 12יח  "שווה"</ItemName>
      <ManufactureName>ח.כהן סוכנות מזון ומשקאות בע</ManufactureName>
      <ManufactureCountry />
      <ManufactureItemDescription />
      <UnitQty>י"ח</UnitQty>
      <Quantity>20</Quantity>
      <UnitMeasure>י"ח</UnitMeasure>
      <BisWeighted>0</BisWeighted>
      <QtyInPackage>1</QtyInPackage>
      <ItemPrice>9.90</ItemPrice>
      <UnitOfMeasurePrice>0.50</UnitOfMeasurePrice>
      <AllowDiscount>1</AllowDiscount>
      <itemStatus>1</itemStatus>
      <LastUpdateDate />
      <LastUpdateTime />
    </Product>
    <Product>
      <PriceUpdateDate>2017/05/15 09:31</PriceUpdateDate>
      <ItemCode>7290016400601</ItemCode>
      <ItemType>1</ItemType>
      <ItemName>קינוחיות משולש+מכסה 12יח  "שווה"</ItemName>
      <ManufactureName>ח.כהן סוכנות מזון ומשקאות בע</ManufactureName>
      <ManufactureCountry />
      <ManufactureItemDescription />
      <UnitQty>י"ח</UnitQty>
      <Quantity>12</Quantity>
      <UnitMeasure>י"ח</UnitMeasure>
      <BisWeighted>0</BisWeighted>
      <QtyInPackage>1</QtyInPackage>
      <ItemPrice>8.90</ItemPrice>
      <UnitOfMeasurePrice>0.74</UnitOfMeasurePrice>
      <AllowDiscount>1</AllowDiscount>
      <itemStatus>1</itemStatus>
      <LastUpdateDate />
      <LastUpdateTime />
    </Product>
    <Product>
      <PriceUpdateDate>2017/05/15 09:31</PriceUpdateDate>
      <ItemCode>7290016400618</ItemCode>
      <ItemType>1</ItemType>
      <ItemName>קינוחיות כדור פתוח+מכסה 12יח  "שווה"</ItemName>
      <ManufactureName>ח.כהן סוכנות מזון ומשקאות בע</ManufactureName>
      <ManufactureCountry />
      <ManufactureItemDescription />
      <UnitQty>י"ח</UnitQty>
      <Quantity>12</Quantity>
      <UnitMeasure>י"ח</UnitMeasure>
      <BisWeighted>0</BisWeighted>
      <QtyInPackage>1</QtyInPackage>
      <ItemPrice>8.90</ItemPrice>
      <UnitOfMeasurePrice>0.74</UnitOfMeasurePrice>
      <AllowDiscount>1</AllowDiscount>
      <itemStatus>1</itemStatus>
      <LastUpdateDate />
      <LastUpdateTime />
    </Product>
    <Product>
      <PriceUpdateDate>2017/05/15 09:31</PriceUpdateDate>
      <ItemCode>7290016400625</ItemCode>
      <ItemType>1</ItemType>
      <ItemName>קינוחיות יהלום+מכסה 12יח  "שווה"</ItemName>
      <ManufactureName>ח.כהן סוכנות מזון ומשקאות בע</ManufactureName>
      <ManufactureCountry />
      <ManufactureItemDescription />
      <UnitQty>י"ח</UnitQty>
      <Quantity>20</Quantity>
      <UnitMeasure>י"ח</UnitMeasure>
      <BisWeighted>0</BisWeighted>
      <QtyInPackage>1</QtyInPackage>
      <ItemPrice>9.90</ItemPrice>
      <UnitOfMeasurePrice>0.50</UnitOfMeasurePrice>
      <AllowDiscount>1</AllowDiscount>
      <itemStatus>1</itemStatus>
      <LastUpdateDate />
      <LastUpdateTime />
    </Product>
    <Product>
      <PriceUpdateDate>2017/02/28 13:10</PriceUpdateDate>
      <ItemCode>7290016400632</ItemCode>
      <ItemType>1</ItemType>
      <ItemName>רשת צלייה קטנה  שווה</ItemName>
      <ManufactureName>ח.כהן סוכנות מזון ומשקאות בע</ManufactureName>
      <ManufactureCountry />
      <ManufactureItemDescription />
      <UnitQty>י"ח</UnitQty>
      <Quantity>1</Quantity>
      <UnitMeasure>י"ח</UnitMeasure>
      <BisWeighted>0</BisWeighted>
      <QtyInPackage>1</QtyInPackage>
      <ItemPrice>19.90</ItemPrice>
      <UnitOfMeasurePrice>19.90</UnitOfMeasurePrice>
      <AllowDiscount>1</AllowDiscount>
      <itemStatus>1</itemStatus>
      <LastUpdateDate />
      <LastUpdateTime />
    </Product>
    <Product>
      <PriceUpdateDate>2017/02/28 18:55</PriceUpdateDate>
      <ItemCode>7290016400649</ItemCode>
      <ItemType>1</ItemType>
      <ItemName>רשת צלייה גדולה   שווה</ItemName>
      <ManufactureName>ח.כהן סוכנות מזון ומשקאות בע</ManufactureName>
      <ManufactureCountry />
      <ManufactureItemDescription />
      <UnitQty>י"ח</UnitQty>
      <Quantity>1</Quantity>
      <UnitMeasure>י"ח</UnitMeasure>
      <BisWeighted>0</BisWeighted>
      <QtyInPackage>1</QtyInPackage>
      <ItemPrice>24.90</ItemPrice>
      <UnitOfMeasurePrice>24.90</UnitOfMeasurePrice>
      <AllowDiscount>1</AllowDiscount>
      <itemStatus>1</itemStatus>
      <LastUpdateDate />
      <LastUpdateTime />
    </Product>
    <Product>
      <PriceUpdateDate>2017/02/28 18:55</PriceUpdateDate>
      <ItemCode>7290016400656</ItemCode>
      <ItemType>1</ItemType>
      <ItemName>רשת צלייה ענקית    שווה</ItemName>
      <ManufactureName>ח.כהן סוכנות מזון ומשקאות בע</ManufactureName>
      <ManufactureCountry />
      <ManufactureItemDescription />
      <UnitQty>י"ח</UnitQty>
      <Quantity>1</Quantity>
      <UnitMeasure>י"ח</UnitMeasure>
      <BisWeighted>0</BisWeighted>
      <QtyInPackage>1</QtyInPackage>
      <ItemPrice>29.90</ItemPrice>
      <UnitOfMeasurePrice>29.90</UnitOfMeasurePrice>
      <AllowDiscount>1</AllowDiscount>
      <itemStatus>1</itemStatus>
      <LastUpdateDate />
      <LastUpdateTime />
    </Product>
    <Product>
      <PriceUpdateDate>2017/04/12 11:23</PriceUpdateDate>
      <ItemCode>7290016400670</ItemCode>
      <ItemType>1</ItemType>
      <ItemName>מלקחיים ארוכים איכותיים למנגל שווה</ItemName>
      <ManufactureName>ח.כהן סוכנות מזון ומשקאות בע</ManufactureName>
      <ManufactureCountry />
      <ManufactureItemDescription />
      <UnitQty>י"ח</UnitQty>
      <Quantity>1</Quantity>
      <UnitMeasure>י"ח</UnitMeasure>
      <BisWeighted>0</BisWeighted>
      <QtyInPackage>1</QtyInPackage>
      <ItemPrice>12.90</ItemPrice>
      <UnitOfMeasurePrice>12.90</UnitOfMeasurePrice>
      <AllowDiscount>1</AllowDiscount>
      <itemStatus>1</itemStatus>
      <LastUpdateDate />
      <LastUpdateTime />
    </Product>
    <Product>
      <PriceUpdateDate>2017/02/28 13:10</PriceUpdateDate>
      <ItemCode>7290016400687</ItemCode>
      <ItemType>1</ItemType>
      <ItemName>שיפודי ניקל 12יח שווה</ItemName>
      <ManufactureName>ח.כהן סוכנות מזון ומשקאות בע</ManufactureName>
      <ManufactureCountry />
      <ManufactureItemDescription />
      <UnitQty>י"ח</UnitQty>
      <Quantity>12</Quantity>
      <UnitMeasure>י"ח</UnitMeasure>
      <BisWeighted>0</BisWeighted>
      <QtyInPackage>1</QtyInPackage>
      <ItemPrice>19.90</ItemPrice>
      <UnitOfMeasurePrice>1.66</UnitOfMeasurePrice>
      <AllowDiscount>1</AllowDiscount>
      <itemStatus>1</itemStatus>
      <LastUpdateDate />
      <LastUpdateTime />
    </Product>
    <Product>
      <PriceUpdateDate>2017/02/28 18:55</PriceUpdateDate>
      <ItemCode>7290016400694</ItemCode>
      <ItemType>1</ItemType>
      <ItemName>רשת צלייה לכבד משובצת שווה</ItemName>
      <ManufactureName>ח.כהן סוכנות מזון ומשקאות בע</ManufactureName>
      <ManufactureCountry />
      <ManufactureItemDescription />
      <UnitQty>י"ח</UnitQty>
      <Quantity>1</Quantity>
      <UnitMeasure>י"ח</UnitMeasure>
      <BisWeighted>0</BisWeighted>
      <QtyInPackage>1</QtyInPackage>
      <ItemPrice>29.90</ItemPrice>
      <UnitOfMeasurePrice>29.90</UnitOfMeasurePrice>
      <AllowDiscount>1</AllowDiscount>
      <itemStatus>1</itemStatus>
      <LastUpdateDate />
      <LastUpdateTime />
    </Product>
    <Product>
      <PriceUpdateDate>2017/02/28 18:55</PriceUpdateDate>
      <ItemCode>7290016400700</ItemCode>
      <ItemType>1</ItemType>
      <ItemName>רשת צלייה לדג  שווה</ItemName>
      <ManufactureName>ח.כהן סוכנות מזון ומשקאות בע</ManufactureName>
      <ManufactureCountry />
      <ManufactureItemDescription />
      <UnitQty>י"ח</UnitQty>
      <Quantity>1</Quantity>
      <UnitMeasure>י"ח</UnitMeasure>
      <BisWeighted>0</BisWeighted>
      <QtyInPackage>1</QtyInPackage>
      <ItemPrice>25.90</ItemPrice>
      <UnitOfMeasurePrice>25.90</UnitOfMeasurePrice>
      <AllowDiscount>1</AllowDiscount>
      <itemStatus>1</itemStatus>
      <LastUpdateDate />
      <LastUpdateTime />
    </Product>
    <Product>
      <PriceUpdateDate>2017/02/28 13:10</PriceUpdateDate>
      <ItemCode>7290016400717</ItemCode>
      <ItemType>1</ItemType>
      <ItemName>סט 3 חלקים איכותי למנגל שווה</ItemName>
      <ManufactureName>ח.כהן סוכנות מזון ומשקאות בע</ManufactureName>
      <ManufactureCountry />
      <ManufactureItemDescription />
      <UnitQty>י"ח</UnitQty>
      <Quantity>1</Quantity>
      <UnitMeasure>י"ח</UnitMeasure>
      <BisWeighted>0</BisWeighted>
      <QtyInPackage>1</QtyInPackage>
      <ItemPrice>40.90</ItemPrice>
      <UnitOfMeasurePrice>40.90</UnitOfMeasurePrice>
      <AllowDiscount>1</AllowDiscount>
      <itemStatus>1</itemStatus>
      <LastUpdateDate />
      <LastUpdateTime />
    </Product>
    <Product>
      <PriceUpdateDate>2017/02/28 13:10</PriceUpdateDate>
      <ItemCode>7290016400724</ItemCode>
      <ItemType>1</ItemType>
      <ItemName>שיפודים עבים במיוחד 50יח שווה</ItemName>
      <ManufactureName>ח.כהן סוכנות מזון ומשקאות בע</ManufactureName>
      <ManufactureCountry />
      <ManufactureItemDescription />
      <UnitQty>י"ח</UnitQty>
      <Quantity>70</Quantity>
      <UnitMeasure>י"ח</UnitMeasure>
      <BisWeighted>0</BisWeighted>
      <QtyInPackage>1</QtyInPackage>
      <ItemPrice>2.90</ItemPrice>
      <UnitOfMeasurePrice>0.04</UnitOfMeasurePrice>
      <AllowDiscount>1</AllowDiscount>
      <itemStatus>1</itemStatus>
      <LastUpdateDate />
      <LastUpdateTime />
    </Product>
    <Product>
      <PriceUpdateDate>2017/02/28 18:55</PriceUpdateDate>
      <ItemCode>7290016400748</ItemCode>
      <ItemType>1</ItemType>
      <ItemName>רשת למנגל פח שווה</ItemName>
      <ManufactureName>ח.כהן סוכנות מזון ומשקאות בע</ManufactureName>
      <ManufactureCountry />
      <ManufactureItemDescription />
      <UnitQty>י"ח</UnitQty>
      <Quantity>1</Quantity>
      <UnitMeasure>י"ח</UnitMeasure>
      <BisWeighted>0</BisWeighted>
      <QtyInPackage>1</QtyInPackage>
      <ItemPrice>9</ItemPrice>
      <UnitOfMeasurePrice>9</UnitOfMeasurePrice>
      <AllowDiscount>1</AllowDiscount>
      <itemStatus>1</itemStatus>
      <LastUpdateDate />
      <LastUpdateTime />
    </Product>
    <Product>
      <PriceUpdateDate>2017/07/30 08:19</PriceUpdateDate>
      <ItemCode>7290016400779</ItemCode>
      <ItemType>1</ItemType>
      <ItemName>שיפודי נירוסטה 6יח</ItemName>
      <ManufactureName>ח.כהן סוכנות מזון ומשקאות בע</ManufactureName>
      <ManufactureCountry />
      <ManufactureItemDescription />
      <UnitQty>י"ח</UnitQty>
      <Quantity>6</Quantity>
      <UnitMeasure>י"ח</UnitMeasure>
      <BisWeighted>0</BisWeighted>
      <QtyInPackage>1</QtyInPackage>
      <ItemPrice>19.90</ItemPrice>
      <UnitOfMeasurePrice>3.32</UnitOfMeasurePrice>
      <AllowDiscount>1</AllowDiscount>
      <itemStatus>1</itemStatus>
      <LastUpdateDate />
      <LastUpdateTime />
    </Product>
    <Product>
      <PriceUpdateDate>2017/07/30 08:19</PriceUpdateDate>
      <ItemCode>7290016400786</ItemCode>
      <ItemType>1</ItemType>
      <ItemName>מברשת ניקוי מנגל 3פעולות</ItemName>
      <ManufactureName>ח.כהן סוכנות מזון ומשקאות בע</ManufactureName>
      <ManufactureCountry />
      <ManufactureItemDescription />
      <UnitQty>י"ח</UnitQty>
      <Quantity>70</Quantity>
      <UnitMeasure>י"ח</UnitMeasure>
      <BisWeighted>0</BisWeighted>
      <QtyInPackage>1</QtyInPackage>
      <ItemPrice>19.90</ItemPrice>
      <UnitOfMeasurePrice>0.28</UnitOfMeasurePrice>
      <AllowDiscount>1</AllowDiscount>
      <itemStatus>1</itemStatus>
      <LastUpdateDate />
      <LastUpdateTime />
    </Product>
    <Product>
      <PriceUpdateDate>2017/05/15 09:31</PriceUpdateDate>
      <ItemCode>7290016400809</ItemCode>
      <ItemType>1</ItemType>
      <ItemName>מפיות נייר כהה 100יח שווה</ItemName>
      <ManufactureName>ח.כהן סוכנות מזון ומשקאות בע</ManufactureName>
      <ManufactureCountry />
      <ManufactureItemDescription />
      <UnitQty>י"ח</UnitQty>
      <Quantity>100</Quantity>
      <UnitMeasure>י"ח</UnitMeasure>
      <BisWeighted>0</BisWeighted>
      <QtyInPackage>1</QtyInPackage>
      <ItemPrice>4.90</ItemPrice>
      <UnitOfMeasurePrice>0.05</UnitOfMeasurePrice>
      <AllowDiscount>1</AllowDiscount>
      <itemStatus>1</itemStatus>
      <LastUpdateDate />
      <LastUpdateTime />
    </Product>
    <Product>
      <PriceUpdateDate>2017/06/29 10:59</PriceUpdateDate>
      <ItemCode>7290016400960</ItemCode>
      <ItemType>1</ItemType>
      <ItemName>מפת פלאנל ח"פ אטומה לנוזלים שווה</ItemName>
      <ManufactureName>ח.כהן סוכנות מזון ומשקאות בע</ManufactureName>
      <ManufactureCountry />
      <ManufactureItemDescription />
      <UnitQty>י"ח</UnitQty>
      <Quantity>1</Quantity>
      <UnitMeasure />
      <BisWeighted>0</BisWeighted>
      <QtyInPackage>1</QtyInPackage>
      <ItemPrice>6.90</ItemPrice>
      <UnitOfMeasurePrice>6.90</UnitOfMeasurePrice>
      <AllowDiscount>1</AllowDiscount>
      <itemStatus>1</itemStatus>
      <LastUpdateDate />
      <LastUpdateTime />
    </Product>
    <Product>
      <PriceUpdateDate>2017/06/29 10:59</PriceUpdateDate>
      <ItemCode>7290016400977</ItemCode>
      <ItemType>1</ItemType>
      <ItemName>מפת פלאנל עם ראנר אטומה לנוזלים שווה</ItemName>
      <ManufactureName>ח.כהן סוכנות מזון ומשקאות בע</ManufactureName>
      <ManufactureCountry />
      <ManufactureItemDescription />
      <UnitQty>י"ח</UnitQty>
      <Quantity>1</Quantity>
      <UnitMeasure />
      <BisWeighted>0</BisWeighted>
      <QtyInPackage>1</QtyInPackage>
      <ItemPrice>7.90</ItemPrice>
      <UnitOfMeasurePrice>7.90</UnitOfMeasurePrice>
      <AllowDiscount>1</AllowDiscount>
      <itemStatus>1</itemStatus>
      <LastUpdateDate />
      <LastUpdateTime />
    </Product>
    <Product>
      <PriceUpdateDate>2017/05/15 09:31</PriceUpdateDate>
      <ItemCode>7290016400984</ItemCode>
      <ItemType>1</ItemType>
      <ItemName>קינוחיות לב+מכסה 12יח  "שווה"</ItemName>
      <ManufactureName>ח.כהן סוכנות מזון ומשקאות בע</ManufactureName>
      <ManufactureCountry />
      <ManufactureItemDescription />
      <UnitQty>י"ח</UnitQty>
      <Quantity>12</Quantity>
      <UnitMeasure>י"ח</UnitMeasure>
      <BisWeighted>0</BisWeighted>
      <QtyInPackage>1</QtyInPackage>
      <ItemPrice>8.90</ItemPrice>
      <UnitOfMeasurePrice>0.74</UnitOfMeasurePrice>
      <AllowDiscount>1</AllowDiscount>
      <itemStatus>1</itemStatus>
      <LastUpdateDate />
      <LastUpdateTime />
    </Product>
    <Product>
      <PriceUpdateDate>2017/05/15 09:31</PriceUpdateDate>
      <ItemCode>7290016400991</ItemCode>
      <ItemType>1</ItemType>
      <ItemName>קינוחיות קונכיה מלבנית 20יח  "שווה"</ItemName>
      <ManufactureName>ח.כהן סוכנות מזון ומשקאות בע</ManufactureName>
      <ManufactureCountry />
      <ManufactureItemDescription />
      <UnitQty>י"ח</UnitQty>
      <Quantity>20</Quantity>
      <UnitMeasure>י"ח</UnitMeasure>
      <BisWeighted>0</BisWeighted>
      <QtyInPackage>1</QtyInPackage>
      <ItemPrice>9.90</ItemPrice>
      <UnitOfMeasurePrice>0.50</UnitOfMeasurePrice>
      <AllowDiscount>1</AllowDiscount>
      <itemStatus>1</itemStatus>
      <LastUpdateDate />
      <LastUpdateTime />
    </Product>
    <Product>
      <PriceUpdateDate>2017/05/15 09:31</PriceUpdateDate>
      <ItemCode>7290016401240</ItemCode>
      <ItemType>1</ItemType>
      <ItemName>נוזל קוקוס 400מ"ל 5-7% שווה</ItemName>
      <ManufactureName>ח.כהן סוכנות מזון ומשקאות בע</ManufactureName>
      <ManufactureCountry />
      <ManufactureItemDescription />
      <UnitQty>י"ח</UnitQty>
      <Quantity>400</Quantity>
      <UnitMeasure>ל  מ"ל</UnitMeasure>
      <BisWeighted>0</BisWeighted>
      <QtyInPackage>1</QtyInPackage>
      <ItemPrice>4.90</ItemPrice>
      <UnitOfMeasurePrice>1.23</UnitOfMeasurePrice>
      <AllowDiscount>1</AllowDiscount>
      <itemStatus>1</itemStatus>
      <LastUpdateDate />
      <LastUpdateTime />
    </Product>
    <Product>
      <PriceUpdateDate>2019/02/07 09:14</PriceUpdateDate>
      <ItemCode>7290016401257</ItemCode>
      <ItemType>1</ItemType>
      <ItemName>קרם קוקוס 400מ"ל 21-22% שווה</ItemName>
      <ManufactureName>ח.כהן סוכנות מזון ומשקאות בע</ManufactureName>
      <ManufactureCountry />
      <ManufactureItemDescription />
      <UnitQty>י"ח</UnitQty>
      <Quantity>400</Quantity>
      <UnitMeasure>ל  מ"ל</UnitMeasure>
      <BisWeighted>0</BisWeighted>
      <QtyInPackage>1</QtyInPackage>
      <ItemPrice>6.90</ItemPrice>
      <UnitOfMeasurePrice>1.73</UnitOfMeasurePrice>
      <AllowDiscount>1</AllowDiscount>
      <itemStatus>1</itemStatus>
      <LastUpdateDate />
      <LastUpdateTime />
    </Product>
    <Product>
      <PriceUpdateDate>2017/09/25 11:03</PriceUpdateDate>
      <ItemCode>7290016401714</ItemCode>
      <ItemType>1</ItemType>
      <ItemName>קש שחור עבה 125יח שווה</ItemName>
      <ManufactureName>ח.כהן סוכנות מזון ומשקאות בע</ManufactureName>
      <ManufactureCountry />
      <ManufactureItemDescription />
      <UnitQty>י"ח</UnitQty>
      <Quantity>125</Quantity>
      <UnitMeasure>י"ח</UnitMeasure>
      <BisWeighted>0</BisWeighted>
      <QtyInPackage>1</QtyInPackage>
      <ItemPrice>5.90</ItemPrice>
      <UnitOfMeasurePrice>0.05</UnitOfMeasurePrice>
      <AllowDiscount>1</AllowDiscount>
      <itemStatus>1</itemStatus>
      <LastUpdateDate />
      <LastUpdateTime />
    </Product>
    <Product>
      <PriceUpdateDate>2017/07/30 08:19</PriceUpdateDate>
      <ItemCode>7290016401769</ItemCode>
      <ItemType>1</ItemType>
      <ItemName>רשת למנגל ארוך שווה</ItemName>
      <ManufactureName>ח.כהן סוכנות מזון ומשקאות בע</ManufactureName>
      <ManufactureCountry />
      <ManufactureItemDescription />
      <UnitQty>י"ח</UnitQty>
      <Quantity>1</Quantity>
      <UnitMeasure>י"ח</UnitMeasure>
      <BisWeighted>0</BisWeighted>
      <QtyInPackage>1</QtyInPackage>
      <ItemPrice>22.90</ItemPrice>
      <UnitOfMeasurePrice>22.90</UnitOfMeasurePrice>
      <AllowDiscount>1</AllowDiscount>
      <itemStatus>1</itemStatus>
      <LastUpdateDate />
      <LastUpdateTime />
    </Product>
    <Product>
      <PriceUpdateDate>2017/09/25 11:03</PriceUpdateDate>
      <ItemCode>7290016401806</ItemCode>
      <ItemType>1</ItemType>
      <ItemName>תבניות לחלה עבות במיוחד 4* שווה</ItemName>
      <ManufactureName>ח.כהן סוכנות מזון ומשקאות בע</ManufactureName>
      <ManufactureCountry />
      <ManufactureItemDescription />
      <UnitQty>י"ח</UnitQty>
      <Quantity>4</Quantity>
      <UnitMeasure>י"ח</UnitMeasure>
      <BisWeighted>0</BisWeighted>
      <QtyInPackage>1</QtyInPackage>
      <ItemPrice>8.90</ItemPrice>
      <UnitOfMeasurePrice>2.23</UnitOfMeasurePrice>
      <AllowDiscount>1</AllowDiscount>
      <itemStatus>1</itemStatus>
      <LastUpdateDate />
      <LastUpdateTime />
    </Product>
    <Product>
      <PriceUpdateDate>2017/09/25 11:03</PriceUpdateDate>
      <ItemCode>7290016401813</ItemCode>
      <ItemType>1</ItemType>
      <ItemName>תבניות מאפינס עבות במיוחד 7* שווה</ItemName>
      <ManufactureName>ח.כהן סוכנות מזון ומשקאות בע</ManufactureName>
      <ManufactureCountry />
      <ManufactureItemDescription />
      <UnitQty>י"ח</UnitQty>
      <Quantity>7</Quantity>
      <UnitMeasure>י"ח</UnitMeasure>
      <BisWeighted>0</BisWeighted>
      <QtyInPackage>1</QtyInPackage>
      <ItemPrice>8.90</ItemPrice>
      <UnitOfMeasurePrice>1.27</UnitOfMeasurePrice>
      <AllowDiscount>1</AllowDiscount>
      <itemStatus>1</itemStatus>
      <LastUpdateDate />
      <LastUpdateTime />
    </Product>
    <Product>
      <PriceUpdateDate>2017/09/25 11:03</PriceUpdateDate>
      <ItemCode>7290016401820</ItemCode>
      <ItemType>1</ItemType>
      <ItemName>תבניות רוסטר עבות במיוחד 4* שווה</ItemName>
      <ManufactureName>ח.כהן סוכנות מזון ומשקאות בע</ManufactureName>
      <ManufactureCountry />
      <ManufactureItemDescription />
      <UnitQty>י"ח</UnitQty>
      <Quantity>4</Quantity>
      <UnitMeasure>י"ח</UnitMeasure>
      <BisWeighted>0</BisWeighted>
      <QtyInPackage>1</QtyInPackage>
      <ItemPrice>8.90</ItemPrice>
      <UnitOfMeasurePrice>2.23</UnitOfMeasurePrice>
      <AllowDiscount>1</AllowDiscount>
      <itemStatus>1</itemStatus>
      <LastUpdateDate />
      <LastUpdateTime />
    </Product>
    <Product>
      <PriceUpdateDate>2017/09/25 11:03</PriceUpdateDate>
      <ItemCode>7290016401837</ItemCode>
      <ItemType>1</ItemType>
      <ItemName>תבניות שטוחות עבות במיוחד 2* שוו</ItemName>
      <ManufactureName>ח.כהן סוכנות מזון ומשקאות בע</ManufactureName>
      <ManufactureCountry />
      <ManufactureItemDescription />
      <UnitQty>י"ח</UnitQty>
      <Quantity>2</Quantity>
      <UnitMeasure>י"ח</UnitMeasure>
      <BisWeighted>0</BisWeighted>
      <QtyInPackage>1</QtyInPackage>
      <ItemPrice>8.90</ItemPrice>
      <UnitOfMeasurePrice>4.45</UnitOfMeasurePrice>
      <AllowDiscount>1</AllowDiscount>
      <itemStatus>1</itemStatus>
      <LastUpdateDate />
      <LastUpdateTime />
    </Product>
    <Product>
      <PriceUpdateDate>2017/09/25 11:03</PriceUpdateDate>
      <ItemCode>7290016401844</ItemCode>
      <ItemType>1</ItemType>
      <ItemName>תבניות רוסטר גדול עבות במיוחד 2* שוו</ItemName>
      <ManufactureName>ח.כהן סוכנות מזון ומשקאות בע</ManufactureName>
      <ManufactureCountry />
      <ManufactureItemDescription />
      <UnitQty>י"ח</UnitQty>
      <Quantity>2</Quantity>
      <UnitMeasure>י"ח</UnitMeasure>
      <BisWeighted>0</BisWeighted>
      <QtyInPackage>1</QtyInPackage>
      <ItemPrice>8.90</ItemPrice>
      <UnitOfMeasurePrice>4.45</UnitOfMeasurePrice>
      <AllowDiscount>1</AllowDiscount>
      <itemStatus>1</itemStatus>
      <LastUpdateDate />
      <LastUpdateTime />
    </Product>
    <Product>
      <PriceUpdateDate>2017/09/25 11:03</PriceUpdateDate>
      <ItemCode>7290016401851</ItemCode>
      <ItemType>1</ItemType>
      <ItemName>תבניות אובן עבות במיוחד 4* שווה</ItemName>
      <ManufactureName>ח.כהן סוכנות מזון ומשקאות בע</ManufactureName>
      <ManufactureCountry />
      <ManufactureItemDescription />
      <UnitQty>י"ח</UnitQty>
      <Quantity>4</Quantity>
      <UnitMeasure>י"ח</UnitMeasure>
      <BisWeighted>0</BisWeighted>
      <QtyInPackage>1</QtyInPackage>
      <ItemPrice>8.90</ItemPrice>
      <UnitOfMeasurePrice>2.23</UnitOfMeasurePrice>
      <AllowDiscount>1</AllowDiscount>
      <itemStatus>1</itemStatus>
      <LastUpdateDate />
      <LastUpdateTime />
    </Product>
    <Product>
      <PriceUpdateDate>2017/09/25 11:03</PriceUpdateDate>
      <ItemCode>7290016401868</ItemCode>
      <ItemType>1</ItemType>
      <ItemName>תבניות עמוקות עבות במיוחד 3* שווה</ItemName>
      <ManufactureName>ח.כהן סוכנות מזון ומשקאות בע</ManufactureName>
      <ManufactureCountry />
      <ManufactureItemDescription />
      <UnitQty>י"ח</UnitQty>
      <Quantity>7</Quantity>
      <UnitMeasure>י"ח</UnitMeasure>
      <BisWeighted>0</BisWeighted>
      <QtyInPackage>1</QtyInPackage>
      <ItemPrice>8.90</ItemPrice>
      <UnitOfMeasurePrice>1.27</UnitOfMeasurePrice>
      <AllowDiscount>1</AllowDiscount>
      <itemStatus>1</itemStatus>
      <LastUpdateDate />
      <LastUpdateTime />
    </Product>
    <Product>
      <PriceUpdateDate>2017/09/25 11:03</PriceUpdateDate>
      <ItemCode>7290016401875</ItemCode>
      <ItemType>1</ItemType>
      <ItemName>תבניות רוסטר ביבוני עבות במיוחד 3* שווה</ItemName>
      <ManufactureName>ח.כהן סוכנות מזון ומשקאות בע</ManufactureName>
      <ManufactureCountry />
      <ManufactureItemDescription />
      <UnitQty>י"ח</UnitQty>
      <Quantity>3</Quantity>
      <UnitMeasure>י"ח</UnitMeasure>
      <BisWeighted>0</BisWeighted>
      <QtyInPackage>1</QtyInPackage>
      <ItemPrice>8.90</ItemPrice>
      <UnitOfMeasurePrice>2.97</UnitOfMeasurePrice>
      <AllowDiscount>1</AllowDiscount>
      <itemStatus>1</itemStatus>
      <LastUpdateDate />
      <LastUpdateTime />
    </Product>
    <Product>
      <PriceUpdateDate>2017/09/25 11:03</PriceUpdateDate>
      <ItemCode>7290016401936</ItemCode>
      <ItemType>1</ItemType>
      <ItemName>שקיות אוכל גליל 200יח שווה</ItemName>
      <ManufactureName>ח.כהן סוכנות מזון ומשקאות בע</ManufactureName>
      <ManufactureCountry />
      <ManufactureItemDescription />
      <UnitQty>י"ח</UnitQty>
      <Quantity>200</Quantity>
      <UnitMeasure>י"ח</UnitMeasure>
      <BisWeighted>0</BisWeighted>
      <QtyInPackage>1</QtyInPackage>
      <ItemPrice>4.90</ItemPrice>
      <UnitOfMeasurePrice>0.02</UnitOfMeasurePrice>
      <AllowDiscount>1</AllowDiscount>
      <itemStatus>1</itemStatus>
      <LastUpdateDate />
      <LastUpdateTime />
    </Product>
    <Product>
      <PriceUpdateDate>2018/03/14 11:48</PriceUpdateDate>
      <ItemCode>7290016401943</ItemCode>
      <ItemType>1</ItemType>
      <ItemName>קינוחיות כוס קטנה עם ידית  שווה</ItemName>
      <ManufactureName>ח.כהן סוכנות מזון ומשקאות בע</ManufactureName>
      <ManufactureCountry />
      <ManufactureItemDescription />
      <UnitQty>י"ח</UnitQty>
      <Quantity>12</Quantity>
      <UnitMeasure>י"ח</UnitMeasure>
      <BisWeighted>0</BisWeighted>
      <QtyInPackage>1</QtyInPackage>
      <ItemPrice>8.90</ItemPrice>
      <UnitOfMeasurePrice>0.74</UnitOfMeasurePrice>
      <AllowDiscount>1</AllowDiscount>
      <itemStatus>1</itemStatus>
      <LastUpdateDate />
      <LastUpdateTime />
    </Product>
    <Product>
      <PriceUpdateDate>2017/09/25 11:03</PriceUpdateDate>
      <ItemCode>7290016401950</ItemCode>
      <ItemType>1</ItemType>
      <ItemName>קינוחיות שמש 12יח שווה</ItemName>
      <ManufactureName>ח.כהן סוכנות מזון ומשקאות בע</ManufactureName>
      <ManufactureCountry />
      <ManufactureItemDescription />
      <UnitQty>י"ח</UnitQty>
      <Quantity>12</Quantity>
      <UnitMeasure>י"ח</UnitMeasure>
      <BisWeighted>0</BisWeighted>
      <QtyInPackage>1</QtyInPackage>
      <ItemPrice>9.90</ItemPrice>
      <UnitOfMeasurePrice>0.83</UnitOfMeasurePrice>
      <AllowDiscount>1</AllowDiscount>
      <itemStatus>1</itemStatus>
      <LastUpdateDate />
      <LastUpdateTime />
    </Product>
    <Product>
      <PriceUpdateDate>2017/09/25 11:03</PriceUpdateDate>
      <ItemCode>7290016401967</ItemCode>
      <ItemType>1</ItemType>
      <ItemName>קינוחיות גביעים 12יח שווה</ItemName>
      <ManufactureName>ח.כהן סוכנות מזון ומשקאות בע</ManufactureName>
      <ManufactureCountry />
      <ManufactureItemDescription />
      <UnitQty>י"ח</UnitQty>
      <Quantity>12</Quantity>
      <UnitMeasure>י"ח</UnitMeasure>
      <BisWeighted>0</BisWeighted>
      <QtyInPackage>1</QtyInPackage>
      <ItemPrice>9.90</ItemPrice>
      <UnitOfMeasurePrice>0.83</UnitOfMeasurePrice>
      <AllowDiscount>1</AllowDiscount>
      <itemStatus>1</itemStatus>
      <LastUpdateDate />
      <LastUpdateTime />
    </Product>
    <Product>
      <PriceUpdateDate>2017/02/08 10:00</PriceUpdateDate>
      <ItemCode>7290016408287</ItemCode>
      <ItemType>1</ItemType>
      <ItemName>מיקסים שוקולד חלב קורנ. ודבש 55גר</ItemName>
      <ManufactureName>כרמית תעשיות ממתקים בעמ</ManufactureName>
      <ManufactureCountry />
      <ManufactureItemDescription />
      <UnitQty>י"ח</UnitQty>
      <Quantity>55</Quantity>
      <UnitMeasure>ל  גרם</UnitMeasure>
      <BisWeighted>0</BisWeighted>
      <QtyInPackage>1</QtyInPackage>
      <ItemPrice>3.90</ItemPrice>
      <UnitOfMeasurePrice>7.09</UnitOfMeasurePrice>
      <AllowDiscount>1</AllowDiscount>
      <itemStatus>1</itemStatus>
      <LastUpdateDate />
      <LastUpdateTime />
    </Product>
    <Product>
      <PriceUpdateDate>2017/02/08 10:00</PriceUpdateDate>
      <ItemCode>7290016408324</ItemCode>
      <ItemType>1</ItemType>
      <ItemName>אגו משפחתי לבן במילוי שקדים 130גר</ItemName>
      <ManufactureName>כרמית תעשיות ממתקים בעמ</ManufactureName>
      <ManufactureCountry />
      <ManufactureItemDescription />
      <UnitQty>י"ח</UnitQty>
      <Quantity>130</Quantity>
      <UnitMeasure>ל  גרם</UnitMeasure>
      <BisWeighted>0</BisWeighted>
      <QtyInPackage>1</QtyInPackage>
      <ItemPrice>6.90</ItemPrice>
      <UnitOfMeasurePrice>5.31</UnitOfMeasurePrice>
      <AllowDiscount>1</AllowDiscount>
      <itemStatus>1</itemStatus>
      <LastUpdateDate />
      <LastUpdateTime />
    </Product>
    <Product>
      <PriceUpdateDate>2017/02/08 10:00</PriceUpdateDate>
      <ItemCode>7290016408331</ItemCode>
      <ItemType>1</ItemType>
      <ItemName>אגו משפחתי לבן במילוי קוקוס 130גר</ItemName>
      <ManufactureName>כרמית תעשיות ממתקים בעמ</ManufactureName>
      <ManufactureCountry />
      <ManufactureItemDescription />
      <UnitQty>י"ח</UnitQty>
      <Quantity>130</Quantity>
      <UnitMeasure>ל  גרם</UnitMeasure>
      <BisWeighted>0</BisWeighted>
      <QtyInPackage>1</QtyInPackage>
      <ItemPrice>6.90</ItemPrice>
      <UnitOfMeasurePrice>5.31</UnitOfMeasurePrice>
      <AllowDiscount>1</AllowDiscount>
      <itemStatus>1</itemStatus>
      <LastUpdateDate />
      <LastUpdateTime />
    </Product>
    <Product>
      <PriceUpdateDate>2017/03/14 08:26</PriceUpdateDate>
      <ItemCode>7290016408560</ItemCode>
      <ItemType>1</ItemType>
      <ItemName>מיקסים שוקולד לבן וקוקוס  55גר</ItemName>
      <ManufactureName>כרמית תעשיות ממתקים בעמ</ManufactureName>
      <ManufactureCountry />
      <ManufactureItemDescription />
      <UnitQty>י"ח</UnitQty>
      <Quantity>55</Quantity>
      <UnitMeasure>ל  גרם</UnitMeasure>
      <BisWeighted>0</BisWeighted>
      <QtyInPackage>1</QtyInPackage>
      <ItemPrice>3.90</ItemPrice>
      <UnitOfMeasurePrice>7.09</UnitOfMeasurePrice>
      <AllowDiscount>1</AllowDiscount>
      <itemStatus>1</itemStatus>
      <LastUpdateDate />
      <LastUpdateTime />
    </Product>
    <Product>
      <PriceUpdateDate>2017/08/07 09:15</PriceUpdateDate>
      <ItemCode>7290016408720</ItemCode>
      <ItemType>1</ItemType>
      <ItemName>מיקסים בייגלה מצופה שוקולד לבן 55ג</ItemName>
      <ManufactureName>כרמית תעשיות ממתקים בעמ</ManufactureName>
      <ManufactureCountry />
      <ManufactureItemDescription />
      <UnitQty>י"ח</UnitQty>
      <Quantity>55</Quantity>
      <UnitMeasure>ל  גרם</UnitMeasure>
      <BisWeighted>0</BisWeighted>
      <QtyInPackage>1</QtyInPackage>
      <ItemPrice>3.90</ItemPrice>
      <UnitOfMeasurePrice>7.09</UnitOfMeasurePrice>
      <AllowDiscount>1</AllowDiscount>
      <itemStatus>1</itemStatus>
      <LastUpdateDate />
      <LastUpdateTime />
    </Product>
    <Product>
      <PriceUpdateDate>2017/02/14 09:53</PriceUpdateDate>
      <ItemCode>7290016509212</ItemCode>
      <ItemType>1</ItemType>
      <ItemName>סוד גיל כביסה 2.7 ליטר</ItemName>
      <ManufactureName>גורי שיווק בעמ</ManufactureName>
      <ManufactureCountry />
      <ManufactureItemDescription />
      <UnitQty>י"ח</UnitQty>
      <Quantity>2.70</Quantity>
      <UnitMeasure>ליטר</UnitMeasure>
      <BisWeighted>0</BisWeighted>
      <QtyInPackage>1</QtyInPackage>
      <ItemPrice>21.90</ItemPrice>
      <UnitOfMeasurePrice>8.11</UnitOfMeasurePrice>
      <AllowDiscount>1</AllowDiscount>
      <itemStatus>1</itemStatus>
      <LastUpdateDate />
      <LastUpdateTime />
    </Product>
    <Product>
      <PriceUpdateDate>2017/02/14 09:53</PriceUpdateDate>
      <ItemCode>7290016509229</ItemCode>
      <ItemType>1</ItemType>
      <ItemName>סוד גיל כביסה לבנדר 2.7 ליטר</ItemName>
      <ManufactureName>גורי שיווק בעמ</ManufactureName>
      <ManufactureCountry />
      <ManufactureItemDescription />
      <UnitQty>י"ח</UnitQty>
      <Quantity>2.70</Quantity>
      <UnitMeasure>ליטר</UnitMeasure>
      <BisWeighted>0</BisWeighted>
      <QtyInPackage>1</QtyInPackage>
      <ItemPrice>21.90</ItemPrice>
      <UnitOfMeasurePrice>8.11</UnitOfMeasurePrice>
      <AllowDiscount>1</AllowDiscount>
      <itemStatus>1</itemStatus>
      <LastUpdateDate />
      <LastUpdateTime />
    </Product>
    <Product>
      <PriceUpdateDate>2017/07/17 08:30</PriceUpdateDate>
      <ItemCode>7290016509342</ItemCode>
      <ItemType>1</ItemType>
      <ItemName>סוד סבון לאסלה כחול 1/3</ItemName>
      <ManufactureName>גורי שיווק בעמ</ManufactureName>
      <ManufactureCountry />
      <ManufactureItemDescription />
      <UnitQty>י"ח</UnitQty>
      <Quantity>3</Quantity>
      <UnitMeasure>י"ח</UnitMeasure>
      <BisWeighted>0</BisWeighted>
      <QtyInPackage>1</QtyInPackage>
      <ItemPrice>19.90</ItemPrice>
      <UnitOfMeasurePrice>6.63</UnitOfMeasurePrice>
      <AllowDiscount>1</AllowDiscount>
      <itemStatus>1</itemStatus>
      <LastUpdateDate />
      <LastUpdateTime />
    </Product>
    <Product>
      <PriceUpdateDate>2017/08/07 09:15</PriceUpdateDate>
      <ItemCode>7290016509502</ItemCode>
      <ItemType>1</ItemType>
      <ItemName>סוד גיל כביסה Total כחול 4.5ליטר</ItemName>
      <ManufactureName>גורי שיווק בעמ</ManufactureName>
      <ManufactureCountry />
      <ManufactureItemDescription />
      <UnitQty>י"ח</UnitQty>
      <Quantity>4.50</Quantity>
      <UnitMeasure>ליטר</UnitMeasure>
      <BisWeighted>0</BisWeighted>
      <QtyInPackage>1</QtyInPackage>
      <ItemPrice>31.90</ItemPrice>
      <UnitOfMeasurePrice>7.09</UnitOfMeasurePrice>
      <AllowDiscount>1</AllowDiscount>
      <itemStatus>1</itemStatus>
      <LastUpdateDate />
      <LastUpdateTime />
    </Product>
    <Product>
      <PriceUpdateDate>2017/08/07 09:15</PriceUpdateDate>
      <ItemCode>7290016509564</ItemCode>
      <ItemType>1</ItemType>
      <ItemName>סוד גיל כביסה ביבי2.7 ליטר</ItemName>
      <ManufactureName>גורי שיווק בעמ</ManufactureName>
      <ManufactureCountry />
      <ManufactureItemDescription />
      <UnitQty>י"ח</UnitQty>
      <Quantity>2.70</Quantity>
      <UnitMeasure>ליטר</UnitMeasure>
      <BisWeighted>0</BisWeighted>
      <QtyInPackage>1</QtyInPackage>
      <ItemPrice>21.90</ItemPrice>
      <UnitOfMeasurePrice>8.11</UnitOfMeasurePrice>
      <AllowDiscount>1</AllowDiscount>
      <itemStatus>1</itemStatus>
      <LastUpdateDate />
      <LastUpdateTime />
    </Product>
    <Product>
      <PriceUpdateDate>2018/08/07 11:23</PriceUpdateDate>
      <ItemCode>7290016509786</ItemCode>
      <ItemType>1</ItemType>
      <ItemName>פרסיל ג ל ירוק  2.5ליטר</ItemName>
      <ManufactureName>גורי שיווק בעמ</ManufactureName>
      <ManufactureCountry />
      <ManufactureItemDescription />
      <UnitQty>י"ח</UnitQty>
      <Quantity>2.50</Quantity>
      <UnitMeasure>ליטר</UnitMeasure>
      <BisWeighted>0</BisWeighted>
      <QtyInPackage>1</QtyInPackage>
      <ItemPrice>33.90</ItemPrice>
      <UnitOfMeasurePrice>13.56</UnitOfMeasurePrice>
      <AllowDiscount>1</AllowDiscount>
      <itemStatus>1</itemStatus>
      <LastUpdateDate />
      <LastUpdateTime />
    </Product>
    <Product>
      <PriceUpdateDate>2018/08/07 11:23</PriceUpdateDate>
      <ItemCode>7290016509809</ItemCode>
      <ItemType>1</ItemType>
      <ItemName>פרסיל ג ל קולור 2.5ליטר</ItemName>
      <ManufactureName>גורי שיווק בעמ</ManufactureName>
      <ManufactureCountry />
      <ManufactureItemDescription />
      <UnitQty>י"ח</UnitQty>
      <Quantity>2.50</Quantity>
      <UnitMeasure>ליטר</UnitMeasure>
      <BisWeighted>0</BisWeighted>
      <QtyInPackage>1</QtyInPackage>
      <ItemPrice>33.90</ItemPrice>
      <UnitOfMeasurePrice>13.56</UnitOfMeasurePrice>
      <AllowDiscount>1</AllowDiscount>
      <itemStatus>1</itemStatus>
      <LastUpdateDate />
      <LastUpdateTime />
    </Product>
    <Product>
      <PriceUpdateDate>2018/06/20 09:04</PriceUpdateDate>
      <ItemCode>7290016509823</ItemCode>
      <ItemType>1</ItemType>
      <ItemName>פרסיל ג ל בלו 2.5ליטר</ItemName>
      <ManufactureName>גורי שיווק בעמ</ManufactureName>
      <ManufactureCountry />
      <ManufactureItemDescription />
      <UnitQty>י"ח</UnitQty>
      <Quantity>2.50</Quantity>
      <UnitMeasure>ליטר</UnitMeasure>
      <BisWeighted>0</BisWeighted>
      <QtyInPackage>1</QtyInPackage>
      <ItemPrice>32.90</ItemPrice>
      <UnitOfMeasurePrice>13.16</UnitOfMeasurePrice>
      <AllowDiscount>1</AllowDiscount>
      <itemStatus>1</itemStatus>
      <LastUpdateDate />
      <LastUpdateTime />
    </Product>
    <Product>
      <PriceUpdateDate>2018/08/07 11:23</PriceUpdateDate>
      <ItemCode>7290016509830</ItemCode>
      <ItemType>1</ItemType>
      <ItemName>פרסיל ג ל בייבי 2.5ליטר</ItemName>
      <ManufactureName>גורי שיווק בעמ</ManufactureName>
      <ManufactureCountry />
      <ManufactureItemDescription />
      <UnitQty>י"ח</UnitQty>
      <Quantity>2.50</Quantity>
      <UnitMeasure>ליטר</UnitMeasure>
      <BisWeighted>0</BisWeighted>
      <QtyInPackage>1</QtyInPackage>
      <ItemPrice>33.90</ItemPrice>
      <UnitOfMeasurePrice>13.56</UnitOfMeasurePrice>
      <AllowDiscount>1</AllowDiscount>
      <itemStatus>1</itemStatus>
      <LastUpdateDate />
      <LastUpdateTime />
    </Product>
    <Product>
      <PriceUpdateDate>2018/10/17 08:04</PriceUpdateDate>
      <ItemCode>7290016509847</ItemCode>
      <ItemType>1</ItemType>
      <ItemName>פרסיל ג ל בלאק 2.5ליטר</ItemName>
      <ManufactureName>גורי שיווק בעמ</ManufactureName>
      <ManufactureCountry />
      <ManufactureItemDescription />
      <UnitQty>י"ח</UnitQty>
      <Quantity>2.50</Quantity>
      <UnitMeasure>ליטר</UnitMeasure>
      <BisWeighted>0</BisWeighted>
      <QtyInPackage>1</QtyInPackage>
      <ItemPrice>33.90</ItemPrice>
      <UnitOfMeasurePrice>13.56</UnitOfMeasurePrice>
      <AllowDiscount>1</AllowDiscount>
      <itemStatus>1</itemStatus>
      <LastUpdateDate />
      <LastUpdateTime />
    </Product>
    <Product>
      <PriceUpdateDate>2018/07/15 15:22</PriceUpdateDate>
      <ItemCode>7290016509922</ItemCode>
      <ItemType>1</ItemType>
      <ItemName>סוד גיל כביסה טוטל ירוק  4.5ליטר</ItemName>
      <ManufactureName>גורי שיווק בעמ</ManufactureName>
      <ManufactureCountry />
      <ManufactureItemDescription />
      <UnitQty>י"ח</UnitQty>
      <Quantity>4.50</Quantity>
      <UnitMeasure>ליטר</UnitMeasure>
      <BisWeighted>0</BisWeighted>
      <QtyInPackage>1</QtyInPackage>
      <ItemPrice>31.90</ItemPrice>
      <UnitOfMeasurePrice>7.09</UnitOfMeasurePrice>
      <AllowDiscount>1</AllowDiscount>
      <itemStatus>1</itemStatus>
      <LastUpdateDate />
      <LastUpdateTime />
    </Product>
    <Product>
      <PriceUpdateDate>2017/04/24 08:16</PriceUpdateDate>
      <ItemCode>7290016510027</ItemCode>
      <ItemType>1</ItemType>
      <ItemName>קרם רחצה הוואי דבש איריס זהוב 750מ"ל</ItemName>
      <ManufactureName>הנקל סוד בעמ</ManufactureName>
      <ManufactureCountry />
      <ManufactureItemDescription />
      <UnitQty>י"ח</UnitQty>
      <Quantity>750</Quantity>
      <UnitMeasure>ל  מ"ל</UnitMeasure>
      <BisWeighted>0</BisWeighted>
      <QtyInPackage>1</QtyInPackage>
      <ItemPrice>10.90</ItemPrice>
      <UnitOfMeasurePrice>1.45</UnitOfMeasurePrice>
      <AllowDiscount>1</AllowDiscount>
      <itemStatus>1</itemStatus>
      <LastUpdateDate />
      <LastUpdateTime />
    </Product>
    <Product>
      <PriceUpdateDate>2018/07/04 08:04</PriceUpdateDate>
      <ItemCode>7290016510225</ItemCode>
      <ItemType>1</ItemType>
      <ItemName>הוואי תחליב רחצה 700 מ"ל וניל דבש</ItemName>
      <ManufactureName>הנקל סוד בעמ</ManufactureName>
      <ManufactureCountry />
      <ManufactureItemDescription />
      <UnitQty>י"ח</UnitQty>
      <Quantity>750</Quantity>
      <UnitMeasure>ל  מ"ל</UnitMeasure>
      <BisWeighted>0</BisWeighted>
      <QtyInPackage>1</QtyInPackage>
      <ItemPrice>10.90</ItemPrice>
      <UnitOfMeasurePrice>1.45</UnitOfMeasurePrice>
      <AllowDiscount>1</AllowDiscount>
      <itemStatus>1</itemStatus>
      <LastUpdateDate />
      <LastUpdateTime />
    </Product>
    <Product>
      <PriceUpdateDate>2018/07/04 08:04</PriceUpdateDate>
      <ItemCode>7290016510232</ItemCode>
      <ItemType>1</ItemType>
      <ItemName>הוואי תחליב רחצה 700 מ"ל יוגורט קוקוס</ItemName>
      <ManufactureName>הנקל סוד בעמ</ManufactureName>
      <ManufactureCountry />
      <ManufactureItemDescription />
      <UnitQty>י"ח</UnitQty>
      <Quantity>750</Quantity>
      <UnitMeasure>ל  מ"ל</UnitMeasure>
      <BisWeighted>0</BisWeighted>
      <QtyInPackage>1</QtyInPackage>
      <ItemPrice>10.90</ItemPrice>
      <UnitOfMeasurePrice>1.45</UnitOfMeasurePrice>
      <AllowDiscount>1</AllowDiscount>
      <itemStatus>1</itemStatus>
      <LastUpdateDate />
      <LastUpdateTime />
    </Product>
    <Product>
      <PriceUpdateDate>2018/07/04 08:04</PriceUpdateDate>
      <ItemCode>7290016510249</ItemCode>
      <ItemType>1</ItemType>
      <ItemName>הוואי תחליב רחצה 700 מ"ל יוגורט שקדים</ItemName>
      <ManufactureName>הנקל סוד בעמ</ManufactureName>
      <ManufactureCountry />
      <ManufactureItemDescription />
      <UnitQty>י"ח</UnitQty>
      <Quantity>750</Quantity>
      <UnitMeasure>ל  מ"ל</UnitMeasure>
      <BisWeighted>0</BisWeighted>
      <QtyInPackage>1</QtyInPackage>
      <ItemPrice>10.90</ItemPrice>
      <UnitOfMeasurePrice>1.45</UnitOfMeasurePrice>
      <AllowDiscount>1</AllowDiscount>
      <itemStatus>1</itemStatus>
      <LastUpdateDate />
      <LastUpdateTime />
    </Product>
    <Product>
      <PriceUpdateDate>2018/07/04 08:04</PriceUpdateDate>
      <ItemCode>7290016510263</ItemCode>
      <ItemType>1</ItemType>
      <ItemName>הוואי תחליב רחצה 700 מ"ל יוקרתי בניחוח ו</ItemName>
      <ManufactureName>הנקל סוד בעמ</ManufactureName>
      <ManufactureCountry />
      <ManufactureItemDescription />
      <UnitQty>י"ח</UnitQty>
      <Quantity>750</Quantity>
      <UnitMeasure>ל  מ"ל</UnitMeasure>
      <BisWeighted>0</BisWeighted>
      <QtyInPackage>1</QtyInPackage>
      <ItemPrice>10.90</ItemPrice>
      <UnitOfMeasurePrice>1.45</UnitOfMeasurePrice>
      <AllowDiscount>1</AllowDiscount>
      <itemStatus>1</itemStatus>
      <LastUpdateDate />
      <LastUpdateTime />
    </Product>
    <Product>
      <PriceUpdateDate>2018/07/04 08:04</PriceUpdateDate>
      <ItemCode>7290016510270</ItemCode>
      <ItemType>1</ItemType>
      <ItemName>הוואי תחליב רחצה 700 מ"ל ורד ורוד ופסיפל</ItemName>
      <ManufactureName>הנקל סוד בעמ</ManufactureName>
      <ManufactureCountry />
      <ManufactureItemDescription />
      <UnitQty>י"ח</UnitQty>
      <Quantity>750</Quantity>
      <UnitMeasure>ל  מ"ל</UnitMeasure>
      <BisWeighted>0</BisWeighted>
      <QtyInPackage>1</QtyInPackage>
      <ItemPrice>10.90</ItemPrice>
      <UnitOfMeasurePrice>1.45</UnitOfMeasurePrice>
      <AllowDiscount>1</AllowDiscount>
      <itemStatus>1</itemStatus>
      <LastUpdateDate />
      <LastUpdateTime />
    </Product>
    <Product>
      <PriceUpdateDate>2018/07/04 08:04</PriceUpdateDate>
      <ItemCode>7290016510287</ItemCode>
      <ItemType>1</ItemType>
      <ItemName>הוואי תחליב רחצה 700 מ"ל קרם דבש</ItemName>
      <ManufactureName>הנקל סוד בעמ</ManufactureName>
      <ManufactureCountry />
      <ManufactureItemDescription />
      <UnitQty>י"ח</UnitQty>
      <Quantity>750</Quantity>
      <UnitMeasure>ל  מ"ל</UnitMeasure>
      <BisWeighted>0</BisWeighted>
      <QtyInPackage>1</QtyInPackage>
      <ItemPrice>10.90</ItemPrice>
      <UnitOfMeasurePrice>1.45</UnitOfMeasurePrice>
      <AllowDiscount>1</AllowDiscount>
      <itemStatus>1</itemStatus>
      <LastUpdateDate />
      <LastUpdateTime />
    </Product>
    <Product>
      <PriceUpdateDate>2018/07/04 08:04</PriceUpdateDate>
      <ItemCode>7290016510294</ItemCode>
      <ItemType>1</ItemType>
      <ItemName>הוואי תחליב רחצה 700 מ"ל חמאת שיאה</ItemName>
      <ManufactureName>הנקל סוד בעמ</ManufactureName>
      <ManufactureCountry />
      <ManufactureItemDescription />
      <UnitQty>י"ח</UnitQty>
      <Quantity>750</Quantity>
      <UnitMeasure>ל  מ"ל</UnitMeasure>
      <BisWeighted>0</BisWeighted>
      <QtyInPackage>1</QtyInPackage>
      <ItemPrice>10.90</ItemPrice>
      <UnitOfMeasurePrice>1.45</UnitOfMeasurePrice>
      <AllowDiscount>1</AllowDiscount>
      <itemStatus>1</itemStatus>
      <LastUpdateDate />
      <LastUpdateTime />
    </Product>
    <Product>
      <PriceUpdateDate>2018/07/04 08:04</PriceUpdateDate>
      <ItemCode>7290016510300</ItemCode>
      <ItemType>1</ItemType>
      <ItemName>הוואי ג`ל רחצה 700 מ"ל מי קוקוס</ItemName>
      <ManufactureName>הנקל סוד בעמ</ManufactureName>
      <ManufactureCountry />
      <ManufactureItemDescription />
      <UnitQty>י"ח</UnitQty>
      <Quantity>750</Quantity>
      <UnitMeasure>ל  מ"ל</UnitMeasure>
      <BisWeighted>0</BisWeighted>
      <QtyInPackage>1</QtyInPackage>
      <ItemPrice>10.90</ItemPrice>
      <UnitOfMeasurePrice>1.45</UnitOfMeasurePrice>
      <AllowDiscount>1</AllowDiscount>
      <itemStatus>1</itemStatus>
      <LastUpdateDate />
      <LastUpdateTime />
    </Product>
    <Product>
      <PriceUpdateDate>2018/07/04 08:04</PriceUpdateDate>
      <ItemCode>7290016510317</ItemCode>
      <ItemType>1</ItemType>
      <ItemName>הוואי תחליב רחצה 700 מ"ל לגבר</ItemName>
      <ManufactureName>הנקל סוד בעמ</ManufactureName>
      <ManufactureCountry />
      <ManufactureItemDescription />
      <UnitQty>י"ח</UnitQty>
      <Quantity>750</Quantity>
      <UnitMeasure>ל  מ"ל</UnitMeasure>
      <BisWeighted>0</BisWeighted>
      <QtyInPackage>1</QtyInPackage>
      <ItemPrice>10.90</ItemPrice>
      <UnitOfMeasurePrice>1.45</UnitOfMeasurePrice>
      <AllowDiscount>1</AllowDiscount>
      <itemStatus>1</itemStatus>
      <LastUpdateDate />
      <LastUpdateTime />
    </Product>
    <Product>
      <PriceUpdateDate>2018/07/04 08:04</PriceUpdateDate>
      <ItemCode>7290016510324</ItemCode>
      <ItemType>1</ItemType>
      <ItemName>הוואי תחליב רחצה 700 מ"ל לגבר</ItemName>
      <ManufactureName>הנקל סוד בעמ</ManufactureName>
      <ManufactureCountry />
      <ManufactureItemDescription />
      <UnitQty>י"ח</UnitQty>
      <Quantity>750</Quantity>
      <UnitMeasure>ל  מ"ל</UnitMeasure>
      <BisWeighted>0</BisWeighted>
      <QtyInPackage>1</QtyInPackage>
      <ItemPrice>10.90</ItemPrice>
      <UnitOfMeasurePrice>1.45</UnitOfMeasurePrice>
      <AllowDiscount>1</AllowDiscount>
      <itemStatus>1</itemStatus>
      <LastUpdateDate />
      <LastUpdateTime />
    </Product>
    <Product>
      <PriceUpdateDate>2020/02/18 07:58</PriceUpdateDate>
      <ItemCode>7290016510331</ItemCode>
      <ItemType>1</ItemType>
      <ItemName>ת.רחצה  הוואי לבנות 700</ItemName>
      <ManufactureName>הנקל סוד בעמ</ManufactureName>
      <ManufactureCountry />
      <ManufactureItemDescription />
      <UnitQty>י"ח</UnitQty>
      <Quantity>700</Quantity>
      <UnitMeasure>ל  מ"ל</UnitMeasure>
      <BisWeighted>0</BisWeighted>
      <QtyInPackage>1</QtyInPackage>
      <ItemPrice>12.90</ItemPrice>
      <UnitOfMeasurePrice>1.84</UnitOfMeasurePrice>
      <AllowDiscount>1</AllowDiscount>
      <itemStatus>1</itemStatus>
      <LastUpdateDate />
      <LastUpdateTime />
    </Product>
    <Product>
      <PriceUpdateDate>2020/02/18 07:58</PriceUpdateDate>
      <ItemCode>7290016510348</ItemCode>
      <ItemType>1</ItemType>
      <ItemName>ת.רחצה  הוואי לבנים  700 מ"ל</ItemName>
      <ManufactureName>הנקל סוד בעמ</ManufactureName>
      <ManufactureCountry />
      <ManufactureItemDescription />
      <UnitQty>י"ח</UnitQty>
      <Quantity>700</Quantity>
      <UnitMeasure>ל  מ"ל</UnitMeasure>
      <BisWeighted>0</BisWeighted>
      <QtyInPackage>1</QtyInPackage>
      <ItemPrice>12.90</ItemPrice>
      <UnitOfMeasurePrice>1.84</UnitOfMeasurePrice>
      <AllowDiscount>1</AllowDiscount>
      <itemStatus>1</itemStatus>
      <LastUpdateDate />
      <LastUpdateTime />
    </Product>
    <Product>
      <PriceUpdateDate>2018/07/04 08:04</PriceUpdateDate>
      <ItemCode>7290016510409</ItemCode>
      <ItemType>1</ItemType>
      <ItemName>הוואי תחליב רחצה 700 מ"ל אבטיח</ItemName>
      <ManufactureName>הנקל סוד בעמ</ManufactureName>
      <ManufactureCountry />
      <ManufactureItemDescription />
      <UnitQty>י"ח</UnitQty>
      <Quantity>750</Quantity>
      <UnitMeasure>ל  מ"ל</UnitMeasure>
      <BisWeighted>0</BisWeighted>
      <QtyInPackage>1</QtyInPackage>
      <ItemPrice>10.90</ItemPrice>
      <UnitOfMeasurePrice>1.45</UnitOfMeasurePrice>
      <AllowDiscount>1</AllowDiscount>
      <itemStatus>1</itemStatus>
      <LastUpdateDate />
      <LastUpdateTime />
    </Product>
    <Product>
      <PriceUpdateDate>2018/07/04 08:04</PriceUpdateDate>
      <ItemCode>7290016510430</ItemCode>
      <ItemType>1</ItemType>
      <ItemName>הוואי תחליב רחצה 700 מ"ל מגנוליה עם שמן</ItemName>
      <ManufactureName>הנקל סוד בעמ</ManufactureName>
      <ManufactureCountry />
      <ManufactureItemDescription />
      <UnitQty>י"ח</UnitQty>
      <Quantity>750</Quantity>
      <UnitMeasure>ל  מ"ל</UnitMeasure>
      <BisWeighted>0</BisWeighted>
      <QtyInPackage>1</QtyInPackage>
      <ItemPrice>10.90</ItemPrice>
      <UnitOfMeasurePrice>1.45</UnitOfMeasurePrice>
      <AllowDiscount>1</AllowDiscount>
      <itemStatus>1</itemStatus>
      <LastUpdateDate />
      <LastUpdateTime />
    </Product>
    <Product>
      <PriceUpdateDate>2018/10/08 07:48</PriceUpdateDate>
      <ItemCode>7290016510683</ItemCode>
      <ItemType>1</ItemType>
      <ItemName>הוואי סבון נוזלי לידיים 1ליטר</ItemName>
      <ManufactureName>הנקל סוד בעמ</ManufactureName>
      <ManufactureCountry />
      <ManufactureItemDescription />
      <UnitQty>י"ח</UnitQty>
      <Quantity>1</Quantity>
      <UnitMeasure>ליטר</UnitMeasure>
      <BisWeighted>0</BisWeighted>
      <QtyInPackage>1</QtyInPackage>
      <ItemPrice>9.90</ItemPrice>
      <UnitOfMeasurePrice>9.90</UnitOfMeasurePrice>
      <AllowDiscount>1</AllowDiscount>
      <itemStatus>1</itemStatus>
      <LastUpdateDate />
      <LastUpdateTime />
    </Product>
    <Product>
      <PriceUpdateDate>2019/01/31 09:52</PriceUpdateDate>
      <ItemCode>7290016510768</ItemCode>
      <ItemType>1</ItemType>
      <ItemName>הוואי תחליב רחצה 700 מ"ל יוגורט אוכמניות</ItemName>
      <ManufactureName>הנקל סוד בעמ</ManufactureName>
      <ManufactureCountry />
      <ManufactureItemDescription />
      <UnitQty>י"ח</UnitQty>
      <Quantity>750</Quantity>
      <UnitMeasure>ל  מ"ל</UnitMeasure>
      <BisWeighted>0</BisWeighted>
      <QtyInPackage>1</QtyInPackage>
      <ItemPrice>10.90</ItemPrice>
      <UnitOfMeasurePrice>1.45</UnitOfMeasurePrice>
      <AllowDiscount>1</AllowDiscount>
      <itemStatus>1</itemStatus>
      <LastUpdateDate />
      <LastUpdateTime />
    </Product>
    <Product>
      <PriceUpdateDate>2019/02/05 08:52</PriceUpdateDate>
      <ItemCode>7290016510775</ItemCode>
      <ItemType>1</ItemType>
      <ItemName>הוואי תחליב רחצה 700 מ"ל שמימיים</ItemName>
      <ManufactureName>הנקל סוד בעמ</ManufactureName>
      <ManufactureCountry />
      <ManufactureItemDescription />
      <UnitQty>י"ח</UnitQty>
      <Quantity>750</Quantity>
      <UnitMeasure>ל  מ"ל</UnitMeasure>
      <BisWeighted>0</BisWeighted>
      <QtyInPackage>1</QtyInPackage>
      <ItemPrice>10.90</ItemPrice>
      <UnitOfMeasurePrice>1.45</UnitOfMeasurePrice>
      <AllowDiscount>1</AllowDiscount>
      <itemStatus>1</itemStatus>
      <LastUpdateDate />
      <LastUpdateTime />
    </Product>
    <Product>
      <PriceUpdateDate>2019/03/25 10:10</PriceUpdateDate>
      <ItemCode>7290016523447</ItemCode>
      <ItemType>1</ItemType>
      <ItemName>אטריות ביצים 300 גרם</ItemName>
      <ManufactureName>מזרח ומערב יבוא ושיווק</ManufactureName>
      <ManufactureCountry />
      <ManufactureItemDescription />
      <UnitQty>י"ח</UnitQty>
      <Quantity>300</Quantity>
      <UnitMeasure>ל  גרם</UnitMeasure>
      <BisWeighted>0</BisWeighted>
      <QtyInPackage>1</QtyInPackage>
      <ItemPrice>5.90</ItemPrice>
      <UnitOfMeasurePrice>1.97</UnitOfMeasurePrice>
      <AllowDiscount>1</AllowDiscount>
      <itemStatus>1</itemStatus>
      <LastUpdateDate />
      <LastUpdateTime />
    </Product>
    <Product>
      <PriceUpdateDate>2017/06/11 09:15</PriceUpdateDate>
      <ItemCode>7290016621341</ItemCode>
      <ItemType>1</ItemType>
      <ItemName>אל סבון נוזלי לידיים קמיל 1ליטר</ItemName>
      <ManufactureName>פישר תעשיות פרמבצטיות בעמ</ManufactureName>
      <ManufactureCountry />
      <ManufactureItemDescription />
      <UnitQty>י"ח</UnitQty>
      <Quantity>1</Quantity>
      <UnitMeasure>ליטר</UnitMeasure>
      <BisWeighted>0</BisWeighted>
      <QtyInPackage>1</QtyInPackage>
      <ItemPrice>14.90</ItemPrice>
      <UnitOfMeasurePrice>14.90</UnitOfMeasurePrice>
      <AllowDiscount>1</AllowDiscount>
      <itemStatus>1</itemStatus>
      <LastUpdateDate />
      <LastUpdateTime />
    </Product>
    <Product>
      <PriceUpdateDate>2017/06/11 09:15</PriceUpdateDate>
      <ItemCode>7290016621358</ItemCode>
      <ItemType>1</ItemType>
      <ItemName>אל סבון נוזלי לידיים קמיל 1ליטר</ItemName>
      <ManufactureName>פישר תעשיות פרמבצטיות בעמ</ManufactureName>
      <ManufactureCountry />
      <ManufactureItemDescription />
      <UnitQty>י"ח</UnitQty>
      <Quantity>1</Quantity>
      <UnitMeasure>ליטר</UnitMeasure>
      <BisWeighted>0</BisWeighted>
      <QtyInPackage>1</QtyInPackage>
      <ItemPrice>14.90</ItemPrice>
      <UnitOfMeasurePrice>14.90</UnitOfMeasurePrice>
      <AllowDiscount>1</AllowDiscount>
      <itemStatus>1</itemStatus>
      <LastUpdateDate />
      <LastUpdateTime />
    </Product>
    <Product>
      <PriceUpdateDate>2017/06/11 09:15</PriceUpdateDate>
      <ItemCode>7290016621365</ItemCode>
      <ItemType>1</ItemType>
      <ItemName>אל סבון נוזלי לידיים קמיל 1ליטר</ItemName>
      <ManufactureName>פישר תעשיות פרמבצטיות בעמ</ManufactureName>
      <ManufactureCountry />
      <ManufactureItemDescription />
      <UnitQty>י"ח</UnitQty>
      <Quantity>1</Quantity>
      <UnitMeasure>ליטר</UnitMeasure>
      <BisWeighted>0</BisWeighted>
      <QtyInPackage>1</QtyInPackage>
      <ItemPrice>14.90</ItemPrice>
      <UnitOfMeasurePrice>14.90</UnitOfMeasurePrice>
      <AllowDiscount>1</AllowDiscount>
      <itemStatus>1</itemStatus>
      <LastUpdateDate />
      <LastUpdateTime />
    </Product>
    <Product>
      <PriceUpdateDate>2016/10/10 07:10</PriceUpdateDate>
      <ItemCode>7290016682007</ItemCode>
      <ItemType>1</ItemType>
      <ItemName>מיץ הירוק קלאסי 330מ"ל סחוט 100%</ItemName>
      <ManufactureName>תנובה בעמ ***</ManufactureName>
      <ManufactureCountry />
      <ManufactureItemDescription />
      <UnitQty>י"ח</UnitQty>
      <Quantity>330</Quantity>
      <UnitMeasure>ל  מ"ל</UnitMeasure>
      <BisWeighted>0</BisWeighted>
      <QtyInPackage>1</QtyInPackage>
      <ItemPrice>17.20</ItemPrice>
      <UnitOfMeasurePrice>5.12</UnitOfMeasurePrice>
      <AllowDiscount>1</AllowDiscount>
      <itemStatus>1</itemStatus>
      <LastUpdateDate />
      <LastUpdateTime />
    </Product>
    <Product>
      <PriceUpdateDate>2016/10/10 07:10</PriceUpdateDate>
      <ItemCode>7290016682014</ItemCode>
      <ItemType>1</ItemType>
      <ItemName>מיץ הירוק נבטים 330מ"ל סחוט 100%</ItemName>
      <ManufactureName>תנובה בעמ ***</ManufactureName>
      <ManufactureCountry />
      <ManufactureItemDescription />
      <UnitQty>י"ח</UnitQty>
      <Quantity>330</Quantity>
      <UnitMeasure>ל  מ"ל</UnitMeasure>
      <BisWeighted>0</BisWeighted>
      <QtyInPackage>1</QtyInPackage>
      <ItemPrice>17.20</ItemPrice>
      <UnitOfMeasurePrice>5.12</UnitOfMeasurePrice>
      <AllowDiscount>1</AllowDiscount>
      <itemStatus>1</itemStatus>
      <LastUpdateDate />
      <LastUpdateTime />
    </Product>
    <Product>
      <PriceUpdateDate>2016/10/10 07:10</PriceUpdateDate>
      <ItemCode>7290016682021</ItemCode>
      <ItemType>1</ItemType>
      <ItemName>מיץ הירוק עשב חיטה  330מ"ל סחוט 100%</ItemName>
      <ManufactureName>תנובה בעמ ***</ManufactureName>
      <ManufactureCountry />
      <ManufactureItemDescription />
      <UnitQty>י"ח</UnitQty>
      <Quantity>330</Quantity>
      <UnitMeasure>ל  מ"ל</UnitMeasure>
      <BisWeighted>0</BisWeighted>
      <QtyInPackage>1</QtyInPackage>
      <ItemPrice>17.20</ItemPrice>
      <UnitOfMeasurePrice>5.12</UnitOfMeasurePrice>
      <AllowDiscount>1</AllowDiscount>
      <itemStatus>1</itemStatus>
      <LastUpdateDate />
      <LastUpdateTime />
    </Product>
    <Product>
      <PriceUpdateDate>2018/08/26 13:56</PriceUpdateDate>
      <ItemCode>7290016693140</ItemCode>
      <ItemType>1</ItemType>
      <ItemName>יין וירטואזו שרדונה</ItemName>
      <ManufactureName>יקבי ארזה ת.ר.זבעמ</ManufactureName>
      <ManufactureCountry />
      <ManufactureItemDescription />
      <UnitQty>י"ח</UnitQty>
      <Quantity>750</Quantity>
      <UnitMeasure>ל  מ"ל</UnitMeasure>
      <BisWeighted>0</BisWeighted>
      <QtyInPackage>1</QtyInPackage>
      <ItemPrice>49.90</ItemPrice>
      <UnitOfMeasurePrice>6.61</UnitOfMeasurePrice>
      <AllowDiscount>1</AllowDiscount>
      <itemStatus>1</itemStatus>
      <LastUpdateDate />
      <LastUpdateTime />
    </Product>
    <Product>
      <PriceUpdateDate>2018/11/08 09:44</PriceUpdateDate>
      <ItemCode>7290016693171</ItemCode>
      <ItemType>1</ItemType>
      <ItemName>יין וירטואוזו רוזה</ItemName>
      <ManufactureName>יקבי ארזה ת.ר.זבעמ</ManufactureName>
      <ManufactureCountry />
      <ManufactureItemDescription />
      <UnitQty>י"ח</UnitQty>
      <Quantity>750</Quantity>
      <UnitMeasure>ל  מ"ל</UnitMeasure>
      <BisWeighted>0</BisWeighted>
      <QtyInPackage>1</QtyInPackage>
      <ItemPrice>49.90</ItemPrice>
      <UnitOfMeasurePrice>6.61</UnitOfMeasurePrice>
      <AllowDiscount>1</AllowDiscount>
      <itemStatus>1</itemStatus>
      <LastUpdateDate />
      <LastUpdateTime />
    </Product>
    <Product>
      <PriceUpdateDate>2018/03/11 09:07</PriceUpdateDate>
      <ItemCode>7290016693294</ItemCode>
      <ItemType>1</ItemType>
      <ItemName>יין בראשית רוזה</ItemName>
      <ManufactureName>יקבי ארזה ת.ר.זבעמ</ManufactureName>
      <ManufactureCountry />
      <ManufactureItemDescription />
      <UnitQty>י"ח</UnitQty>
      <Quantity>750</Quantity>
      <UnitMeasure>ל  מ"ל</UnitMeasure>
      <BisWeighted>0</BisWeighted>
      <QtyInPackage>1</QtyInPackage>
      <ItemPrice>39.90</ItemPrice>
      <UnitOfMeasurePrice>5.28</UnitOfMeasurePrice>
      <AllowDiscount>1</AllowDiscount>
      <itemStatus>1</itemStatus>
      <LastUpdateDate />
      <LastUpdateTime />
    </Product>
    <Product>
      <PriceUpdateDate>2018/02/06 10:15</PriceUpdateDate>
      <ItemCode>7290016693300</ItemCode>
      <ItemType>1</ItemType>
      <ItemName>יין בראשית שרדונה</ItemName>
      <ManufactureName>יקבי ארזה ת.ר.זבעמ</ManufactureName>
      <ManufactureCountry />
      <ManufactureItemDescription />
      <UnitQty>י"ח</UnitQty>
      <Quantity>750</Quantity>
      <UnitMeasure>ל  מ"ל</UnitMeasure>
      <BisWeighted>0</BisWeighted>
      <QtyInPackage>1</QtyInPackage>
      <ItemPrice>39.90</ItemPrice>
      <UnitOfMeasurePrice>5.28</UnitOfMeasurePrice>
      <AllowDiscount>1</AllowDiscount>
      <itemStatus>1</itemStatus>
      <LastUpdateDate />
      <LastUpdateTime />
    </Product>
    <Product>
      <PriceUpdateDate>2019/03/07 08:31</PriceUpdateDate>
      <ItemCode>7290016717044</ItemCode>
      <ItemType>1</ItemType>
      <ItemName>סלקטד לבן יאנג  BUZZ מנגו</ItemName>
      <ManufactureName>אגודת הכורמים -כרמל מזרחי</ManufactureName>
      <ManufactureCountry />
      <ManufactureItemDescription />
      <UnitQty>י"ח</UnitQty>
      <Quantity>750</Quantity>
      <UnitMeasure>ל  מ"ל</UnitMeasure>
      <BisWeighted>0</BisWeighted>
      <QtyInPackage>1</QtyInPackage>
      <ItemPrice>27</ItemPrice>
      <UnitOfMeasurePrice>3.56</UnitOfMeasurePrice>
      <AllowDiscount>1</AllowDiscount>
      <itemStatus>1</itemStatus>
      <LastUpdateDate />
      <LastUpdateTime />
    </Product>
    <Product>
      <PriceUpdateDate>2019/08/18 11:59</PriceUpdateDate>
      <ItemCode>7290016717051</ItemCode>
      <ItemType>1</ItemType>
      <ItemName>סלקטד יאנג  BUZZ מוסקטו רימון</ItemName>
      <ManufactureName>אגודת הכורמים -כרמל מזרחי</ManufactureName>
      <ManufactureCountry />
      <ManufactureItemDescription />
      <UnitQty>י"ח</UnitQty>
      <Quantity>750</Quantity>
      <UnitMeasure>ל  מ"ל</UnitMeasure>
      <BisWeighted>0</BisWeighted>
      <QtyInPackage>1</QtyInPackage>
      <ItemPrice>27</ItemPrice>
      <UnitOfMeasurePrice>3.56</UnitOfMeasurePrice>
      <AllowDiscount>1</AllowDiscount>
      <itemStatus>1</itemStatus>
      <LastUpdateDate />
      <LastUpdateTime />
    </Product>
    <Product>
      <PriceUpdateDate>2016/12/20 14:52</PriceUpdateDate>
      <ItemCode>7290016717082</ItemCode>
      <ItemType>1</ItemType>
      <ItemName>סלקטד ים תיכוני לבן 750מ"ל</ItemName>
      <ManufactureName>אגודת הכורמים -כרמל מזרחי</ManufactureName>
      <ManufactureCountry />
      <ManufactureItemDescription />
      <UnitQty>י"ח</UnitQty>
      <Quantity>750</Quantity>
      <UnitMeasure>ל  מ"ל</UnitMeasure>
      <BisWeighted>0</BisWeighted>
      <QtyInPackage>1</QtyInPackage>
      <ItemPrice>27</ItemPrice>
      <UnitOfMeasurePrice>3.56</UnitOfMeasurePrice>
      <AllowDiscount>1</AllowDiscount>
      <itemStatus>1</itemStatus>
      <LastUpdateDate />
      <LastUpdateTime />
    </Product>
    <Product>
      <PriceUpdateDate>2016/12/20 14:52</PriceUpdateDate>
      <ItemCode>7290016717099</ItemCode>
      <ItemType>1</ItemType>
      <ItemName>סלקטד אדום חצי יבש   0.75 ל</ItemName>
      <ManufactureName>אגודת הכורמים -כרמל מזרחי</ManufactureName>
      <ManufactureCountry />
      <ManufactureItemDescription />
      <UnitQty>י"ח</UnitQty>
      <Quantity>750</Quantity>
      <UnitMeasure>ל  מ"ל</UnitMeasure>
      <BisWeighted>0</BisWeighted>
      <QtyInPackage>1</QtyInPackage>
      <ItemPrice>27</ItemPrice>
      <UnitOfMeasurePrice>3.56</UnitOfMeasurePrice>
      <AllowDiscount>1</AllowDiscount>
      <itemStatus>1</itemStatus>
      <LastUpdateDate />
      <LastUpdateTime />
    </Product>
    <Product>
      <PriceUpdateDate>2016/12/20 14:52</PriceUpdateDate>
      <ItemCode>7290016717105</ItemCode>
      <ItemType>1</ItemType>
      <ItemName>סלקטד ים תיכוני אדום 750מ"ל</ItemName>
      <ManufactureName>אגודת הכורמים -כרמל מזרחי</ManufactureName>
      <ManufactureCountry />
      <ManufactureItemDescription />
      <UnitQty>י"ח</UnitQty>
      <Quantity>750</Quantity>
      <UnitMeasure>ל  מ"ל</UnitMeasure>
      <BisWeighted>0</BisWeighted>
      <QtyInPackage>1</QtyInPackage>
      <ItemPrice>27</ItemPrice>
      <UnitOfMeasurePrice>3.56</UnitOfMeasurePrice>
      <AllowDiscount>1</AllowDiscount>
      <itemStatus>1</itemStatus>
      <LastUpdateDate />
      <LastUpdateTime />
    </Product>
    <Product>
      <PriceUpdateDate>2018/12/26 08:29</PriceUpdateDate>
      <ItemCode>7290016717515</ItemCode>
      <ItemType>1</ItemType>
      <ItemName>יין ספארקלינג פירות יער BUZZ</ItemName>
      <ManufactureName>אגודת הכורמים -כרמל מזרחי</ManufactureName>
      <ManufactureCountry />
      <ManufactureItemDescription />
      <UnitQty>י"ח</UnitQty>
      <Quantity>750</Quantity>
      <UnitMeasure>ל  מ"ל</UnitMeasure>
      <BisWeighted>0</BisWeighted>
      <QtyInPackage>1</QtyInPackage>
      <ItemPrice>27</ItemPrice>
      <UnitOfMeasurePrice>3.56</UnitOfMeasurePrice>
      <AllowDiscount>1</AllowDiscount>
      <itemStatus>1</itemStatus>
      <LastUpdateDate />
      <LastUpdateTime />
    </Product>
    <Product>
      <PriceUpdateDate>2018/12/05 10:41</PriceUpdateDate>
      <ItemCode>7290016717525</ItemCode>
      <ItemType>1</ItemType>
      <ItemName>יין ספארקלינג BUZ פירות יער</ItemName>
      <ManufactureName>אגודת הכורמים -כרמל מזרחי</ManufactureName>
      <ManufactureCountry />
      <ManufactureItemDescription />
      <UnitQty>י"ח</UnitQty>
      <Quantity>750</Quantity>
      <UnitMeasure>ל  מ"ל</UnitMeasure>
      <BisWeighted>0</BisWeighted>
      <QtyInPackage>1</QtyInPackage>
      <ItemPrice>27</ItemPrice>
      <UnitOfMeasurePrice>3.56</UnitOfMeasurePrice>
      <AllowDiscount>1</AllowDiscount>
      <itemStatus>1</itemStatus>
      <LastUpdateDate />
      <LastUpdateTime />
    </Product>
    <Product>
      <PriceUpdateDate>2018/01/26 08:08</PriceUpdateDate>
      <ItemCode>7290016717631</ItemCode>
      <ItemType>1</ItemType>
      <ItemName>מוסקט  PC</ItemName>
      <ManufactureName>אגודת הכורמים -כרמל מזרחי</ManufactureName>
      <ManufactureCountry />
      <ManufactureItemDescription />
      <UnitQty>י"ח</UnitQty>
      <Quantity>500</Quantity>
      <UnitMeasure>ל  מ"ל</UnitMeasure>
      <BisWeighted>0</BisWeighted>
      <QtyInPackage>1</QtyInPackage>
      <ItemPrice>36.90</ItemPrice>
      <UnitOfMeasurePrice>7.32</UnitOfMeasurePrice>
      <AllowDiscount>1</AllowDiscount>
      <itemStatus>1</itemStatus>
      <LastUpdateDate />
      <LastUpdateTime />
    </Product>
    <Product>
      <PriceUpdateDate>2018/06/06 13:53</PriceUpdateDate>
      <ItemCode>7290016717754</ItemCode>
      <ItemType>1</ItemType>
      <ItemName>יין ישן נושן  750מ"ל</ItemName>
      <ManufactureName>אגודת הכורמים -כרמל מזרחי</ManufactureName>
      <ManufactureCountry />
      <ManufactureItemDescription />
      <UnitQty>י"ח</UnitQty>
      <Quantity>750</Quantity>
      <UnitMeasure>ל  מ"ל</UnitMeasure>
      <BisWeighted>0</BisWeighted>
      <QtyInPackage>1</QtyInPackage>
      <ItemPrice>20.90</ItemPrice>
      <UnitOfMeasurePrice>2.75</UnitOfMeasurePrice>
      <AllowDiscount>1</AllowDiscount>
      <itemStatus>1</itemStatus>
      <LastUpdateDate />
      <LastUpdateTime />
    </Product>
    <Product>
      <PriceUpdateDate>2018/04/09 10:21</PriceUpdateDate>
      <ItemCode>7290016717808</ItemCode>
      <ItemType>1</ItemType>
      <ItemName>סלקטד קברנה  סובניון מרלו 750מ"ל</ItemName>
      <ManufactureName>אגודת הכורמים -כרמל מזרחי</ManufactureName>
      <ManufactureCountry />
      <ManufactureItemDescription />
      <UnitQty>י"ח</UnitQty>
      <Quantity>750</Quantity>
      <UnitMeasure>ל  מ"ל</UnitMeasure>
      <BisWeighted>0</BisWeighted>
      <QtyInPackage>1</QtyInPackage>
      <ItemPrice>27</ItemPrice>
      <UnitOfMeasurePrice>3.56</UnitOfMeasurePrice>
      <AllowDiscount>1</AllowDiscount>
      <itemStatus>1</itemStatus>
      <LastUpdateDate />
      <LastUpdateTime />
    </Product>
    <Product>
      <PriceUpdateDate>2018/04/09 10:21</PriceUpdateDate>
      <ItemCode>7290016717815</ItemCode>
      <ItemType>1</ItemType>
      <ItemName>סלקטד אמרלד ריזלינג 0.75 ל</ItemName>
      <ManufactureName>אגודת הכורמים -כרמל מזרחי</ManufactureName>
      <ManufactureCountry />
      <ManufactureItemDescription />
      <UnitQty>י"ח</UnitQty>
      <Quantity>750</Quantity>
      <UnitMeasure>ל  מ"ל</UnitMeasure>
      <BisWeighted>0</BisWeighted>
      <QtyInPackage>1</QtyInPackage>
      <ItemPrice>27</ItemPrice>
      <UnitOfMeasurePrice>3.56</UnitOfMeasurePrice>
      <AllowDiscount>1</AllowDiscount>
      <itemStatus>1</itemStatus>
      <LastUpdateDate />
      <LastUpdateTime />
    </Product>
    <Product>
      <PriceUpdateDate>2020/04/14 07:52</PriceUpdateDate>
      <ItemCode>7290016717976</ItemCode>
      <ItemType>1</ItemType>
      <ItemName>סלקטד לבן יאנג  BUZZ אפרסק</ItemName>
      <ManufactureName>אגודת הכורמים -כרמל מזרחי</ManufactureName>
      <ManufactureCountry />
      <ManufactureItemDescription />
      <UnitQty>י"ח</UnitQty>
      <Quantity>750</Quantity>
      <UnitMeasure>ל  מ"ל</UnitMeasure>
      <BisWeighted>0</BisWeighted>
      <QtyInPackage>1</QtyInPackage>
      <ItemPrice>27</ItemPrice>
      <UnitOfMeasurePrice>3.56</UnitOfMeasurePrice>
      <AllowDiscount>1</AllowDiscount>
      <itemStatus>1</itemStatus>
      <LastUpdateDate />
      <LastUpdateTime />
    </Product>
    <Product>
      <PriceUpdateDate>2017/11/13 08:32</PriceUpdateDate>
      <ItemCode>7290016866476</ItemCode>
      <ItemType>1</ItemType>
      <ItemName>בודי ספריי אדם קלאסיק  150מ"ל</ItemName>
      <ManufactureName>גורי ע.ע.ע. בעמ</ManufactureName>
      <ManufactureCountry />
      <ManufactureItemDescription />
      <UnitQty>י"ח</UnitQty>
      <Quantity>200</Quantity>
      <UnitMeasure>ל  מ"ל</UnitMeasure>
      <BisWeighted>0</BisWeighted>
      <QtyInPackage>1</QtyInPackage>
      <ItemPrice>14.90</ItemPrice>
      <UnitOfMeasurePrice>7.45</UnitOfMeasurePrice>
      <AllowDiscount>1</AllowDiscount>
      <itemStatus>1</itemStatus>
      <LastUpdateDate />
      <LastUpdateTime />
    </Product>
    <Product>
      <PriceUpdateDate>2018/11/20 07:48</PriceUpdateDate>
      <ItemCode>7290016866483</ItemCode>
      <ItemType>1</ItemType>
      <ItemName>בודי ספריי אדם אקסטרים 150מ"ל</ItemName>
      <ManufactureName>גורי ע.ע.ע. בעמ</ManufactureName>
      <ManufactureCountry />
      <ManufactureItemDescription />
      <UnitQty>י"ח</UnitQty>
      <Quantity>150</Quantity>
      <UnitMeasure>ל  מ"ל</UnitMeasure>
      <BisWeighted>0</BisWeighted>
      <QtyInPackage>1</QtyInPackage>
      <ItemPrice>14.90</ItemPrice>
      <UnitOfMeasurePrice>9.93</UnitOfMeasurePrice>
      <AllowDiscount>1</AllowDiscount>
      <itemStatus>1</itemStatus>
      <LastUpdateDate />
      <LastUpdateTime />
    </Product>
    <Product>
      <PriceUpdateDate>2018/06/20 09:04</PriceUpdateDate>
      <ItemCode>7290016866643</ItemCode>
      <ItemType>1</ItemType>
      <ItemName>משחת פרודונטקס פרש  75מ"ל</ItemName>
      <ManufactureName>גורי ע.ע.ע. בעמ</ManufactureName>
      <ManufactureCountry />
      <ManufactureItemDescription />
      <UnitQty>י"ח</UnitQty>
      <Quantity>75</Quantity>
      <UnitMeasure>ל  מ"ל</UnitMeasure>
      <BisWeighted>0</BisWeighted>
      <QtyInPackage>1</QtyInPackage>
      <ItemPrice>28.90</ItemPrice>
      <UnitOfMeasurePrice>38.53</UnitOfMeasurePrice>
      <AllowDiscount>1</AllowDiscount>
      <itemStatus>1</itemStatus>
      <LastUpdateDate />
      <LastUpdateTime />
    </Product>
    <Product>
      <PriceUpdateDate>2018/06/20 09:04</PriceUpdateDate>
      <ItemCode>7290016866650</ItemCode>
      <ItemType>1</ItemType>
      <ItemName>משחת פרודונטקס אוריגינל 75מ"ל</ItemName>
      <ManufactureName>גורי ע.ע.ע. בעמ</ManufactureName>
      <ManufactureCountry />
      <ManufactureItemDescription />
      <UnitQty>י"ח</UnitQty>
      <Quantity>75</Quantity>
      <UnitMeasure>ל  מ"ל</UnitMeasure>
      <BisWeighted>0</BisWeighted>
      <QtyInPackage>1</QtyInPackage>
      <ItemPrice>28.90</ItemPrice>
      <UnitOfMeasurePrice>38.53</UnitOfMeasurePrice>
      <AllowDiscount>1</AllowDiscount>
      <itemStatus>1</itemStatus>
      <LastUpdateDate />
      <LastUpdateTime />
    </Product>
    <Product>
      <PriceUpdateDate>2018/06/20 09:04</PriceUpdateDate>
      <ItemCode>7290016866667</ItemCode>
      <ItemType>1</ItemType>
      <ItemName>משחת פרודונטקס פלאוריד  75מ"ל</ItemName>
      <ManufactureName>גורי ע.ע.ע. בעמ</ManufactureName>
      <ManufactureCountry />
      <ManufactureItemDescription />
      <UnitQty>י"ח</UnitQty>
      <Quantity>75</Quantity>
      <UnitMeasure>ל  מ"ל</UnitMeasure>
      <BisWeighted>0</BisWeighted>
      <QtyInPackage>1</QtyInPackage>
      <ItemPrice>28.90</ItemPrice>
      <UnitOfMeasurePrice>38.53</UnitOfMeasurePrice>
      <AllowDiscount>1</AllowDiscount>
      <itemStatus>1</itemStatus>
      <LastUpdateDate />
      <LastUpdateTime />
    </Product>
    <Product>
      <PriceUpdateDate>2018/06/20 09:04</PriceUpdateDate>
      <ItemCode>7290016866674</ItemCode>
      <ItemType>1</ItemType>
      <ItemName>משחת פרודונטקס מלבינה 75מ"ל</ItemName>
      <ManufactureName>גורי ע.ע.ע. בעמ</ManufactureName>
      <ManufactureCountry />
      <ManufactureItemDescription />
      <UnitQty>י"ח</UnitQty>
      <Quantity>75</Quantity>
      <UnitMeasure>ל  מ"ל</UnitMeasure>
      <BisWeighted>0</BisWeighted>
      <QtyInPackage>1</QtyInPackage>
      <ItemPrice>28.90</ItemPrice>
      <UnitOfMeasurePrice>38.53</UnitOfMeasurePrice>
      <AllowDiscount>1</AllowDiscount>
      <itemStatus>1</itemStatus>
      <LastUpdateDate />
      <LastUpdateTime />
    </Product>
    <Product>
      <PriceUpdateDate>2018/02/18 08:46</PriceUpdateDate>
      <ItemCode>7290016866681</ItemCode>
      <ItemType>1</ItemType>
      <ItemName>מברשת שיניים פרדונטקס סופט   75מ"ל</ItemName>
      <ManufactureName>גורי ע.ע.ע. בעמ</ManufactureName>
      <ManufactureCountry />
      <ManufactureItemDescription />
      <UnitQty>י"ח</UnitQty>
      <Quantity>75</Quantity>
      <UnitMeasure>ל  גרם</UnitMeasure>
      <BisWeighted>0</BisWeighted>
      <QtyInPackage>1</QtyInPackage>
      <ItemPrice>18.90</ItemPrice>
      <UnitOfMeasurePrice>25.20</UnitOfMeasurePrice>
      <AllowDiscount>1</AllowDiscount>
      <itemStatus>1</itemStatus>
      <LastUpdateDate />
      <LastUpdateTime />
    </Product>
    <Product>
      <PriceUpdateDate>2017/10/20 07:39</PriceUpdateDate>
      <ItemCode>7290016866704</ItemCode>
      <ItemType>1</ItemType>
      <ItemName>שמפו סטייל קרטין E750מ"ל</ItemName>
      <ManufactureName>גורי ע.ע.ע. בעמ</ManufactureName>
      <ManufactureCountry />
      <ManufactureItemDescription />
      <UnitQty>י"ח</UnitQty>
      <Quantity>750</Quantity>
      <UnitMeasure>ל  מ"ל</UnitMeasure>
      <BisWeighted>0</BisWeighted>
      <QtyInPackage>1</QtyInPackage>
      <ItemPrice>27.90</ItemPrice>
      <UnitOfMeasurePrice>3.72</UnitOfMeasurePrice>
      <AllowDiscount>1</AllowDiscount>
      <itemStatus>1</itemStatus>
      <LastUpdateDate />
      <LastUpdateTime />
    </Product>
    <Product>
      <PriceUpdateDate>2017/10/20 07:39</PriceUpdateDate>
      <ItemCode>7290016866711</ItemCode>
      <ItemType>1</ItemType>
      <ItemName>מרכך סטייל קרטין E  750מ"ל.</ItemName>
      <ManufactureName>גורי ע.ע.ע. בעמ</ManufactureName>
      <ManufactureCountry />
      <ManufactureItemDescription />
      <UnitQty>י"ח</UnitQty>
      <Quantity>750</Quantity>
      <UnitMeasure>ל  מ"ל</UnitMeasure>
      <BisWeighted>0</BisWeighted>
      <QtyInPackage>1</QtyInPackage>
      <ItemPrice>27.90</ItemPrice>
      <UnitOfMeasurePrice>3.72</UnitOfMeasurePrice>
      <AllowDiscount>1</AllowDiscount>
      <itemStatus>1</itemStatus>
      <LastUpdateDate />
      <LastUpdateTime />
    </Product>
    <Product>
      <PriceUpdateDate>2017/10/20 07:39</PriceUpdateDate>
      <ItemCode>7290016866728</ItemCode>
      <ItemType>1</ItemType>
      <ItemName>מסכה סטייל קרטין E 500מ"ל</ItemName>
      <ManufactureName>גורי ע.ע.ע. בעמ</ManufactureName>
      <ManufactureCountry />
      <ManufactureItemDescription />
      <UnitQty>י"ח</UnitQty>
      <Quantity>500</Quantity>
      <UnitMeasure>ל  מ"ל</UnitMeasure>
      <BisWeighted>0</BisWeighted>
      <QtyInPackage>1</QtyInPackage>
      <ItemPrice>39.90</ItemPrice>
      <UnitOfMeasurePrice>7.98</UnitOfMeasurePrice>
      <AllowDiscount>1</AllowDiscount>
      <itemStatus>1</itemStatus>
      <LastUpdateDate />
      <LastUpdateTime />
    </Product>
    <Product>
      <PriceUpdateDate>2017/10/20 07:39</PriceUpdateDate>
      <ItemCode>7290016866735</ItemCode>
      <ItemType>1</ItemType>
      <ItemName>מסכה סטייל קרטין E 500מ"ל</ItemName>
      <ManufactureName>גורי ע.ע.ע. בעמ</ManufactureName>
      <ManufactureCountry />
      <ManufactureItemDescription />
      <UnitQty>י"ח</UnitQty>
      <Quantity>500</Quantity>
      <UnitMeasure>ל  מ"ל</UnitMeasure>
      <BisWeighted>0</BisWeighted>
      <QtyInPackage>1</QtyInPackage>
      <ItemPrice>27.90</ItemPrice>
      <UnitOfMeasurePrice>5.58</UnitOfMeasurePrice>
      <AllowDiscount>1</AllowDiscount>
      <itemStatus>1</itemStatus>
      <LastUpdateDate />
      <LastUpdateTime />
    </Product>
    <Product>
      <PriceUpdateDate>2017/11/16 08:54</PriceUpdateDate>
      <ItemCode>7290016883176</ItemCode>
      <ItemType>1</ItemType>
      <ItemName>מוזלי פתיתי ש.שועל עם שוקולד מריר 1ק"ג</ItemName>
      <ManufactureName>דין שיווק וקליהבעמ</ManufactureName>
      <ManufactureCountry />
      <ManufactureItemDescription />
      <UnitQty>י"ח</UnitQty>
      <Quantity>0</Quantity>
      <UnitMeasure>ק"ג</UnitMeasure>
      <BisWeighted>0</BisWeighted>
      <QtyInPackage>1</QtyInPackage>
      <ItemPrice>21.90</ItemPrice>
      <UnitOfMeasurePrice>21.90</UnitOfMeasurePrice>
      <AllowDiscount>1</AllowDiscount>
      <itemStatus>1</itemStatus>
      <LastUpdateDate />
      <LastUpdateTime />
    </Product>
    <Product>
      <PriceUpdateDate>2017/11/16 08:54</PriceUpdateDate>
      <ItemCode>7290016883183</ItemCode>
      <ItemType>1</ItemType>
      <ItemName>מוזלי פתיתי ש.שועל עם אגוזים 1ק"ג</ItemName>
      <ManufactureName>דין שיווק וקליהבעמ</ManufactureName>
      <ManufactureCountry />
      <ManufactureItemDescription />
      <UnitQty>י"ח</UnitQty>
      <Quantity>0</Quantity>
      <UnitMeasure>ק"ג</UnitMeasure>
      <BisWeighted>0</BisWeighted>
      <QtyInPackage>1</QtyInPackage>
      <ItemPrice>21.90</ItemPrice>
      <UnitOfMeasurePrice>21.90</UnitOfMeasurePrice>
      <AllowDiscount>1</AllowDiscount>
      <itemStatus>1</itemStatus>
      <LastUpdateDate />
      <LastUpdateTime />
    </Product>
    <Product>
      <PriceUpdateDate>2018/11/06 10:28</PriceUpdateDate>
      <ItemCode>7290017023021</ItemCode>
      <ItemType>1</ItemType>
      <ItemName>תפוזינה בוסט פומלית 1.5 ליטר</ItemName>
      <ManufactureName>יפאורה שותפות מוגבלת לשיווק</ManufactureName>
      <ManufactureCountry />
      <ManufactureItemDescription />
      <UnitQty>י"ח</UnitQty>
      <Quantity>1.50</Quantity>
      <UnitMeasure>ליטר</UnitMeasure>
      <BisWeighted>0</BisWeighted>
      <QtyInPackage>1</QtyInPackage>
      <ItemPrice>6.20</ItemPrice>
      <UnitOfMeasurePrice>4.13</UnitOfMeasurePrice>
      <AllowDiscount>1</AllowDiscount>
      <itemStatus>1</itemStatus>
      <LastUpdateDate />
      <LastUpdateTime />
    </Product>
    <Product>
      <PriceUpdateDate>2018/11/06 10:28</PriceUpdateDate>
      <ItemCode>7290017023120</ItemCode>
      <ItemType>1</ItemType>
      <ItemName>תפוזינה לימונים לייט 1.5ליטר</ItemName>
      <ManufactureName>יפאורה שותפות מוגבלת לשיווק</ManufactureName>
      <ManufactureCountry />
      <ManufactureItemDescription />
      <UnitQty>י"ח</UnitQty>
      <Quantity>1.50</Quantity>
      <UnitMeasure>ליטר</UnitMeasure>
      <BisWeighted>0</BisWeighted>
      <QtyInPackage>1</QtyInPackage>
      <ItemPrice>6.20</ItemPrice>
      <UnitOfMeasurePrice>4.13</UnitOfMeasurePrice>
      <AllowDiscount>1</AllowDiscount>
      <itemStatus>1</itemStatus>
      <LastUpdateDate />
      <LastUpdateTime />
    </Product>
    <Product>
      <PriceUpdateDate>2018/02/22 10:13</PriceUpdateDate>
      <ItemCode>7290017023137</ItemCode>
      <ItemType>1</ItemType>
      <ItemName>פרוט ווטר מלון 1.5 ליטר</ItemName>
      <ManufactureName>יפאורה שותפות מוגבלת לשיווק</ManufactureName>
      <ManufactureCountry />
      <ManufactureItemDescription />
      <UnitQty>י"ח</UnitQty>
      <Quantity>1.50</Quantity>
      <UnitMeasure>ליטר</UnitMeasure>
      <BisWeighted>0</BisWeighted>
      <QtyInPackage>1</QtyInPackage>
      <ItemPrice>6.90</ItemPrice>
      <UnitOfMeasurePrice>4.60</UnitOfMeasurePrice>
      <AllowDiscount>1</AllowDiscount>
      <itemStatus>1</itemStatus>
      <LastUpdateDate />
      <LastUpdateTime />
    </Product>
    <Product>
      <PriceUpdateDate>2018/02/22 10:13</PriceUpdateDate>
      <ItemCode>7290017023212</ItemCode>
      <ItemType>1</ItemType>
      <ItemName>שוופס מוגז תפוח  330מ"ל 1/4</ItemName>
      <ManufactureName>יפאורה שותפות מוגבלת לשיווק</ManufactureName>
      <ManufactureCountry />
      <ManufactureItemDescription />
      <UnitQty>י"ח</UnitQty>
      <Quantity>1.32</Quantity>
      <UnitMeasure>ליטר</UnitMeasure>
      <BisWeighted>0</BisWeighted>
      <QtyInPackage>1</QtyInPackage>
      <ItemPrice>13.10</ItemPrice>
      <UnitOfMeasurePrice>9.02</UnitOfMeasurePrice>
      <AllowDiscount>1</AllowDiscount>
      <itemStatus>1</itemStatus>
      <LastUpdateDate />
      <LastUpdateTime />
    </Product>
    <Product>
      <PriceUpdateDate>2018/02/22 10:13</PriceUpdateDate>
      <ItemCode>7290017023229</ItemCode>
      <ItemType>1</ItemType>
      <ItemName>שוופס מוגז תות ליים  330מ"ל 1/4</ItemName>
      <ManufactureName>יפאורה שותפות מוגבלת לשיווק</ManufactureName>
      <ManufactureCountry />
      <ManufactureItemDescription />
      <UnitQty>י"ח</UnitQty>
      <Quantity>1.32</Quantity>
      <UnitMeasure>ליטר</UnitMeasure>
      <BisWeighted>0</BisWeighted>
      <QtyInPackage>1</QtyInPackage>
      <ItemPrice>13.10</ItemPrice>
      <UnitOfMeasurePrice>9.02</UnitOfMeasurePrice>
      <AllowDiscount>1</AllowDiscount>
      <itemStatus>1</itemStatus>
      <LastUpdateDate />
      <LastUpdateTime />
    </Product>
    <Product>
      <PriceUpdateDate>2018/02/22 10:13</PriceUpdateDate>
      <ItemCode>7290017023236</ItemCode>
      <ItemType>1</ItemType>
      <ItemName>שוופס מוגז ענב  330מ"ל 1/4</ItemName>
      <ManufactureName>יפאורה שותפות מוגבלת לשיווק</ManufactureName>
      <ManufactureCountry />
      <ManufactureItemDescription />
      <UnitQty>י"ח</UnitQty>
      <Quantity>1.32</Quantity>
      <UnitMeasure>ליטר</UnitMeasure>
      <BisWeighted>0</BisWeighted>
      <QtyInPackage>1</QtyInPackage>
      <ItemPrice>13.10</ItemPrice>
      <UnitOfMeasurePrice>9.02</UnitOfMeasurePrice>
      <AllowDiscount>1</AllowDiscount>
      <itemStatus>1</itemStatus>
      <LastUpdateDate />
      <LastUpdateTime />
    </Product>
    <Product>
      <PriceUpdateDate>2018/11/06 10:28</PriceUpdateDate>
      <ItemCode>7290017023243</ItemCode>
      <ItemType>1</ItemType>
      <ItemName>תפוזינה נקטרינה משמש  1.5 ליטר</ItemName>
      <ManufactureName>יפאורה שותפות מוגבלת לשיווק</ManufactureName>
      <ManufactureCountry />
      <ManufactureItemDescription />
      <UnitQty>י"ח</UnitQty>
      <Quantity>1.50</Quantity>
      <UnitMeasure>ליטר</UnitMeasure>
      <BisWeighted>0</BisWeighted>
      <QtyInPackage>1</QtyInPackage>
      <ItemPrice>6.20</ItemPrice>
      <UnitOfMeasurePrice>4.13</UnitOfMeasurePrice>
      <AllowDiscount>1</AllowDiscount>
      <itemStatus>1</itemStatus>
      <LastUpdateDate />
      <LastUpdateTime />
    </Product>
    <Product>
      <PriceUpdateDate>2018/11/06 10:28</PriceUpdateDate>
      <ItemCode>7290017023250</ItemCode>
      <ItemType>1</ItemType>
      <ItemName>תפוזינה מלון נענע</ItemName>
      <ManufactureName>יפאורה שותפות מוגבלת לשיווק</ManufactureName>
      <ManufactureCountry />
      <ManufactureItemDescription />
      <UnitQty>י"ח</UnitQty>
      <Quantity>1.50</Quantity>
      <UnitMeasure>ליטר</UnitMeasure>
      <BisWeighted>0</BisWeighted>
      <QtyInPackage>1</QtyInPackage>
      <ItemPrice>6.20</ItemPrice>
      <UnitOfMeasurePrice>4.13</UnitOfMeasurePrice>
      <AllowDiscount>1</AllowDiscount>
      <itemStatus>1</itemStatus>
      <LastUpdateDate />
      <LastUpdateTime />
    </Product>
    <Product>
      <PriceUpdateDate>2018/05/21 08:02</PriceUpdateDate>
      <ItemCode>7290017023298</ItemCode>
      <ItemType>1</ItemType>
      <ItemName>מארז פרוט ווטר 0.5ל טעם אננס 1/4</ItemName>
      <ManufactureName>יפאורה שותפות מוגבלת לשיווק</ManufactureName>
      <ManufactureCountry />
      <ManufactureItemDescription />
      <UnitQty>י"ח</UnitQty>
      <Quantity>2</Quantity>
      <UnitMeasure>ליטר</UnitMeasure>
      <BisWeighted>0</BisWeighted>
      <QtyInPackage>1</QtyInPackage>
      <ItemPrice>20.10</ItemPrice>
      <UnitOfMeasurePrice>9.45</UnitOfMeasurePrice>
      <AllowDiscount>1</AllowDiscount>
      <itemStatus>1</itemStatus>
      <LastUpdateDate />
      <LastUpdateTime />
    </Product>
    <Product>
      <PriceUpdateDate>2018/05/21 08:02</PriceUpdateDate>
      <ItemCode>7290017023304</ItemCode>
      <ItemType>1</ItemType>
      <ItemName>מארז פרוט ווטר 0.5ל טעם אבטיח 1/4</ItemName>
      <ManufactureName>יפאורה שותפות מוגבלת לשיווק</ManufactureName>
      <ManufactureCountry />
      <ManufactureItemDescription />
      <UnitQty>י"ח</UnitQty>
      <Quantity>2</Quantity>
      <UnitMeasure>ליטר</UnitMeasure>
      <BisWeighted>0</BisWeighted>
      <QtyInPackage>1</QtyInPackage>
      <ItemPrice>20.10</ItemPrice>
      <UnitOfMeasurePrice>9.45</UnitOfMeasurePrice>
      <AllowDiscount>1</AllowDiscount>
      <itemStatus>1</itemStatus>
      <LastUpdateDate />
      <LastUpdateTime />
    </Product>
    <Product>
      <PriceUpdateDate>2019/12/27 08:44</PriceUpdateDate>
      <ItemCode>7290017023359</ItemCode>
      <ItemType>1</ItemType>
      <ItemName>עין גדי מים מינרלים 0.5ליטר מארז שמיני</ItemName>
      <ManufactureName>יפאורה שותפות מוגבלת לשיווק</ManufactureName>
      <ManufactureCountry />
      <ManufactureItemDescription />
      <UnitQty>י"ח</UnitQty>
      <Quantity>4</Quantity>
      <UnitMeasure>ליטר</UnitMeasure>
      <BisWeighted>0</BisWeighted>
      <QtyInPackage>1</QtyInPackage>
      <ItemPrice>12.90</ItemPrice>
      <UnitOfMeasurePrice>2.63</UnitOfMeasurePrice>
      <AllowDiscount>1</AllowDiscount>
      <itemStatus>1</itemStatus>
      <LastUpdateDate />
      <LastUpdateTime />
    </Product>
    <Product>
      <PriceUpdateDate>2018/10/29 09:22</PriceUpdateDate>
      <ItemCode>7290017023489</ItemCode>
      <ItemType>1</ItemType>
      <ItemName>שוופס מוגז פירות ללא סוכר פינק לי  1.5</ItemName>
      <ManufactureName>יפאורה שותפות מוגבלת לשיווק</ManufactureName>
      <ManufactureCountry />
      <ManufactureItemDescription />
      <UnitQty>י"ח</UnitQty>
      <Quantity>1.50</Quantity>
      <UnitMeasure>ליטר</UnitMeasure>
      <BisWeighted>0</BisWeighted>
      <QtyInPackage>1</QtyInPackage>
      <ItemPrice>7.50</ItemPrice>
      <UnitOfMeasurePrice>5</UnitOfMeasurePrice>
      <AllowDiscount>1</AllowDiscount>
      <itemStatus>1</itemStatus>
      <LastUpdateDate />
      <LastUpdateTime />
    </Product>
    <Product>
      <PriceUpdateDate>2018/10/29 09:22</PriceUpdateDate>
      <ItemCode>7290017023496</ItemCode>
      <ItemType>1</ItemType>
      <ItemName>שוופס מוגז פירות ללא סוכר תות   1.5 לי</ItemName>
      <ManufactureName>יפאורה שותפות מוגבלת לשיווק</ManufactureName>
      <ManufactureCountry />
      <ManufactureItemDescription />
      <UnitQty>י"ח</UnitQty>
      <Quantity>1.50</Quantity>
      <UnitMeasure>ליטר</UnitMeasure>
      <BisWeighted>0</BisWeighted>
      <QtyInPackage>1</QtyInPackage>
      <ItemPrice>7.50</ItemPrice>
      <UnitOfMeasurePrice>5</UnitOfMeasurePrice>
      <AllowDiscount>1</AllowDiscount>
      <itemStatus>1</itemStatus>
      <LastUpdateDate />
      <LastUpdateTime />
    </Product>
    <Product>
      <PriceUpdateDate>2018/10/29 09:22</PriceUpdateDate>
      <ItemCode>7290017023519</ItemCode>
      <ItemType>1</ItemType>
      <ItemName>שוופס מוגז פירות ללא סוכר תפוח   1.5 ל</ItemName>
      <ManufactureName>יפאורה שותפות מוגבלת לשיווק</ManufactureName>
      <ManufactureCountry />
      <ManufactureItemDescription />
      <UnitQty>י"ח</UnitQty>
      <Quantity>1.50</Quantity>
      <UnitMeasure>ליטר</UnitMeasure>
      <BisWeighted>0</BisWeighted>
      <QtyInPackage>1</QtyInPackage>
      <ItemPrice>7.50</ItemPrice>
      <UnitOfMeasurePrice>5</UnitOfMeasurePrice>
      <AllowDiscount>1</AllowDiscount>
      <itemStatus>1</itemStatus>
      <LastUpdateDate />
      <LastUpdateTime />
    </Product>
    <Product>
      <PriceUpdateDate>2018/07/24 10:11</PriceUpdateDate>
      <ItemCode>7290017023663</ItemCode>
      <ItemType>1</ItemType>
      <ItemName>שוופס מוגז תפוח  330מ"ל 1/4</ItemName>
      <ManufactureName>יפאורה שותפות מוגבלת לשיווק</ManufactureName>
      <ManufactureCountry />
      <ManufactureItemDescription />
      <UnitQty>י"ח</UnitQty>
      <Quantity>1.32</Quantity>
      <UnitMeasure>ליטר</UnitMeasure>
      <BisWeighted>0</BisWeighted>
      <QtyInPackage>1</QtyInPackage>
      <ItemPrice>13.10</ItemPrice>
      <UnitOfMeasurePrice>9.02</UnitOfMeasurePrice>
      <AllowDiscount>1</AllowDiscount>
      <itemStatus>1</itemStatus>
      <LastUpdateDate />
      <LastUpdateTime />
    </Product>
    <Product>
      <PriceUpdateDate>2018/10/29 09:22</PriceUpdateDate>
      <ItemCode>7290017023687</ItemCode>
      <ItemType>1</ItemType>
      <ItemName>שוופס מוגז פירות ללא סוכר אננס   1.5 לי</ItemName>
      <ManufactureName>יפאורה שותפות מוגבלת לשיווק</ManufactureName>
      <ManufactureCountry />
      <ManufactureItemDescription />
      <UnitQty>י"ח</UnitQty>
      <Quantity>1.50</Quantity>
      <UnitMeasure>ליטר</UnitMeasure>
      <BisWeighted>0</BisWeighted>
      <QtyInPackage>1</QtyInPackage>
      <ItemPrice>7.50</ItemPrice>
      <UnitOfMeasurePrice>5</UnitOfMeasurePrice>
      <AllowDiscount>1</AllowDiscount>
      <itemStatus>1</itemStatus>
      <LastUpdateDate />
      <LastUpdateTime />
    </Product>
    <Product>
      <PriceUpdateDate>2018/12/26 08:29</PriceUpdateDate>
      <ItemCode>7290017023694</ItemCode>
      <ItemType>1</ItemType>
      <ItemName>שוופס מוגז אננס ללא סוכר 330מ"ל</ItemName>
      <ManufactureName>יפאורה שותפות מוגבלת לשיווק</ManufactureName>
      <ManufactureCountry />
      <ManufactureItemDescription />
      <UnitQty>י"ח</UnitQty>
      <Quantity>250</Quantity>
      <UnitMeasure>ל  מ"ל</UnitMeasure>
      <BisWeighted>0</BisWeighted>
      <QtyInPackage>1</QtyInPackage>
      <ItemPrice>4.90</ItemPrice>
      <UnitOfMeasurePrice>1.84</UnitOfMeasurePrice>
      <AllowDiscount>1</AllowDiscount>
      <itemStatus>1</itemStatus>
      <LastUpdateDate />
      <LastUpdateTime />
    </Product>
    <Product>
      <PriceUpdateDate>2019/01/23 11:24</PriceUpdateDate>
      <ItemCode>7290017023717</ItemCode>
      <ItemType>1</ItemType>
      <ItemName>מי טוניק ללא סוכר 1.5ליטר</ItemName>
      <ManufactureName>יפאורה שותפות מוגבלת לשיווק</ManufactureName>
      <ManufactureCountry />
      <ManufactureItemDescription />
      <UnitQty>י"ח</UnitQty>
      <Quantity>1.50</Quantity>
      <UnitMeasure>ליטר</UnitMeasure>
      <BisWeighted>0</BisWeighted>
      <QtyInPackage>1</QtyInPackage>
      <ItemPrice>10.30</ItemPrice>
      <UnitOfMeasurePrice>6.87</UnitOfMeasurePrice>
      <AllowDiscount>1</AllowDiscount>
      <itemStatus>1</itemStatus>
      <LastUpdateDate />
      <LastUpdateTime />
    </Product>
    <Product>
      <PriceUpdateDate>2019/01/10 08:51</PriceUpdateDate>
      <ItemCode>7290017023847</ItemCode>
      <ItemType>1</ItemType>
      <ItemName>ביטר לימון ופירות  1.5</ItemName>
      <ManufactureName>יפאורה שותפות מוגבלת לשיווק</ManufactureName>
      <ManufactureCountry />
      <ManufactureItemDescription />
      <UnitQty>י"ח</UnitQty>
      <Quantity>1.50</Quantity>
      <UnitMeasure>ליטר</UnitMeasure>
      <BisWeighted>0</BisWeighted>
      <QtyInPackage>1</QtyInPackage>
      <ItemPrice>9.90</ItemPrice>
      <UnitOfMeasurePrice>6.60</UnitOfMeasurePrice>
      <AllowDiscount>1</AllowDiscount>
      <itemStatus>1</itemStatus>
      <LastUpdateDate />
      <LastUpdateTime />
    </Product>
    <Product>
      <PriceUpdateDate>2019/01/28 08:59</PriceUpdateDate>
      <ItemCode>7290017023854</ItemCode>
      <ItemType>1</ItemType>
      <ItemName>סודה שוופס 250מ"ל 1/4</ItemName>
      <ManufactureName>יפאורה שותפות מוגבלת לשיווק</ManufactureName>
      <ManufactureCountry />
      <ManufactureItemDescription />
      <UnitQty>י"ח</UnitQty>
      <Quantity>1</Quantity>
      <UnitMeasure>ליטר</UnitMeasure>
      <BisWeighted>0</BisWeighted>
      <QtyInPackage>1</QtyInPackage>
      <ItemPrice>13.10</ItemPrice>
      <UnitOfMeasurePrice>13.10</UnitOfMeasurePrice>
      <AllowDiscount>1</AllowDiscount>
      <itemStatus>1</itemStatus>
      <LastUpdateDate />
      <LastUpdateTime />
    </Product>
    <Product>
      <PriceUpdateDate>2019/01/28 08:59</PriceUpdateDate>
      <ItemCode>7290017023861</ItemCode>
      <ItemType>1</ItemType>
      <ItemName>סודה שוופס למון  250מ"ל 1/4</ItemName>
      <ManufactureName>יפאורה שותפות מוגבלת לשיווק</ManufactureName>
      <ManufactureCountry />
      <ManufactureItemDescription />
      <UnitQty>י"ח</UnitQty>
      <Quantity>1</Quantity>
      <UnitMeasure>ליטר</UnitMeasure>
      <BisWeighted>0</BisWeighted>
      <QtyInPackage>1</QtyInPackage>
      <ItemPrice>13.10</ItemPrice>
      <UnitOfMeasurePrice>13.10</UnitOfMeasurePrice>
      <AllowDiscount>1</AllowDiscount>
      <itemStatus>1</itemStatus>
      <LastUpdateDate />
      <LastUpdateTime />
    </Product>
    <Product>
      <PriceUpdateDate>2019/01/28 08:59</PriceUpdateDate>
      <ItemCode>7290017023878</ItemCode>
      <ItemType>1</ItemType>
      <ItemName>סודה שוופס נענע ליים  250מ"ל 1/4</ItemName>
      <ManufactureName>יפאורה שותפות מוגבלת לשיווק</ManufactureName>
      <ManufactureCountry />
      <ManufactureItemDescription />
      <UnitQty>י"ח</UnitQty>
      <Quantity>1</Quantity>
      <UnitMeasure>ליטר</UnitMeasure>
      <BisWeighted>0</BisWeighted>
      <QtyInPackage>1</QtyInPackage>
      <ItemPrice>13.10</ItemPrice>
      <UnitOfMeasurePrice>13.10</UnitOfMeasurePrice>
      <AllowDiscount>1</AllowDiscount>
      <itemStatus>1</itemStatus>
      <LastUpdateDate />
      <LastUpdateTime />
    </Product>
    <Product>
      <PriceUpdateDate>2019/01/10 08:51</PriceUpdateDate>
      <ItemCode>7290017023946</ItemCode>
      <ItemType>1</ItemType>
      <ItemName>סודה שוופס למון גראס וגנגר 0.5ל 1/6</ItemName>
      <ManufactureName>יפאורה שותפות מוגבלת לשיווק</ManufactureName>
      <ManufactureCountry />
      <ManufactureItemDescription />
      <UnitQty>י"ח</UnitQty>
      <Quantity>300</Quantity>
      <UnitMeasure>ל  מ"ל</UnitMeasure>
      <BisWeighted>0</BisWeighted>
      <QtyInPackage>1</QtyInPackage>
      <ItemPrice>14.90</ItemPrice>
      <UnitOfMeasurePrice>4.37</UnitOfMeasurePrice>
      <AllowDiscount>1</AllowDiscount>
      <itemStatus>1</itemStatus>
      <LastUpdateDate />
      <LastUpdateTime />
    </Product>
    <Product>
      <PriceUpdateDate>2019/05/17 08:57</PriceUpdateDate>
      <ItemCode>7290017023991</ItemCode>
      <ItemType>1</ItemType>
      <ItemName>ספרינג -Tירוק אננס   1.5 ל</ItemName>
      <ManufactureName>יפאורה שותפות מוגבלת לשיווק</ManufactureName>
      <ManufactureCountry />
      <ManufactureItemDescription />
      <UnitQty>י"ח</UnitQty>
      <Quantity>1.50</Quantity>
      <UnitMeasure>ליטר</UnitMeasure>
      <BisWeighted>0</BisWeighted>
      <QtyInPackage>1</QtyInPackage>
      <ItemPrice>6.30</ItemPrice>
      <UnitOfMeasurePrice>4.20</UnitOfMeasurePrice>
      <AllowDiscount>1</AllowDiscount>
      <itemStatus>1</itemStatus>
      <LastUpdateDate />
      <LastUpdateTime />
    </Product>
    <Product>
      <PriceUpdateDate>2018/02/18 08:46</PriceUpdateDate>
      <ItemCode>7290017031040</ItemCode>
      <ItemType>1</ItemType>
      <ItemName>מברשת שיניים פרדונטקס אקסטרא סופט 75מ"ל</ItemName>
      <ManufactureName>גורי ע.ע.ע. בעמ</ManufactureName>
      <ManufactureCountry />
      <ManufactureItemDescription />
      <UnitQty>י"ח</UnitQty>
      <Quantity>75</Quantity>
      <UnitMeasure>ל  גרם</UnitMeasure>
      <BisWeighted>0</BisWeighted>
      <QtyInPackage>1</QtyInPackage>
      <ItemPrice>18.90</ItemPrice>
      <UnitOfMeasurePrice>25.20</UnitOfMeasurePrice>
      <AllowDiscount>1</AllowDiscount>
      <itemStatus>1</itemStatus>
      <LastUpdateDate />
      <LastUpdateTime />
    </Product>
    <Product>
      <PriceUpdateDate>2019/05/22 09:48</PriceUpdateDate>
      <ItemCode>7290017031477</ItemCode>
      <ItemType>1</ItemType>
      <ItemName>סנסודיין רפיד הלבנה 75מ"ל</ItemName>
      <ManufactureName>גורי ע.ע.ע. בעמ</ManufactureName>
      <ManufactureCountry />
      <ManufactureItemDescription />
      <UnitQty>י"ח</UnitQty>
      <Quantity>75</Quantity>
      <UnitMeasure>ל  גרם</UnitMeasure>
      <BisWeighted>0</BisWeighted>
      <QtyInPackage>1</QtyInPackage>
      <ItemPrice>21.90</ItemPrice>
      <UnitOfMeasurePrice>29.20</UnitOfMeasurePrice>
      <AllowDiscount>1</AllowDiscount>
      <itemStatus>1</itemStatus>
      <LastUpdateDate />
      <LastUpdateTime />
    </Product>
    <Product>
      <PriceUpdateDate>2018/12/30 09:44</PriceUpdateDate>
      <ItemCode>7290017031705</ItemCode>
      <ItemType>1</ItemType>
      <ItemName>סנסודיין קלין פרש 75מ"ל  75מ"ל</ItemName>
      <ManufactureName>גורי ע.ע.ע. בעמ</ManufactureName>
      <ManufactureCountry />
      <ManufactureItemDescription />
      <UnitQty>י"ח</UnitQty>
      <Quantity>75</Quantity>
      <UnitMeasure>ל  גרם</UnitMeasure>
      <BisWeighted>0</BisWeighted>
      <QtyInPackage>1</QtyInPackage>
      <ItemPrice>21.90</ItemPrice>
      <UnitOfMeasurePrice>29.20</UnitOfMeasurePrice>
      <AllowDiscount>1</AllowDiscount>
      <itemStatus>1</itemStatus>
      <LastUpdateDate />
      <LastUpdateTime />
    </Product>
    <Product>
      <PriceUpdateDate>2018/12/31 14:23</PriceUpdateDate>
      <ItemCode>7290017031859</ItemCode>
      <ItemType>1</ItemType>
      <ItemName>משחת פרודונטקס אולטרא קלין 75מ"ל</ItemName>
      <ManufactureName>גורי ע.ע.ע. בעמ</ManufactureName>
      <ManufactureCountry />
      <ManufactureItemDescription />
      <UnitQty>י"ח</UnitQty>
      <Quantity>75</Quantity>
      <UnitMeasure>ל  מ"ל</UnitMeasure>
      <BisWeighted>0</BisWeighted>
      <QtyInPackage>1</QtyInPackage>
      <ItemPrice>27.90</ItemPrice>
      <UnitOfMeasurePrice>37.20</UnitOfMeasurePrice>
      <AllowDiscount>1</AllowDiscount>
      <itemStatus>1</itemStatus>
      <LastUpdateDate />
      <LastUpdateTime />
    </Product>
    <Product>
      <PriceUpdateDate>2019/08/28 13:26</PriceUpdateDate>
      <ItemCode>7290017105024</ItemCode>
      <ItemType>1</ItemType>
      <ItemName>עגבניות A2.5 יכין</ItemName>
      <ManufactureName>זנלכל בעמ</ManufactureName>
      <ManufactureCountry />
      <ManufactureItemDescription />
      <UnitQty>י"ח</UnitQty>
      <Quantity>800</Quantity>
      <UnitMeasure>ל  גרם</UnitMeasure>
      <BisWeighted>0</BisWeighted>
      <QtyInPackage>1</QtyInPackage>
      <ItemPrice>6.90</ItemPrice>
      <UnitOfMeasurePrice>0.86</UnitOfMeasurePrice>
      <AllowDiscount>1</AllowDiscount>
      <itemStatus>1</itemStatus>
      <LastUpdateDate />
      <LastUpdateTime />
    </Product>
    <Product>
      <PriceUpdateDate>2019/11/25 09:41</PriceUpdateDate>
      <ItemCode>7290017105062</ItemCode>
      <ItemType>1</ItemType>
      <ItemName>חומוס 6OZ יכין</ItemName>
      <ManufactureName>זנלכל בעמ</ManufactureName>
      <ManufactureCountry />
      <ManufactureItemDescription />
      <UnitQty>י"ח</UnitQty>
      <Quantity>200</Quantity>
      <UnitMeasure>ל  גרם</UnitMeasure>
      <BisWeighted>0</BisWeighted>
      <QtyInPackage>1</QtyInPackage>
      <ItemPrice>3.80</ItemPrice>
      <UnitOfMeasurePrice>1.90</UnitOfMeasurePrice>
      <AllowDiscount>1</AllowDiscount>
      <itemStatus>1</itemStatus>
      <LastUpdateDate />
      <LastUpdateTime />
    </Product>
    <Product>
      <PriceUpdateDate>2019/11/25 09:41</PriceUpdateDate>
      <ItemCode>7290017105079</ItemCode>
      <ItemType>1</ItemType>
      <ItemName>שעועית אפויה 6OZ יכין 200גר</ItemName>
      <ManufactureName>זנלכל בעמ</ManufactureName>
      <ManufactureCountry />
      <ManufactureItemDescription />
      <UnitQty>י"ח</UnitQty>
      <Quantity>200</Quantity>
      <UnitMeasure>ל  גרם</UnitMeasure>
      <BisWeighted>0</BisWeighted>
      <QtyInPackage>1</QtyInPackage>
      <ItemPrice>3.80</ItemPrice>
      <UnitOfMeasurePrice>1.90</UnitOfMeasurePrice>
      <AllowDiscount>1</AllowDiscount>
      <itemStatus>1</itemStatus>
      <LastUpdateDate />
      <LastUpdateTime />
    </Product>
    <Product>
      <PriceUpdateDate>2019/11/25 09:41</PriceUpdateDate>
      <ItemCode>7290017105086</ItemCode>
      <ItemType>1</ItemType>
      <ItemName>שעועית צ`ילי 6OZ יכין 200גר</ItemName>
      <ManufactureName>זנלכל בעמ</ManufactureName>
      <ManufactureCountry />
      <ManufactureItemDescription />
      <UnitQty>י"ח</UnitQty>
      <Quantity>200</Quantity>
      <UnitMeasure>ל  גרם</UnitMeasure>
      <BisWeighted>0</BisWeighted>
      <QtyInPackage>1</QtyInPackage>
      <ItemPrice>3.80</ItemPrice>
      <UnitOfMeasurePrice>1.90</UnitOfMeasurePrice>
      <AllowDiscount>1</AllowDiscount>
      <itemStatus>1</itemStatus>
      <LastUpdateDate />
      <LastUpdateTime />
    </Product>
    <Product>
      <PriceUpdateDate>2019/11/25 09:41</PriceUpdateDate>
      <ItemCode>7290017105093</ItemCode>
      <ItemType>1</ItemType>
      <ItemName>שעועית שחורה במים 6OZ יכין 200גר</ItemName>
      <ManufactureName>זנלכל בעמ</ManufactureName>
      <ManufactureCountry />
      <ManufactureItemDescription />
      <UnitQty>י"ח</UnitQty>
      <Quantity>200</Quantity>
      <UnitMeasure>ל  גרם</UnitMeasure>
      <BisWeighted>0</BisWeighted>
      <QtyInPackage>1</QtyInPackage>
      <ItemPrice>3.80</ItemPrice>
      <UnitOfMeasurePrice>1.90</UnitOfMeasurePrice>
      <AllowDiscount>1</AllowDiscount>
      <itemStatus>1</itemStatus>
      <LastUpdateDate />
      <LastUpdateTime />
    </Product>
    <Product>
      <PriceUpdateDate>2019/11/25 09:41</PriceUpdateDate>
      <ItemCode>7290017105109</ItemCode>
      <ItemType>1</ItemType>
      <ItemName>שעועית מנומרת במים 6OZ יכין 200גר</ItemName>
      <ManufactureName>זנלכל בעמ</ManufactureName>
      <ManufactureCountry />
      <ManufactureItemDescription />
      <UnitQty>י"ח</UnitQty>
      <Quantity>200</Quantity>
      <UnitMeasure>ל  גרם</UnitMeasure>
      <BisWeighted>0</BisWeighted>
      <QtyInPackage>1</QtyInPackage>
      <ItemPrice>3.80</ItemPrice>
      <UnitOfMeasurePrice>1.90</UnitOfMeasurePrice>
      <AllowDiscount>1</AllowDiscount>
      <itemStatus>1</itemStatus>
      <LastUpdateDate />
      <LastUpdateTime />
    </Product>
    <Product>
      <PriceUpdateDate>2019/11/25 09:41</PriceUpdateDate>
      <ItemCode>7290017105116</ItemCode>
      <ItemType>1</ItemType>
      <ItemName>תורמוס 6OZ יכין 200גר</ItemName>
      <ManufactureName>זנלכל בעמ</ManufactureName>
      <ManufactureCountry />
      <ManufactureItemDescription />
      <UnitQty>י"ח</UnitQty>
      <Quantity>200</Quantity>
      <UnitMeasure>ל  גרם</UnitMeasure>
      <BisWeighted>0</BisWeighted>
      <QtyInPackage>1</QtyInPackage>
      <ItemPrice>3.80</ItemPrice>
      <UnitOfMeasurePrice>1.90</UnitOfMeasurePrice>
      <AllowDiscount>1</AllowDiscount>
      <itemStatus>1</itemStatus>
      <LastUpdateDate />
      <LastUpdateTime />
    </Product>
    <Product>
      <PriceUpdateDate>2019/11/25 09:41</PriceUpdateDate>
      <ItemCode>7290017105123</ItemCode>
      <ItemType>1</ItemType>
      <ItemName>פול מצרי 6OZ יכין 200גר</ItemName>
      <ManufactureName>זנלכל בעמ</ManufactureName>
      <ManufactureCountry />
      <ManufactureItemDescription />
      <UnitQty>י"ח</UnitQty>
      <Quantity>200</Quantity>
      <UnitMeasure>ל  גרם</UnitMeasure>
      <BisWeighted>0</BisWeighted>
      <QtyInPackage>1</QtyInPackage>
      <ItemPrice>3.80</ItemPrice>
      <UnitOfMeasurePrice>1.90</UnitOfMeasurePrice>
      <AllowDiscount>1</AllowDiscount>
      <itemStatus>1</itemStatus>
      <LastUpdateDate />
      <LastUpdateTime />
    </Product>
    <Product>
      <PriceUpdateDate>2019/08/21 08:47</PriceUpdateDate>
      <ItemCode>7290017105369</ItemCode>
      <ItemType>1</ItemType>
      <ItemName>סירופ תה אפרסק דיאט 1 ליטר</ItemName>
      <ManufactureName>זנלכל בעמ</ManufactureName>
      <ManufactureCountry />
      <ManufactureItemDescription />
      <UnitQty>י"ח</UnitQty>
      <Quantity>1</Quantity>
      <UnitMeasure>ליטר</UnitMeasure>
      <BisWeighted>0</BisWeighted>
      <QtyInPackage>1</QtyInPackage>
      <ItemPrice>7.50</ItemPrice>
      <UnitOfMeasurePrice>7.50</UnitOfMeasurePrice>
      <AllowDiscount>1</AllowDiscount>
      <itemStatus>1</itemStatus>
      <LastUpdateDate />
      <LastUpdateTime />
    </Product>
    <Product>
      <PriceUpdateDate>2020/02/26 08:38</PriceUpdateDate>
      <ItemCode>7290017105697</ItemCode>
      <ItemType>1</ItemType>
      <ItemName>מיץ לימון טבעי 100% 250מ"ל יכין</ItemName>
      <ManufactureName>זנלכל בעמ</ManufactureName>
      <ManufactureCountry />
      <ManufactureItemDescription />
      <UnitQty>י"ח</UnitQty>
      <Quantity>250</Quantity>
      <UnitMeasure>ל  מ"ל</UnitMeasure>
      <BisWeighted>0</BisWeighted>
      <QtyInPackage>1</QtyInPackage>
      <ItemPrice>6.90</ItemPrice>
      <UnitOfMeasurePrice>2.76</UnitOfMeasurePrice>
      <AllowDiscount>1</AllowDiscount>
      <itemStatus>1</itemStatus>
      <LastUpdateDate />
      <LastUpdateTime />
    </Product>
    <Product>
      <PriceUpdateDate>2020/03/31 08:04</PriceUpdateDate>
      <ItemCode>7290017106021</ItemCode>
      <ItemType>1</ItemType>
      <ItemName>סירופ קידס פטל 1ל</ItemName>
      <ManufactureName>זנלכל בעמ</ManufactureName>
      <ManufactureCountry />
      <ManufactureItemDescription />
      <UnitQty>י"ח</UnitQty>
      <Quantity>1</Quantity>
      <UnitMeasure>ליטר</UnitMeasure>
      <BisWeighted>0</BisWeighted>
      <QtyInPackage>1</QtyInPackage>
      <ItemPrice>10.90</ItemPrice>
      <UnitOfMeasurePrice>10.90</UnitOfMeasurePrice>
      <AllowDiscount>1</AllowDiscount>
      <itemStatus>1</itemStatus>
      <LastUpdateDate />
      <LastUpdateTime />
    </Product>
    <Product>
      <PriceUpdateDate>2020/03/31 08:04</PriceUpdateDate>
      <ItemCode>7290017106038</ItemCode>
      <ItemType>1</ItemType>
      <ItemName>סירופ קידס ענבים  1ל</ItemName>
      <ManufactureName>זנלכל בעמ</ManufactureName>
      <ManufactureCountry />
      <ManufactureItemDescription />
      <UnitQty>י"ח</UnitQty>
      <Quantity>1</Quantity>
      <UnitMeasure>ליטר</UnitMeasure>
      <BisWeighted>0</BisWeighted>
      <QtyInPackage>1</QtyInPackage>
      <ItemPrice>10.90</ItemPrice>
      <UnitOfMeasurePrice>10.90</UnitOfMeasurePrice>
      <AllowDiscount>1</AllowDiscount>
      <itemStatus>1</itemStatus>
      <LastUpdateDate />
      <LastUpdateTime />
    </Product>
    <Product>
      <PriceUpdateDate>2020/03/31 08:04</PriceUpdateDate>
      <ItemCode>7290017106045</ItemCode>
      <ItemType>1</ItemType>
      <ItemName>סירופ קידס תפוח עץ  1ל</ItemName>
      <ManufactureName>זנלכל בעמ</ManufactureName>
      <ManufactureCountry />
      <ManufactureItemDescription />
      <UnitQty>י"ח</UnitQty>
      <Quantity>1</Quantity>
      <UnitMeasure>ליטר</UnitMeasure>
      <BisWeighted>0</BisWeighted>
      <QtyInPackage>1</QtyInPackage>
      <ItemPrice>10.90</ItemPrice>
      <UnitOfMeasurePrice>10.90</UnitOfMeasurePrice>
      <AllowDiscount>1</AllowDiscount>
      <itemStatus>1</itemStatus>
      <LastUpdateDate />
      <LastUpdateTime />
    </Product>
    <Product>
      <PriceUpdateDate>2020/03/31 08:04</PriceUpdateDate>
      <ItemCode>7290017106052</ItemCode>
      <ItemType>1</ItemType>
      <ItemName>סירופ קידס אננס  1ל</ItemName>
      <ManufactureName>זנלכל בעמ</ManufactureName>
      <ManufactureCountry />
      <ManufactureItemDescription />
      <UnitQty>י"ח</UnitQty>
      <Quantity>1</Quantity>
      <UnitMeasure>ליטר</UnitMeasure>
      <BisWeighted>0</BisWeighted>
      <QtyInPackage>1</QtyInPackage>
      <ItemPrice>10.90</ItemPrice>
      <UnitOfMeasurePrice>10.90</UnitOfMeasurePrice>
      <AllowDiscount>1</AllowDiscount>
      <itemStatus>1</itemStatus>
      <LastUpdateDate />
      <LastUpdateTime />
    </Product>
    <Product>
      <PriceUpdateDate>2020/02/13 09:31</PriceUpdateDate>
      <ItemCode>7290017106069</ItemCode>
      <ItemType>1</ItemType>
      <ItemName>קוביות סלק 550גר יכין</ItemName>
      <ManufactureName>זנלכל בעמ</ManufactureName>
      <ManufactureCountry />
      <ManufactureItemDescription />
      <UnitQty>י"ח</UnitQty>
      <Quantity>550</Quantity>
      <UnitMeasure>ל  גרם</UnitMeasure>
      <BisWeighted>0</BisWeighted>
      <QtyInPackage>1</QtyInPackage>
      <ItemPrice>7.90</ItemPrice>
      <UnitOfMeasurePrice>1.44</UnitOfMeasurePrice>
      <AllowDiscount>1</AllowDiscount>
      <itemStatus>1</itemStatus>
      <LastUpdateDate />
      <LastUpdateTime />
    </Product>
    <Product>
      <PriceUpdateDate>2020/04/05 09:35</PriceUpdateDate>
      <ItemCode>7290017106083</ItemCode>
      <ItemType>1</ItemType>
      <ItemName>מחית תפוחי עץ לאפיה יכין 550ג</ItemName>
      <ManufactureName>זנלכל בעמ</ManufactureName>
      <ManufactureCountry />
      <ManufactureItemDescription />
      <UnitQty>י"ח</UnitQty>
      <Quantity>550</Quantity>
      <UnitMeasure>ל  גרם</UnitMeasure>
      <BisWeighted>0</BisWeighted>
      <QtyInPackage>1</QtyInPackage>
      <ItemPrice>7.90</ItemPrice>
      <UnitOfMeasurePrice>1.44</UnitOfMeasurePrice>
      <AllowDiscount>1</AllowDiscount>
      <itemStatus>1</itemStatus>
      <LastUpdateDate />
      <LastUpdateTime />
    </Product>
    <Product>
      <PriceUpdateDate>2017/08/07 09:15</PriceUpdateDate>
      <ItemCode>7290017129082</ItemCode>
      <ItemType>1</ItemType>
      <ItemName>אגו וופל טראפלס 110גר</ItemName>
      <ManufactureName>כרמית תעשיות ממתקים בעמ</ManufactureName>
      <ManufactureCountry />
      <ManufactureItemDescription />
      <UnitQty>י"ח</UnitQty>
      <Quantity>110</Quantity>
      <UnitMeasure>ל  גרם</UnitMeasure>
      <BisWeighted>0</BisWeighted>
      <QtyInPackage>1</QtyInPackage>
      <ItemPrice>6.90</ItemPrice>
      <UnitOfMeasurePrice>6.27</UnitOfMeasurePrice>
      <AllowDiscount>1</AllowDiscount>
      <itemStatus>1</itemStatus>
      <LastUpdateDate />
      <LastUpdateTime />
    </Product>
    <Product>
      <PriceUpdateDate>2017/08/07 09:15</PriceUpdateDate>
      <ItemCode>7290017129099</ItemCode>
      <ItemType>1</ItemType>
      <ItemName>אגו וופל אלפחורס 110גר</ItemName>
      <ManufactureName>כרמית תעשיות ממתקים בעמ</ManufactureName>
      <ManufactureCountry />
      <ManufactureItemDescription />
      <UnitQty>י"ח</UnitQty>
      <Quantity>110</Quantity>
      <UnitMeasure>ל  גרם</UnitMeasure>
      <BisWeighted>0</BisWeighted>
      <QtyInPackage>1</QtyInPackage>
      <ItemPrice>6.90</ItemPrice>
      <UnitOfMeasurePrice>6.27</UnitOfMeasurePrice>
      <AllowDiscount>1</AllowDiscount>
      <itemStatus>1</itemStatus>
      <LastUpdateDate />
      <LastUpdateTime />
    </Product>
    <Product>
      <PriceUpdateDate>2017/08/07 09:15</PriceUpdateDate>
      <ItemCode>7290017129105</ItemCode>
      <ItemType>1</ItemType>
      <ItemName>אגו וופל פאי לימון 110גר</ItemName>
      <ManufactureName>כרמית תעשיות ממתקים בעמ</ManufactureName>
      <ManufactureCountry />
      <ManufactureItemDescription />
      <UnitQty>י"ח</UnitQty>
      <Quantity>110</Quantity>
      <UnitMeasure>ל  גרם</UnitMeasure>
      <BisWeighted>0</BisWeighted>
      <QtyInPackage>1</QtyInPackage>
      <ItemPrice>6.90</ItemPrice>
      <UnitOfMeasurePrice>6.27</UnitOfMeasurePrice>
      <AllowDiscount>1</AllowDiscount>
      <itemStatus>1</itemStatus>
      <LastUpdateDate />
      <LastUpdateTime />
    </Product>
    <Product>
      <PriceUpdateDate>2017/08/07 09:15</PriceUpdateDate>
      <ItemCode>7290017129112</ItemCode>
      <ItemType>1</ItemType>
      <ItemName>מיקסים חטיף תירס מצופה שוקולד חלה 55ג</ItemName>
      <ManufactureName>כרמית תעשיות ממתקים בעמ</ManufactureName>
      <ManufactureCountry />
      <ManufactureItemDescription />
      <UnitQty>י"ח</UnitQty>
      <Quantity>55</Quantity>
      <UnitMeasure>ל  גרם</UnitMeasure>
      <BisWeighted>0</BisWeighted>
      <QtyInPackage>1</QtyInPackage>
      <ItemPrice>3.90</ItemPrice>
      <UnitOfMeasurePrice>7.09</UnitOfMeasurePrice>
      <AllowDiscount>1</AllowDiscount>
      <itemStatus>1</itemStatus>
      <LastUpdateDate />
      <LastUpdateTime />
    </Product>
    <Product>
      <PriceUpdateDate>2017/12/07 11:02</PriceUpdateDate>
      <ItemCode>7290017129129</ItemCode>
      <ItemType>1</ItemType>
      <ItemName>מיקסים חטיף  מצופה שוקולד חלב 55ג</ItemName>
      <ManufactureName>כרמית תעשיות ממתקים בעמ</ManufactureName>
      <ManufactureCountry />
      <ManufactureItemDescription />
      <UnitQty>י"ח</UnitQty>
      <Quantity>55</Quantity>
      <UnitMeasure>ל  גרם</UnitMeasure>
      <BisWeighted>0</BisWeighted>
      <QtyInPackage>1</QtyInPackage>
      <ItemPrice>3.90</ItemPrice>
      <UnitOfMeasurePrice>7.09</UnitOfMeasurePrice>
      <AllowDiscount>1</AllowDiscount>
      <itemStatus>1</itemStatus>
      <LastUpdateDate />
      <LastUpdateTime />
    </Product>
    <Product>
      <PriceUpdateDate>2018/02/19 10:55</PriceUpdateDate>
      <ItemCode>7290017129280</ItemCode>
      <ItemType>1</ItemType>
      <ItemName>אגו ופל שוק. לא מצופה כשל"פ</ItemName>
      <ManufactureName>כרמית תעשיות ממתקים בעמ</ManufactureName>
      <ManufactureCountry />
      <ManufactureItemDescription />
      <UnitQty>י"ח</UnitQty>
      <Quantity>130</Quantity>
      <UnitMeasure>ל  גרם</UnitMeasure>
      <BisWeighted>0</BisWeighted>
      <QtyInPackage>1</QtyInPackage>
      <ItemPrice>6.90</ItemPrice>
      <UnitOfMeasurePrice>5.31</UnitOfMeasurePrice>
      <AllowDiscount>1</AllowDiscount>
      <itemStatus>1</itemStatus>
      <LastUpdateDate />
      <LastUpdateTime />
    </Product>
    <Product>
      <PriceUpdateDate>2017/12/10 11:12</PriceUpdateDate>
      <ItemCode>7290017129495</ItemCode>
      <ItemType>1</ItemType>
      <ItemName>אגו מיקס כדורי תירס מצופים ש. חלב 55ג</ItemName>
      <ManufactureName>כרמית תעשיות ממתקים בעמ</ManufactureName>
      <ManufactureCountry />
      <ManufactureItemDescription />
      <UnitQty>י"ח</UnitQty>
      <Quantity>55</Quantity>
      <UnitMeasure>ל  גרם</UnitMeasure>
      <BisWeighted>0</BisWeighted>
      <QtyInPackage>1</QtyInPackage>
      <ItemPrice>3.90</ItemPrice>
      <UnitOfMeasurePrice>7.09</UnitOfMeasurePrice>
      <AllowDiscount>1</AllowDiscount>
      <itemStatus>1</itemStatus>
      <LastUpdateDate />
      <LastUpdateTime />
    </Product>
    <Product>
      <PriceUpdateDate>2017/12/10 11:12</PriceUpdateDate>
      <ItemCode>7290017129501</ItemCode>
      <ItemType>1</ItemType>
      <ItemName>אגו מיקס כדורי תירס מצופים ש. לבן 55ג</ItemName>
      <ManufactureName>כרמית תעשיות ממתקים בעמ</ManufactureName>
      <ManufactureCountry />
      <ManufactureItemDescription />
      <UnitQty>י"ח</UnitQty>
      <Quantity>55</Quantity>
      <UnitMeasure>ל  גרם</UnitMeasure>
      <BisWeighted>0</BisWeighted>
      <QtyInPackage>1</QtyInPackage>
      <ItemPrice>3.90</ItemPrice>
      <UnitOfMeasurePrice>7.09</UnitOfMeasurePrice>
      <AllowDiscount>1</AllowDiscount>
      <itemStatus>1</itemStatus>
      <LastUpdateDate />
      <LastUpdateTime />
    </Product>
    <Product>
      <PriceUpdateDate>2017/12/10 11:12</PriceUpdateDate>
      <ItemCode>7290017129518</ItemCode>
      <ItemType>1</ItemType>
      <ItemName>אגו מיקס כדורי תירס מצופים  55ג</ItemName>
      <ManufactureName>כרמית תעשיות ממתקים בעמ</ManufactureName>
      <ManufactureCountry />
      <ManufactureItemDescription />
      <UnitQty>י"ח</UnitQty>
      <Quantity>55</Quantity>
      <UnitMeasure>ל  גרם</UnitMeasure>
      <BisWeighted>0</BisWeighted>
      <QtyInPackage>1</QtyInPackage>
      <ItemPrice>3.90</ItemPrice>
      <UnitOfMeasurePrice>7.09</UnitOfMeasurePrice>
      <AllowDiscount>1</AllowDiscount>
      <itemStatus>1</itemStatus>
      <LastUpdateDate />
      <LastUpdateTime />
    </Product>
    <Product>
      <PriceUpdateDate>2018/06/25 11:18</PriceUpdateDate>
      <ItemCode>7290017129709</ItemCode>
      <ItemType>1</ItemType>
      <ItemName>אגו ופל פרווה אגוזים מריר 110ג</ItemName>
      <ManufactureName>כרמית תעשיות ממתקים בעמ</ManufactureName>
      <ManufactureCountry />
      <ManufactureItemDescription />
      <UnitQty>י"ח</UnitQty>
      <Quantity>130</Quantity>
      <UnitMeasure>ל  גרם</UnitMeasure>
      <BisWeighted>0</BisWeighted>
      <QtyInPackage>1</QtyInPackage>
      <ItemPrice>6.90</ItemPrice>
      <UnitOfMeasurePrice>5.31</UnitOfMeasurePrice>
      <AllowDiscount>1</AllowDiscount>
      <itemStatus>1</itemStatus>
      <LastUpdateDate />
      <LastUpdateTime />
    </Product>
    <Product>
      <PriceUpdateDate>2018/06/25 11:18</PriceUpdateDate>
      <ItemCode>7290017129716</ItemCode>
      <ItemType>1</ItemType>
      <ItemName>אגו ופל פרווה שוקו מריר 110ג</ItemName>
      <ManufactureName>כרמית תעשיות ממתקים בעמ</ManufactureName>
      <ManufactureCountry />
      <ManufactureItemDescription />
      <UnitQty>י"ח</UnitQty>
      <Quantity>130</Quantity>
      <UnitMeasure>ל  גרם</UnitMeasure>
      <BisWeighted>0</BisWeighted>
      <QtyInPackage>1</QtyInPackage>
      <ItemPrice>6.90</ItemPrice>
      <UnitOfMeasurePrice>5.31</UnitOfMeasurePrice>
      <AllowDiscount>1</AllowDiscount>
      <itemStatus>1</itemStatus>
      <LastUpdateDate />
      <LastUpdateTime />
    </Product>
    <Product>
      <PriceUpdateDate>2018/06/25 11:18</PriceUpdateDate>
      <ItemCode>7290017129815</ItemCode>
      <ItemType>1</ItemType>
      <ItemName>מרשמלו מסטיק  100 גר</ItemName>
      <ManufactureName>כרמית תעשיות ממתקים בעמ</ManufactureName>
      <ManufactureCountry />
      <ManufactureItemDescription />
      <UnitQty>י"ח</UnitQty>
      <Quantity>100</Quantity>
      <UnitMeasure>ל  גרם</UnitMeasure>
      <BisWeighted>0</BisWeighted>
      <QtyInPackage>1</QtyInPackage>
      <ItemPrice>3.90</ItemPrice>
      <UnitOfMeasurePrice>3.90</UnitOfMeasurePrice>
      <AllowDiscount>1</AllowDiscount>
      <itemStatus>1</itemStatus>
      <LastUpdateDate />
      <LastUpdateTime />
    </Product>
    <Product>
      <PriceUpdateDate>2017/06/12 09:17</PriceUpdateDate>
      <ItemCode>7290017142012</ItemCode>
      <ItemType>1</ItemType>
      <ItemName>שמן קוקוס אורגני כתית 500מ"ל עץ הזית</ItemName>
      <ManufactureName>שמן תעשיות בעמ</ManufactureName>
      <ManufactureCountry />
      <ManufactureItemDescription />
      <UnitQty>י"ח</UnitQty>
      <Quantity>500</Quantity>
      <UnitMeasure>ל  מ"ל</UnitMeasure>
      <BisWeighted>0</BisWeighted>
      <QtyInPackage>1</QtyInPackage>
      <ItemPrice>39.90</ItemPrice>
      <UnitOfMeasurePrice>7.98</UnitOfMeasurePrice>
      <AllowDiscount>1</AllowDiscount>
      <itemStatus>1</itemStatus>
      <LastUpdateDate />
      <LastUpdateTime />
    </Product>
    <Product>
      <PriceUpdateDate>2018/05/02 08:27</PriceUpdateDate>
      <ItemCode>7290017142098</ItemCode>
      <ItemType>1</ItemType>
      <ItemName>פתיתי טונה  בהירה בשמן קנולה אריזת טו</ItemName>
      <ManufactureName>שמן תעשיות בעמ</ManufactureName>
      <ManufactureCountry />
      <ManufactureItemDescription />
      <UnitQty>י"ח</UnitQty>
      <Quantity>100</Quantity>
      <UnitMeasure>ל  גרם</UnitMeasure>
      <BisWeighted>0</BisWeighted>
      <QtyInPackage>1</QtyInPackage>
      <ItemPrice>8.90</ItemPrice>
      <UnitOfMeasurePrice>8.90</UnitOfMeasurePrice>
      <AllowDiscount>1</AllowDiscount>
      <itemStatus>1</itemStatus>
      <LastUpdateDate />
      <LastUpdateTime />
    </Product>
    <Product>
      <PriceUpdateDate>2018/05/02 08:27</PriceUpdateDate>
      <ItemCode>7290017142104</ItemCode>
      <ItemType>1</ItemType>
      <ItemName>פתיתי טונה  בהירה במי מלח אריזת טו</ItemName>
      <ManufactureName>שמן תעשיות בעמ</ManufactureName>
      <ManufactureCountry />
      <ManufactureItemDescription />
      <UnitQty>י"ח</UnitQty>
      <Quantity>100</Quantity>
      <UnitMeasure>ל  גרם</UnitMeasure>
      <BisWeighted>0</BisWeighted>
      <QtyInPackage>1</QtyInPackage>
      <ItemPrice>8.90</ItemPrice>
      <UnitOfMeasurePrice>8.90</UnitOfMeasurePrice>
      <AllowDiscount>1</AllowDiscount>
      <itemStatus>1</itemStatus>
      <LastUpdateDate />
      <LastUpdateTime />
    </Product>
    <Product>
      <PriceUpdateDate>2019/06/24 08:38</PriceUpdateDate>
      <ItemCode>7290017142159</ItemCode>
      <ItemType>1</ItemType>
      <ItemName>נתחי טונה  בהירה בשמן זית 80ג שלישייה</ItemName>
      <ManufactureName>שמן תעשיות בעמ</ManufactureName>
      <ManufactureCountry />
      <ManufactureItemDescription />
      <UnitQty>י"ח</UnitQty>
      <Quantity>240</Quantity>
      <UnitMeasure>ל  גרם</UnitMeasure>
      <BisWeighted>0</BisWeighted>
      <QtyInPackage>1</QtyInPackage>
      <ItemPrice>21.90</ItemPrice>
      <UnitOfMeasurePrice>9.13</UnitOfMeasurePrice>
      <AllowDiscount>1</AllowDiscount>
      <itemStatus>1</itemStatus>
      <LastUpdateDate />
      <LastUpdateTime />
    </Product>
    <Product>
      <PriceUpdateDate>2018/10/14 10:04</PriceUpdateDate>
      <ItemCode>7290017217055</ItemCode>
      <ItemType>1</ItemType>
      <ItemName>נובי ערכת טעימות ראשונות</ItemName>
      <ManufactureName>אינטרסן (1996) בעמ</ManufactureName>
      <ManufactureCountry />
      <ManufactureItemDescription />
      <UnitQty>י"ח</UnitQty>
      <Quantity>1</Quantity>
      <UnitMeasure>י"ח</UnitMeasure>
      <BisWeighted>0</BisWeighted>
      <QtyInPackage>1</QtyInPackage>
      <ItemPrice>33.90</ItemPrice>
      <UnitOfMeasurePrice>33.90</UnitOfMeasurePrice>
      <AllowDiscount>1</AllowDiscount>
      <itemStatus>1</itemStatus>
      <LastUpdateDate />
      <LastUpdateTime />
    </Product>
    <Product>
      <PriceUpdateDate>2018/12/02 10:26</PriceUpdateDate>
      <ItemCode>7290017217222</ItemCode>
      <ItemType>1</ItemType>
      <ItemName>כוסות נייר מהודרות זיג זג 20יח</ItemName>
      <ManufactureName>אינטרסן (1996) בעמ</ManufactureName>
      <ManufactureCountry />
      <ManufactureItemDescription />
      <UnitQty>י"ח</UnitQty>
      <Quantity>1</Quantity>
      <UnitMeasure />
      <BisWeighted>0</BisWeighted>
      <QtyInPackage>1</QtyInPackage>
      <ItemPrice>9.90</ItemPrice>
      <UnitOfMeasurePrice>9.90</UnitOfMeasurePrice>
      <AllowDiscount>1</AllowDiscount>
      <itemStatus>1</itemStatus>
      <LastUpdateDate />
      <LastUpdateTime />
    </Product>
    <Product>
      <PriceUpdateDate>2019/09/17 08:23</PriceUpdateDate>
      <ItemCode>7290017217598</ItemCode>
      <ItemType>1</ItemType>
      <ItemName>גלילי עץ להדלקת פחם 300ג</ItemName>
      <ManufactureName>אינטרסן (1996) בעמ</ManufactureName>
      <ManufactureCountry />
      <ManufactureItemDescription />
      <UnitQty>י"ח</UnitQty>
      <Quantity>300</Quantity>
      <UnitMeasure>ל  גרם</UnitMeasure>
      <BisWeighted>0</BisWeighted>
      <QtyInPackage>1</QtyInPackage>
      <ItemPrice>14.90</ItemPrice>
      <UnitOfMeasurePrice>4.97</UnitOfMeasurePrice>
      <AllowDiscount>1</AllowDiscount>
      <itemStatus>1</itemStatus>
      <LastUpdateDate />
      <LastUpdateTime />
    </Product>
    <Product>
      <PriceUpdateDate>2019/01/13 12:20</PriceUpdateDate>
      <ItemCode>7290017289090</ItemCode>
      <ItemType>1</ItemType>
      <ItemName>יין קברנה סובניון ממלכת יהודה</ItemName>
      <ManufactureName>יקבי טפרברג 1870 בעמ</ManufactureName>
      <ManufactureCountry />
      <ManufactureItemDescription />
      <UnitQty>י"ח</UnitQty>
      <Quantity>750</Quantity>
      <UnitMeasure>ל  מ"ל</UnitMeasure>
      <BisWeighted>0</BisWeighted>
      <QtyInPackage>1</QtyInPackage>
      <ItemPrice>25.20</ItemPrice>
      <UnitOfMeasurePrice>3.32</UnitOfMeasurePrice>
      <AllowDiscount>1</AllowDiscount>
      <itemStatus>1</itemStatus>
      <LastUpdateDate />
      <LastUpdateTime />
    </Product>
    <Product>
      <PriceUpdateDate>2019/01/13 12:20</PriceUpdateDate>
      <ItemCode>7290017289106</ItemCode>
      <ItemType>1</ItemType>
      <ItemName>יין מרלו ממלכת יהודה</ItemName>
      <ManufactureName>יקבי טפרברג 1870 בעמ</ManufactureName>
      <ManufactureCountry />
      <ManufactureItemDescription />
      <UnitQty>י"ח</UnitQty>
      <Quantity>750</Quantity>
      <UnitMeasure>ל  מ"ל</UnitMeasure>
      <BisWeighted>0</BisWeighted>
      <QtyInPackage>1</QtyInPackage>
      <ItemPrice>25.20</ItemPrice>
      <UnitOfMeasurePrice>3.32</UnitOfMeasurePrice>
      <AllowDiscount>1</AllowDiscount>
      <itemStatus>1</itemStatus>
      <LastUpdateDate />
      <LastUpdateTime />
    </Product>
    <Product>
      <PriceUpdateDate>2019/01/13 12:20</PriceUpdateDate>
      <ItemCode>7290017289113</ItemCode>
      <ItemType>1</ItemType>
      <ItemName>יין שיראז ממלכת יהודה</ItemName>
      <ManufactureName>יקבי טפרברג 1870 בעמ</ManufactureName>
      <ManufactureCountry />
      <ManufactureItemDescription />
      <UnitQty>י"ח</UnitQty>
      <Quantity>750</Quantity>
      <UnitMeasure>ל  מ"ל</UnitMeasure>
      <BisWeighted>0</BisWeighted>
      <QtyInPackage>1</QtyInPackage>
      <ItemPrice>25.20</ItemPrice>
      <UnitOfMeasurePrice>3.32</UnitOfMeasurePrice>
      <AllowDiscount>1</AllowDiscount>
      <itemStatus>1</itemStatus>
      <LastUpdateDate />
      <LastUpdateTime />
    </Product>
    <Product>
      <PriceUpdateDate>2019/01/13 12:20</PriceUpdateDate>
      <ItemCode>7290017289120</ItemCode>
      <ItemType>1</ItemType>
      <ItemName>יין מרלו-פטיט סירה ממלכת יהודה.</ItemName>
      <ManufactureName>יקבי טפרברג 1870 בעמ</ManufactureName>
      <ManufactureCountry />
      <ManufactureItemDescription />
      <UnitQty>י"ח</UnitQty>
      <Quantity>750</Quantity>
      <UnitMeasure>ל  מ"ל</UnitMeasure>
      <BisWeighted>0</BisWeighted>
      <QtyInPackage>1</QtyInPackage>
      <ItemPrice>25.20</ItemPrice>
      <UnitOfMeasurePrice>3.32</UnitOfMeasurePrice>
      <AllowDiscount>1</AllowDiscount>
      <itemStatus>1</itemStatus>
      <LastUpdateDate />
      <LastUpdateTime />
    </Product>
    <Product>
      <PriceUpdateDate>2019/01/13 12:20</PriceUpdateDate>
      <ItemCode>7290017289137</ItemCode>
      <ItemType>1</ItemType>
      <ItemName>יין זינפנדל ממלכת יהודה.</ItemName>
      <ManufactureName>יקבי טפרברג 1870 בעמ</ManufactureName>
      <ManufactureCountry />
      <ManufactureItemDescription />
      <UnitQty>י"ח</UnitQty>
      <Quantity>750</Quantity>
      <UnitMeasure>ל  מ"ל</UnitMeasure>
      <BisWeighted>0</BisWeighted>
      <QtyInPackage>1</QtyInPackage>
      <ItemPrice>25.20</ItemPrice>
      <UnitOfMeasurePrice>3.32</UnitOfMeasurePrice>
      <AllowDiscount>1</AllowDiscount>
      <itemStatus>1</itemStatus>
      <LastUpdateDate />
      <LastUpdateTime />
    </Product>
    <Product>
      <PriceUpdateDate>2019/01/13 12:20</PriceUpdateDate>
      <ItemCode>7290017289144</ItemCode>
      <ItemType>1</ItemType>
      <ItemName>יין סוביניון בלאן ממלכת יהודה.</ItemName>
      <ManufactureName>יקבי טפרברג 1870 בעמ</ManufactureName>
      <ManufactureCountry />
      <ManufactureItemDescription />
      <UnitQty>י"ח</UnitQty>
      <Quantity>750</Quantity>
      <UnitMeasure>ל  מ"ל</UnitMeasure>
      <BisWeighted>0</BisWeighted>
      <QtyInPackage>1</QtyInPackage>
      <ItemPrice>25.20</ItemPrice>
      <UnitOfMeasurePrice>3.32</UnitOfMeasurePrice>
      <AllowDiscount>1</AllowDiscount>
      <itemStatus>1</itemStatus>
      <LastUpdateDate />
      <LastUpdateTime />
    </Product>
    <Product>
      <PriceUpdateDate>2019/01/13 12:20</PriceUpdateDate>
      <ItemCode>7290017289151</ItemCode>
      <ItemType>1</ItemType>
      <ItemName>יין אמרלד ריזלינג ממלכת יהודה.</ItemName>
      <ManufactureName>יקבי טפרברג 1870 בעמ</ManufactureName>
      <ManufactureCountry />
      <ManufactureItemDescription />
      <UnitQty>י"ח</UnitQty>
      <Quantity>750</Quantity>
      <UnitMeasure>ל  מ"ל</UnitMeasure>
      <BisWeighted>0</BisWeighted>
      <QtyInPackage>1</QtyInPackage>
      <ItemPrice>25.20</ItemPrice>
      <UnitOfMeasurePrice>3.32</UnitOfMeasurePrice>
      <AllowDiscount>1</AllowDiscount>
      <itemStatus>1</itemStatus>
      <LastUpdateDate />
      <LastUpdateTime />
    </Product>
    <Product>
      <PriceUpdateDate>2019/01/13 12:20</PriceUpdateDate>
      <ItemCode>7290017289168</ItemCode>
      <ItemType>1</ItemType>
      <ItemName>יין אדום יבש סדרת ישראלי 750מ"ל</ItemName>
      <ManufactureName>יקבי טפרברג 1870 בעמ</ManufactureName>
      <ManufactureCountry />
      <ManufactureItemDescription />
      <UnitQty>י"ח</UnitQty>
      <Quantity>750</Quantity>
      <UnitMeasure>ל  מ"ל</UnitMeasure>
      <BisWeighted>0</BisWeighted>
      <QtyInPackage>1</QtyInPackage>
      <ItemPrice>21.20</ItemPrice>
      <UnitOfMeasurePrice>2.79</UnitOfMeasurePrice>
      <AllowDiscount>1</AllowDiscount>
      <itemStatus>1</itemStatus>
      <LastUpdateDate />
      <LastUpdateTime />
    </Product>
    <Product>
      <PriceUpdateDate>2019/01/13 12:20</PriceUpdateDate>
      <ItemCode>7290017289175</ItemCode>
      <ItemType>1</ItemType>
      <ItemName>יין פטיט סירה סדרת ישראלי 750מ"ל.</ItemName>
      <ManufactureName>יקבי טפרברג 1870 בעמ</ManufactureName>
      <ManufactureCountry />
      <ManufactureItemDescription />
      <UnitQty>י"ח</UnitQty>
      <Quantity>750</Quantity>
      <UnitMeasure>ל  מ"ל</UnitMeasure>
      <BisWeighted>0</BisWeighted>
      <QtyInPackage>1</QtyInPackage>
      <ItemPrice>21.20</ItemPrice>
      <UnitOfMeasurePrice>2.79</UnitOfMeasurePrice>
      <AllowDiscount>1</AllowDiscount>
      <itemStatus>1</itemStatus>
      <LastUpdateDate />
      <LastUpdateTime />
    </Product>
    <Product>
      <PriceUpdateDate>2019/01/13 12:20</PriceUpdateDate>
      <ItemCode>7290017289182</ItemCode>
      <ItemType>1</ItemType>
      <ItemName>יין לבן חצי יבש סדרת ישראלי 750מ"ל</ItemName>
      <ManufactureName>יקבי טפרברג 1870 בעמ</ManufactureName>
      <ManufactureCountry />
      <ManufactureItemDescription />
      <UnitQty>י"ח</UnitQty>
      <Quantity>750</Quantity>
      <UnitMeasure>ל  מ"ל</UnitMeasure>
      <BisWeighted>0</BisWeighted>
      <QtyInPackage>1</QtyInPackage>
      <ItemPrice>21.20</ItemPrice>
      <UnitOfMeasurePrice>2.79</UnitOfMeasurePrice>
      <AllowDiscount>1</AllowDiscount>
      <itemStatus>1</itemStatus>
      <LastUpdateDate />
      <LastUpdateTime />
    </Product>
    <Product>
      <PriceUpdateDate>2019/01/13 12:20</PriceUpdateDate>
      <ItemCode>7290017289199</ItemCode>
      <ItemType>1</ItemType>
      <ItemName>יין לבן יבש סדרת ישראלי 750מ"ל</ItemName>
      <ManufactureName>יקבי טפרברג 1870 בעמ</ManufactureName>
      <ManufactureCountry />
      <ManufactureItemDescription />
      <UnitQty>י"ח</UnitQty>
      <Quantity>750</Quantity>
      <UnitMeasure>ל  מ"ל</UnitMeasure>
      <BisWeighted>0</BisWeighted>
      <QtyInPackage>1</QtyInPackage>
      <ItemPrice>21.20</ItemPrice>
      <UnitOfMeasurePrice>2.79</UnitOfMeasurePrice>
      <AllowDiscount>1</AllowDiscount>
      <itemStatus>1</itemStatus>
      <LastUpdateDate />
      <LastUpdateTime />
    </Product>
    <Product>
      <PriceUpdateDate>2019/01/13 12:20</PriceUpdateDate>
      <ItemCode>7290017289205</ItemCode>
      <ItemType>1</ItemType>
      <ItemName>יין קברנה סביניון סדרת ישראלי 750מ"ל</ItemName>
      <ManufactureName>יקבי טפרברג 1870 בעמ</ManufactureName>
      <ManufactureCountry />
      <ManufactureItemDescription />
      <UnitQty>י"ח</UnitQty>
      <Quantity>750</Quantity>
      <UnitMeasure>ל  מ"ל</UnitMeasure>
      <BisWeighted>0</BisWeighted>
      <QtyInPackage>1</QtyInPackage>
      <ItemPrice>21.20</ItemPrice>
      <UnitOfMeasurePrice>2.79</UnitOfMeasurePrice>
      <AllowDiscount>1</AllowDiscount>
      <itemStatus>1</itemStatus>
      <LastUpdateDate />
      <LastUpdateTime />
    </Product>
    <Product>
      <PriceUpdateDate>2019/10/28 09:56</PriceUpdateDate>
      <ItemCode>7290017296081</ItemCode>
      <ItemType>1</ItemType>
      <ItemName>סבון ורוד 2 ליטר פנינה</ItemName>
      <ManufactureName>פנינה רוזנבלום בעמ</ManufactureName>
      <ManufactureCountry />
      <ManufactureItemDescription />
      <UnitQty>י"ח</UnitQty>
      <Quantity>2</Quantity>
      <UnitMeasure>ליטר</UnitMeasure>
      <BisWeighted>0</BisWeighted>
      <QtyInPackage>1</QtyInPackage>
      <ItemPrice>17.90</ItemPrice>
      <UnitOfMeasurePrice>8.95</UnitOfMeasurePrice>
      <AllowDiscount>1</AllowDiscount>
      <itemStatus>1</itemStatus>
      <LastUpdateDate />
      <LastUpdateTime />
    </Product>
    <Product>
      <PriceUpdateDate>2019/10/28 09:56</PriceUpdateDate>
      <ItemCode>7290017296098</ItemCode>
      <ItemType>1</ItemType>
      <ItemName>סבון לבן 2 ליטר פנינה</ItemName>
      <ManufactureName>פנינה רוזנבלום בעמ</ManufactureName>
      <ManufactureCountry />
      <ManufactureItemDescription />
      <UnitQty>י"ח</UnitQty>
      <Quantity>2</Quantity>
      <UnitMeasure>ליטר</UnitMeasure>
      <BisWeighted>0</BisWeighted>
      <QtyInPackage>1</QtyInPackage>
      <ItemPrice>17.90</ItemPrice>
      <UnitOfMeasurePrice>8.95</UnitOfMeasurePrice>
      <AllowDiscount>1</AllowDiscount>
      <itemStatus>1</itemStatus>
      <LastUpdateDate />
      <LastUpdateTime />
    </Product>
    <Product>
      <PriceUpdateDate>2019/10/28 09:56</PriceUpdateDate>
      <ItemCode>7290017296104</ItemCode>
      <ItemType>1</ItemType>
      <ItemName>שמפו 2 ליטר פנינה.</ItemName>
      <ManufactureName>פנינה רוזנבלום בעמ</ManufactureName>
      <ManufactureCountry />
      <ManufactureItemDescription />
      <UnitQty>י"ח</UnitQty>
      <Quantity>2</Quantity>
      <UnitMeasure>ליטר</UnitMeasure>
      <BisWeighted>0</BisWeighted>
      <QtyInPackage>1</QtyInPackage>
      <ItemPrice>19.90</ItemPrice>
      <UnitOfMeasurePrice>9.95</UnitOfMeasurePrice>
      <AllowDiscount>1</AllowDiscount>
      <itemStatus>1</itemStatus>
      <LastUpdateDate />
      <LastUpdateTime />
    </Product>
    <Product>
      <PriceUpdateDate>2019/10/28 09:56</PriceUpdateDate>
      <ItemCode>7290017296111</ItemCode>
      <ItemType>1</ItemType>
      <ItemName>מרכך 2 ליטר פנינה.</ItemName>
      <ManufactureName>פנינה רוזנבלום בעמ</ManufactureName>
      <ManufactureCountry />
      <ManufactureItemDescription />
      <UnitQty>י"ח</UnitQty>
      <Quantity>2</Quantity>
      <UnitMeasure>ליטר</UnitMeasure>
      <BisWeighted>0</BisWeighted>
      <QtyInPackage>1</QtyInPackage>
      <ItemPrice>19.90</ItemPrice>
      <UnitOfMeasurePrice>9.95</UnitOfMeasurePrice>
      <AllowDiscount>1</AllowDiscount>
      <itemStatus>1</itemStatus>
      <LastUpdateDate />
      <LastUpdateTime />
    </Product>
    <Product>
      <PriceUpdateDate>2020/05/01 07:43</PriceUpdateDate>
      <ItemCode>7290017332000</ItemCode>
      <ItemType>1</ItemType>
      <ItemName>פס גבינה 500גר לייבוביץ</ItemName>
      <ManufactureName>לייבוביץ</ManufactureName>
      <ManufactureCountry />
      <ManufactureItemDescription />
      <UnitQty>י"ח</UnitQty>
      <Quantity>500</Quantity>
      <UnitMeasure>ל  גרם</UnitMeasure>
      <BisWeighted>0</BisWeighted>
      <QtyInPackage>1</QtyInPackage>
      <ItemPrice>34.90</ItemPrice>
      <UnitOfMeasurePrice>6.98</UnitOfMeasurePrice>
      <AllowDiscount>1</AllowDiscount>
      <itemStatus>1</itemStatus>
      <LastUpdateDate />
      <LastUpdateTime />
    </Product>
    <Product>
      <PriceUpdateDate>2019/12/18 08:01</PriceUpdateDate>
      <ItemCode>7290017440682</ItemCode>
      <ItemType>1</ItemType>
      <ItemName>שמפו בלונד ד"ר פישר 400מ"ל</ItemName>
      <ManufactureName>פישר תעשיות פרמבצטיות בעמ</ManufactureName>
      <ManufactureCountry />
      <ManufactureItemDescription />
      <UnitQty>י"ח</UnitQty>
      <Quantity>400</Quantity>
      <UnitMeasure>ל  מ"ל</UnitMeasure>
      <BisWeighted>0</BisWeighted>
      <QtyInPackage>1</QtyInPackage>
      <ItemPrice>29.90</ItemPrice>
      <UnitOfMeasurePrice>7.48</UnitOfMeasurePrice>
      <AllowDiscount>1</AllowDiscount>
      <itemStatus>1</itemStatus>
      <LastUpdateDate />
      <LastUpdateTime />
    </Product>
    <Product>
      <PriceUpdateDate>2019/12/18 08:01</PriceUpdateDate>
      <ItemCode>7290017440699</ItemCode>
      <ItemType>1</ItemType>
      <ItemName>מרכך בלונד 400מ"ל ד"ר פישר</ItemName>
      <ManufactureName>פישר תעשיות פרמבצטיות בעמ</ManufactureName>
      <ManufactureCountry />
      <ManufactureItemDescription />
      <UnitQty>י"ח</UnitQty>
      <Quantity>400</Quantity>
      <UnitMeasure>ל  מ"ל</UnitMeasure>
      <BisWeighted>0</BisWeighted>
      <QtyInPackage>1</QtyInPackage>
      <ItemPrice>29.90</ItemPrice>
      <UnitOfMeasurePrice>7.48</UnitOfMeasurePrice>
      <AllowDiscount>1</AllowDiscount>
      <itemStatus>1</itemStatus>
      <LastUpdateDate />
      <LastUpdateTime />
    </Product>
    <Product>
      <PriceUpdateDate>2019/07/17 08:12</PriceUpdateDate>
      <ItemCode>7290017440798</ItemCode>
      <ItemType>1</ItemType>
      <ItemName>מרכך Silver לשיער כסוף</ItemName>
      <ManufactureName>פישר תעשיות פרמבצטיות בעמ</ManufactureName>
      <ManufactureCountry />
      <ManufactureItemDescription />
      <UnitQty>י"ח</UnitQty>
      <Quantity>50</Quantity>
      <UnitMeasure>ל  מ"ל</UnitMeasure>
      <BisWeighted>0</BisWeighted>
      <QtyInPackage>1</QtyInPackage>
      <ItemPrice>29.90</ItemPrice>
      <UnitOfMeasurePrice>59.80</UnitOfMeasurePrice>
      <AllowDiscount>1</AllowDiscount>
      <itemStatus>1</itemStatus>
      <LastUpdateDate />
      <LastUpdateTime />
    </Product>
    <Product>
      <PriceUpdateDate>2019/04/17 08:52</PriceUpdateDate>
      <ItemCode>7290017440965</ItemCode>
      <ItemType>1</ItemType>
      <ItemName>אל סבון ניקיון קמיל 1ליטר</ItemName>
      <ManufactureName>פישר תעשיות פרמבצטיות בעמ</ManufactureName>
      <ManufactureCountry />
      <ManufactureItemDescription />
      <UnitQty>י"ח</UnitQty>
      <Quantity>1</Quantity>
      <UnitMeasure>ליטר</UnitMeasure>
      <BisWeighted>0</BisWeighted>
      <QtyInPackage>1</QtyInPackage>
      <ItemPrice>14.90</ItemPrice>
      <UnitOfMeasurePrice>14.90</UnitOfMeasurePrice>
      <AllowDiscount>1</AllowDiscount>
      <itemStatus>1</itemStatus>
      <LastUpdateDate />
      <LastUpdateTime />
    </Product>
    <Product>
      <PriceUpdateDate>2019/04/24 12:13</PriceUpdateDate>
      <ItemCode>7290017457543</ItemCode>
      <ItemType>1</ItemType>
      <ItemName>מרכך כביסה מרוכז 600מ"ל רומנס</ItemName>
      <ManufactureName>גורי שיווק בעמ</ManufactureName>
      <ManufactureCountry />
      <ManufactureItemDescription />
      <UnitQty>י"ח</UnitQty>
      <Quantity>600</Quantity>
      <UnitMeasure>ל  מ"ל</UnitMeasure>
      <BisWeighted>0</BisWeighted>
      <QtyInPackage>1</QtyInPackage>
      <ItemPrice>12.90</ItemPrice>
      <UnitOfMeasurePrice>2.15</UnitOfMeasurePrice>
      <AllowDiscount>1</AllowDiscount>
      <itemStatus>1</itemStatus>
      <LastUpdateDate />
      <LastUpdateTime />
    </Product>
    <Product>
      <PriceUpdateDate>2019/04/24 12:13</PriceUpdateDate>
      <ItemCode>7290017457550</ItemCode>
      <ItemType>1</ItemType>
      <ItemName>מרכך כביסה מרוכז 600מ"ל גלמור</ItemName>
      <ManufactureName>גורי שיווק בעמ</ManufactureName>
      <ManufactureCountry />
      <ManufactureItemDescription />
      <UnitQty>י"ח</UnitQty>
      <Quantity>600</Quantity>
      <UnitMeasure>ל  מ"ל</UnitMeasure>
      <BisWeighted>0</BisWeighted>
      <QtyInPackage>1</QtyInPackage>
      <ItemPrice>12.90</ItemPrice>
      <UnitOfMeasurePrice>2.15</UnitOfMeasurePrice>
      <AllowDiscount>1</AllowDiscount>
      <itemStatus>1</itemStatus>
      <LastUpdateDate />
      <LastUpdateTime />
    </Product>
    <Product>
      <PriceUpdateDate>2019/04/24 12:13</PriceUpdateDate>
      <ItemCode>7290017457567</ItemCode>
      <ItemType>1</ItemType>
      <ItemName>מרכך כביסה מרוכז 600מ"ל אלגנט</ItemName>
      <ManufactureName>גורי שיווק בעמ</ManufactureName>
      <ManufactureCountry />
      <ManufactureItemDescription />
      <UnitQty>י"ח</UnitQty>
      <Quantity>600</Quantity>
      <UnitMeasure>ל  מ"ל</UnitMeasure>
      <BisWeighted>0</BisWeighted>
      <QtyInPackage>1</QtyInPackage>
      <ItemPrice>12.90</ItemPrice>
      <UnitOfMeasurePrice>2.15</UnitOfMeasurePrice>
      <AllowDiscount>1</AllowDiscount>
      <itemStatus>1</itemStatus>
      <LastUpdateDate />
      <LastUpdateTime />
    </Product>
    <Product>
      <PriceUpdateDate>2019/04/30 08:40</PriceUpdateDate>
      <ItemCode>7290017457574</ItemCode>
      <ItemType>1</ItemType>
      <ItemName>סוד כדוריות 1/3 פרחים 204ג</ItemName>
      <ManufactureName>גורי שיווק בעמ</ManufactureName>
      <ManufactureCountry />
      <ManufactureItemDescription />
      <UnitQty>י"ח</UnitQty>
      <Quantity>204</Quantity>
      <UnitMeasure>ל  מ"ל</UnitMeasure>
      <BisWeighted>0</BisWeighted>
      <QtyInPackage>1</QtyInPackage>
      <ItemPrice>19.90</ItemPrice>
      <UnitOfMeasurePrice>9.75</UnitOfMeasurePrice>
      <AllowDiscount>1</AllowDiscount>
      <itemStatus>1</itemStatus>
      <LastUpdateDate />
      <LastUpdateTime />
    </Product>
    <Product>
      <PriceUpdateDate>2019/05/01 09:01</PriceUpdateDate>
      <ItemCode>7290017457581</ItemCode>
      <ItemType>1</ItemType>
      <ItemName>סוד מרכך מרוכז coconut water 900מ"ל</ItemName>
      <ManufactureName>גורי שיווק בעמ</ManufactureName>
      <ManufactureCountry />
      <ManufactureItemDescription />
      <UnitQty>י"ח</UnitQty>
      <Quantity>90</Quantity>
      <UnitMeasure>ל  מ"ל</UnitMeasure>
      <BisWeighted>0</BisWeighted>
      <QtyInPackage>1</QtyInPackage>
      <ItemPrice>13.90</ItemPrice>
      <UnitOfMeasurePrice>15.44</UnitOfMeasurePrice>
      <AllowDiscount>1</AllowDiscount>
      <itemStatus>1</itemStatus>
      <LastUpdateDate />
      <LastUpdateTime />
    </Product>
    <Product>
      <PriceUpdateDate>2019/05/01 09:01</PriceUpdateDate>
      <ItemCode>7290017457598</ItemCode>
      <ItemType>1</ItemType>
      <ItemName>סוד מרכך מרוכז 900מ"ל summer blossom</ItemName>
      <ManufactureName>גורי שיווק בעמ</ManufactureName>
      <ManufactureCountry />
      <ManufactureItemDescription />
      <UnitQty>י"ח</UnitQty>
      <Quantity>90</Quantity>
      <UnitMeasure>ל  מ"ל</UnitMeasure>
      <BisWeighted>0</BisWeighted>
      <QtyInPackage>1</QtyInPackage>
      <ItemPrice>13.90</ItemPrice>
      <UnitOfMeasurePrice>15.44</UnitOfMeasurePrice>
      <AllowDiscount>1</AllowDiscount>
      <itemStatus>1</itemStatus>
      <LastUpdateDate />
      <LastUpdateTime />
    </Product>
    <Product>
      <PriceUpdateDate>2019/05/01 09:01</PriceUpdateDate>
      <ItemCode>7290017457703</ItemCode>
      <ItemType>1</ItemType>
      <ItemName>סוד מרכך מרוכז זהב 900מ"ל</ItemName>
      <ManufactureName>גורי שיווק בעמ</ManufactureName>
      <ManufactureCountry />
      <ManufactureItemDescription />
      <UnitQty>י"ח</UnitQty>
      <Quantity>90</Quantity>
      <UnitMeasure>ל  מ"ל</UnitMeasure>
      <BisWeighted>0</BisWeighted>
      <QtyInPackage>1</QtyInPackage>
      <ItemPrice>13.90</ItemPrice>
      <UnitOfMeasurePrice>15.44</UnitOfMeasurePrice>
      <AllowDiscount>1</AllowDiscount>
      <itemStatus>1</itemStatus>
      <LastUpdateDate />
      <LastUpdateTime />
    </Product>
    <Product>
      <PriceUpdateDate>2019/05/01 09:01</PriceUpdateDate>
      <ItemCode>7290017457710</ItemCode>
      <ItemType>1</ItemType>
      <ItemName>סוד מרכך מרוכז סגול 900מ"ל</ItemName>
      <ManufactureName>גורי שיווק בעמ</ManufactureName>
      <ManufactureCountry />
      <ManufactureItemDescription />
      <UnitQty>י"ח</UnitQty>
      <Quantity>90</Quantity>
      <UnitMeasure>ל  מ"ל</UnitMeasure>
      <BisWeighted>0</BisWeighted>
      <QtyInPackage>1</QtyInPackage>
      <ItemPrice>13.90</ItemPrice>
      <UnitOfMeasurePrice>15.44</UnitOfMeasurePrice>
      <AllowDiscount>1</AllowDiscount>
      <itemStatus>1</itemStatus>
      <LastUpdateDate />
      <LastUpdateTime />
    </Product>
    <Product>
      <PriceUpdateDate>2019/04/30 08:40</PriceUpdateDate>
      <ItemCode>7290017457727</ItemCode>
      <ItemType>1</ItemType>
      <ItemName>סוד מרכך מרוכז כחול 900מ"ל</ItemName>
      <ManufactureName>גורי שיווק בעמ</ManufactureName>
      <ManufactureCountry />
      <ManufactureItemDescription />
      <UnitQty>י"ח</UnitQty>
      <Quantity>90</Quantity>
      <UnitMeasure>ל  מ"ל</UnitMeasure>
      <BisWeighted>0</BisWeighted>
      <QtyInPackage>1</QtyInPackage>
      <ItemPrice>13.90</ItemPrice>
      <UnitOfMeasurePrice>15.44</UnitOfMeasurePrice>
      <AllowDiscount>1</AllowDiscount>
      <itemStatus>1</itemStatus>
      <LastUpdateDate />
      <LastUpdateTime />
    </Product>
    <Product>
      <PriceUpdateDate>2019/05/01 09:01</PriceUpdateDate>
      <ItemCode>7290017457734</ItemCode>
      <ItemType>1</ItemType>
      <ItemName>סוד מרכך מרוכז ורוד 900מ"ל</ItemName>
      <ManufactureName>גורי שיווק בעמ</ManufactureName>
      <ManufactureCountry />
      <ManufactureItemDescription />
      <UnitQty>י"ח</UnitQty>
      <Quantity>90</Quantity>
      <UnitMeasure>ל  מ"ל</UnitMeasure>
      <BisWeighted>0</BisWeighted>
      <QtyInPackage>1</QtyInPackage>
      <ItemPrice>13.90</ItemPrice>
      <UnitOfMeasurePrice>15.44</UnitOfMeasurePrice>
      <AllowDiscount>1</AllowDiscount>
      <itemStatus>1</itemStatus>
      <LastUpdateDate />
      <LastUpdateTime />
    </Product>
    <Product>
      <PriceUpdateDate>2019/05/01 09:01</PriceUpdateDate>
      <ItemCode>7290017457741</ItemCode>
      <ItemType>1</ItemType>
      <ItemName>סוד מרכך מרוכז סגול 900מ"ל</ItemName>
      <ManufactureName>גורי שיווק בעמ</ManufactureName>
      <ManufactureCountry />
      <ManufactureItemDescription />
      <UnitQty>י"ח</UnitQty>
      <Quantity>90</Quantity>
      <UnitMeasure>ל  מ"ל</UnitMeasure>
      <BisWeighted>0</BisWeighted>
      <QtyInPackage>1</QtyInPackage>
      <ItemPrice>13.90</ItemPrice>
      <UnitOfMeasurePrice>15.44</UnitOfMeasurePrice>
      <AllowDiscount>1</AllowDiscount>
      <itemStatus>1</itemStatus>
      <LastUpdateDate />
      <LastUpdateTime />
    </Product>
    <Product>
      <PriceUpdateDate>2020/01/23 08:27</PriceUpdateDate>
      <ItemCode>7290017457819</ItemCode>
      <ItemType>1</ItemType>
      <ItemName>פרסיל קפסלות ג`ל 28יח`</ItemName>
      <ManufactureName>גורי שיווק בעמ</ManufactureName>
      <ManufactureCountry />
      <ManufactureItemDescription />
      <UnitQty>י"ח</UnitQty>
      <Quantity>1</Quantity>
      <UnitMeasure />
      <BisWeighted>0</BisWeighted>
      <QtyInPackage>1</QtyInPackage>
      <ItemPrice>34.90</ItemPrice>
      <UnitOfMeasurePrice>34.90</UnitOfMeasurePrice>
      <AllowDiscount>1</AllowDiscount>
      <itemStatus>1</itemStatus>
      <LastUpdateDate />
      <LastUpdateTime />
    </Product>
    <Product>
      <PriceUpdateDate>2018/09/23 08:00</PriceUpdateDate>
      <ItemCode>7290017513003</ItemCode>
      <ItemType>1</ItemType>
      <ItemName>חליטת פירות וצמחים טעם דובדבן</ItemName>
      <ManufactureName>תה ויסוצקי (ישראל)בעמ</ManufactureName>
      <ManufactureCountry />
      <ManufactureItemDescription />
      <UnitQty>י"ח</UnitQty>
      <Quantity>37.50</Quantity>
      <UnitMeasure>ל  גרם</UnitMeasure>
      <BisWeighted>0</BisWeighted>
      <QtyInPackage>1</QtyInPackage>
      <ItemPrice>25.90</ItemPrice>
      <UnitOfMeasurePrice>69.07</UnitOfMeasurePrice>
      <AllowDiscount>1</AllowDiscount>
      <itemStatus>1</itemStatus>
      <LastUpdateDate />
      <LastUpdateTime />
    </Product>
    <Product>
      <PriceUpdateDate>2018/09/23 08:00</PriceUpdateDate>
      <ItemCode>7290017513010</ItemCode>
      <ItemType>1</ItemType>
      <ItemName>חליטת צמחים קמומיל לימונים ותערובת פירות</ItemName>
      <ManufactureName>תה ויסוצקי (ישראל)בעמ</ManufactureName>
      <ManufactureCountry />
      <ManufactureItemDescription />
      <UnitQty>י"ח</UnitQty>
      <Quantity>37.50</Quantity>
      <UnitMeasure>ל  גרם</UnitMeasure>
      <BisWeighted>0</BisWeighted>
      <QtyInPackage>1</QtyInPackage>
      <ItemPrice>25.90</ItemPrice>
      <UnitOfMeasurePrice>69.07</UnitOfMeasurePrice>
      <AllowDiscount>1</AllowDiscount>
      <itemStatus>1</itemStatus>
      <LastUpdateDate />
      <LastUpdateTime />
    </Product>
    <Product>
      <PriceUpdateDate>2018/09/23 08:00</PriceUpdateDate>
      <ItemCode>7290017513027</ItemCode>
      <ItemType>1</ItemType>
      <ItemName>חליטת פירות וצמחים טעם פירות אדומים</ItemName>
      <ManufactureName>תה ויסוצקי (ישראל)בעמ</ManufactureName>
      <ManufactureCountry />
      <ManufactureItemDescription />
      <UnitQty>י"ח</UnitQty>
      <Quantity>37.50</Quantity>
      <UnitMeasure>ל  גרם</UnitMeasure>
      <BisWeighted>0</BisWeighted>
      <QtyInPackage>1</QtyInPackage>
      <ItemPrice>25.90</ItemPrice>
      <UnitOfMeasurePrice>69.07</UnitOfMeasurePrice>
      <AllowDiscount>1</AllowDiscount>
      <itemStatus>1</itemStatus>
      <LastUpdateDate />
      <LastUpdateTime />
    </Product>
    <Product>
      <PriceUpdateDate>2019/09/26 09:31</PriceUpdateDate>
      <ItemCode>7290017513348</ItemCode>
      <ItemType>1</ItemType>
      <ItemName>חליטת פירות וצמחים טעם תפוז וקינמון</ItemName>
      <ManufactureName>תה ויסוצקי (ישראל)בעמ</ManufactureName>
      <ManufactureCountry />
      <ManufactureItemDescription />
      <UnitQty>י"ח</UnitQty>
      <Quantity>37.50</Quantity>
      <UnitMeasure>ל  גרם</UnitMeasure>
      <BisWeighted>0</BisWeighted>
      <QtyInPackage>1</QtyInPackage>
      <ItemPrice>25.90</ItemPrice>
      <UnitOfMeasurePrice>69.07</UnitOfMeasurePrice>
      <AllowDiscount>1</AllowDiscount>
      <itemStatus>1</itemStatus>
      <LastUpdateDate />
      <LastUpdateTime />
    </Product>
    <Product>
      <PriceUpdateDate>2019/11/20 13:31</PriceUpdateDate>
      <ItemCode>7290017513485</ItemCode>
      <ItemType>1</ItemType>
      <ItemName>מחית עגבניות רוסטיקה גרנד איטליה 700גר</ItemName>
      <ManufactureName>תה ויסוצקי (ישראל)בעמ</ManufactureName>
      <ManufactureCountry />
      <ManufactureItemDescription />
      <UnitQty>י"ח</UnitQty>
      <Quantity>700</Quantity>
      <UnitMeasure>ל  גרם</UnitMeasure>
      <BisWeighted>0</BisWeighted>
      <QtyInPackage>1</QtyInPackage>
      <ItemPrice>11.90</ItemPrice>
      <UnitOfMeasurePrice>1.70</UnitOfMeasurePrice>
      <AllowDiscount>1</AllowDiscount>
      <itemStatus>1</itemStatus>
      <LastUpdateDate />
      <LastUpdateTime />
    </Product>
    <Product>
      <PriceUpdateDate>2018/12/16 10:43</PriceUpdateDate>
      <ItemCode>7290017589374</ItemCode>
      <ItemType>1</ItemType>
      <ItemName>יין שרדונה 750מ"ל Free Run</ItemName>
      <ManufactureName>טמפו משקאות בעמ</ManufactureName>
      <ManufactureCountry />
      <ManufactureItemDescription />
      <UnitQty>י"ח</UnitQty>
      <Quantity>750</Quantity>
      <UnitMeasure>ל  מ"ל</UnitMeasure>
      <BisWeighted>0</BisWeighted>
      <QtyInPackage>1</QtyInPackage>
      <ItemPrice>59.90</ItemPrice>
      <UnitOfMeasurePrice>7.95</UnitOfMeasurePrice>
      <AllowDiscount>1</AllowDiscount>
      <itemStatus>1</itemStatus>
      <LastUpdateDate />
      <LastUpdateTime />
    </Product>
    <Product>
      <PriceUpdateDate>2019/02/11 09:04</PriceUpdateDate>
      <ItemCode>7290017589565</ItemCode>
      <ItemType>1</ItemType>
      <ItemName>קלאסיק ברקן קלאסיק גוורץ 750מ"ל</ItemName>
      <ManufactureName>טמפו משקאות בעמ</ManufactureName>
      <ManufactureCountry />
      <ManufactureItemDescription />
      <UnitQty>י"ח</UnitQty>
      <Quantity>750</Quantity>
      <UnitMeasure>ל  מ"ל</UnitMeasure>
      <BisWeighted>0</BisWeighted>
      <QtyInPackage>1</QtyInPackage>
      <ItemPrice>29.90</ItemPrice>
      <UnitOfMeasurePrice>3.95</UnitOfMeasurePrice>
      <AllowDiscount>1</AllowDiscount>
      <itemStatus>1</itemStatus>
      <LastUpdateDate />
      <LastUpdateTime />
    </Product>
    <Product>
      <PriceUpdateDate>2019/12/19 08:16</PriceUpdateDate>
      <ItemCode>7290017589923</ItemCode>
      <ItemType>1</ItemType>
      <ItemName>יין גווצטרמינר  750מ"ל Free Run</ItemName>
      <ManufactureName>טמפו משקאות בעמ</ManufactureName>
      <ManufactureCountry />
      <ManufactureItemDescription />
      <UnitQty>י"ח</UnitQty>
      <Quantity>750</Quantity>
      <UnitMeasure>ל  מ"ל</UnitMeasure>
      <BisWeighted>0</BisWeighted>
      <QtyInPackage>1</QtyInPackage>
      <ItemPrice>59.90</ItemPrice>
      <UnitOfMeasurePrice>7.95</UnitOfMeasurePrice>
      <AllowDiscount>1</AllowDiscount>
      <itemStatus>1</itemStatus>
      <LastUpdateDate />
      <LastUpdateTime />
    </Product>
    <Product>
      <PriceUpdateDate>2019/11/05 10:58</PriceUpdateDate>
      <ItemCode>7290017618111</ItemCode>
      <ItemType>1</ItemType>
      <ItemName>עוגיות מלבן שקדים עם טריפל שוקולד 180ג</ItemName>
      <ManufactureName>תה ויסוצקי (ישראל)בעמ</ManufactureName>
      <ManufactureCountry />
      <ManufactureItemDescription />
      <UnitQty>י"ח</UnitQty>
      <Quantity>180</Quantity>
      <UnitMeasure>ל  גרם</UnitMeasure>
      <BisWeighted>0</BisWeighted>
      <QtyInPackage>1</QtyInPackage>
      <ItemPrice>15.90</ItemPrice>
      <UnitOfMeasurePrice>8.83</UnitOfMeasurePrice>
      <AllowDiscount>1</AllowDiscount>
      <itemStatus>1</itemStatus>
      <LastUpdateDate />
      <LastUpdateTime />
    </Product>
    <Product>
      <PriceUpdateDate>2019/11/05 10:58</PriceUpdateDate>
      <ItemCode>7290017618128</ItemCode>
      <ItemType>1</ItemType>
      <ItemName>עוגיות מלבן שקדים עם שוקלד לבן 180ג</ItemName>
      <ManufactureName>תה ויסוצקי (ישראל)בעמ</ManufactureName>
      <ManufactureCountry />
      <ManufactureItemDescription />
      <UnitQty>י"ח</UnitQty>
      <Quantity>180</Quantity>
      <UnitMeasure>ל  גרם</UnitMeasure>
      <BisWeighted>0</BisWeighted>
      <QtyInPackage>1</QtyInPackage>
      <ItemPrice>15.90</ItemPrice>
      <UnitOfMeasurePrice>8.83</UnitOfMeasurePrice>
      <AllowDiscount>1</AllowDiscount>
      <itemStatus>1</itemStatus>
      <LastUpdateDate />
      <LastUpdateTime />
    </Product>
    <Product>
      <PriceUpdateDate>2019/11/05 10:58</PriceUpdateDate>
      <ItemCode>7290017618135</ItemCode>
      <ItemType>1</ItemType>
      <ItemName>עוגיות מלבן שקדים עם שוקלד 180ג</ItemName>
      <ManufactureName>תה ויסוצקי (ישראל)בעמ</ManufactureName>
      <ManufactureCountry />
      <ManufactureItemDescription />
      <UnitQty>י"ח</UnitQty>
      <Quantity>180</Quantity>
      <UnitMeasure>ל  גרם</UnitMeasure>
      <BisWeighted>0</BisWeighted>
      <QtyInPackage>1</QtyInPackage>
      <ItemPrice>15.90</ItemPrice>
      <UnitOfMeasurePrice>8.83</UnitOfMeasurePrice>
      <AllowDiscount>1</AllowDiscount>
      <itemStatus>1</itemStatus>
      <LastUpdateDate />
      <LastUpdateTime />
    </Product>
    <Product>
      <PriceUpdateDate>2019/12/17 10:06</PriceUpdateDate>
      <ItemCode>7290017618241</ItemCode>
      <ItemType>1</ItemType>
      <ItemName>עוגיות ביס בוטנים 200ג</ItemName>
      <ManufactureName>תה ויסוצקי (ישראל)בעמ</ManufactureName>
      <ManufactureCountry />
      <ManufactureItemDescription />
      <UnitQty>י"ח</UnitQty>
      <Quantity>200</Quantity>
      <UnitMeasure>ל  גרם</UnitMeasure>
      <BisWeighted>0</BisWeighted>
      <QtyInPackage>1</QtyInPackage>
      <ItemPrice>15.90</ItemPrice>
      <UnitOfMeasurePrice>7.95</UnitOfMeasurePrice>
      <AllowDiscount>1</AllowDiscount>
      <itemStatus>1</itemStatus>
      <LastUpdateDate />
      <LastUpdateTime />
    </Product>
    <Product>
      <PriceUpdateDate>2019/12/17 10:06</PriceUpdateDate>
      <ItemCode>7290017618258</ItemCode>
      <ItemType>1</ItemType>
      <ItemName>עוגיות ביס שוקולד מריר 200ג</ItemName>
      <ManufactureName>תה ויסוצקי (ישראל)בעמ</ManufactureName>
      <ManufactureCountry />
      <ManufactureItemDescription />
      <UnitQty>י"ח</UnitQty>
      <Quantity>200</Quantity>
      <UnitMeasure>ל  גרם</UnitMeasure>
      <BisWeighted>0</BisWeighted>
      <QtyInPackage>1</QtyInPackage>
      <ItemPrice>15.90</ItemPrice>
      <UnitOfMeasurePrice>7.95</UnitOfMeasurePrice>
      <AllowDiscount>1</AllowDiscount>
      <itemStatus>1</itemStatus>
      <LastUpdateDate />
      <LastUpdateTime />
    </Product>
    <Product>
      <PriceUpdateDate>2019/12/17 10:06</PriceUpdateDate>
      <ItemCode>7290017618265</ItemCode>
      <ItemType>1</ItemType>
      <ItemName>בריוש שוקולד 380ג</ItemName>
      <ManufactureName>תה ויסוצקי (ישראל)בעמ</ManufactureName>
      <ManufactureCountry />
      <ManufactureItemDescription />
      <UnitQty>י"ח</UnitQty>
      <Quantity>380</Quantity>
      <UnitMeasure>ל  גרם</UnitMeasure>
      <BisWeighted>0</BisWeighted>
      <QtyInPackage>1</QtyInPackage>
      <ItemPrice>18.90</ItemPrice>
      <UnitOfMeasurePrice>4.97</UnitOfMeasurePrice>
      <AllowDiscount>1</AllowDiscount>
      <itemStatus>1</itemStatus>
      <LastUpdateDate />
      <LastUpdateTime />
    </Product>
    <Product>
      <PriceUpdateDate>2020/02/26 08:38</PriceUpdateDate>
      <ItemCode>7290017641508</ItemCode>
      <ItemType>1</ItemType>
      <ItemName>אגו מיקס כדור ש. חלב  55ג</ItemName>
      <ManufactureName>כרמית תעשיות ממתקים בעמ</ManufactureName>
      <ManufactureCountry />
      <ManufactureItemDescription />
      <UnitQty>י"ח</UnitQty>
      <Quantity>55</Quantity>
      <UnitMeasure>ל  גרם</UnitMeasure>
      <BisWeighted>0</BisWeighted>
      <QtyInPackage>1</QtyInPackage>
      <ItemPrice>3.90</ItemPrice>
      <UnitOfMeasurePrice>7.09</UnitOfMeasurePrice>
      <AllowDiscount>1</AllowDiscount>
      <itemStatus>1</itemStatus>
      <LastUpdateDate />
      <LastUpdateTime />
    </Product>
    <Product>
      <PriceUpdateDate>2020/02/26 08:38</PriceUpdateDate>
      <ItemCode>7290017641515</ItemCode>
      <ItemType>1</ItemType>
      <ItemName>אגו מיקס כדור ש. לבן 55ג</ItemName>
      <ManufactureName>כרמית תעשיות ממתקים בעמ</ManufactureName>
      <ManufactureCountry />
      <ManufactureItemDescription />
      <UnitQty>י"ח</UnitQty>
      <Quantity>55</Quantity>
      <UnitMeasure>ל  גרם</UnitMeasure>
      <BisWeighted>0</BisWeighted>
      <QtyInPackage>1</QtyInPackage>
      <ItemPrice>3.90</ItemPrice>
      <UnitOfMeasurePrice>7.09</UnitOfMeasurePrice>
      <AllowDiscount>1</AllowDiscount>
      <itemStatus>1</itemStatus>
      <LastUpdateDate />
      <LastUpdateTime />
    </Product>
    <Product>
      <PriceUpdateDate>2020/02/26 08:38</PriceUpdateDate>
      <ItemCode>7290017641577</ItemCode>
      <ItemType>1</ItemType>
      <ItemName>אגו מיקס כדור ש. חלב ולבן 55ג</ItemName>
      <ManufactureName>כרמית תעשיות ממתקים בעמ</ManufactureName>
      <ManufactureCountry />
      <ManufactureItemDescription />
      <UnitQty>י"ח</UnitQty>
      <Quantity>55</Quantity>
      <UnitMeasure>ל  גרם</UnitMeasure>
      <BisWeighted>0</BisWeighted>
      <QtyInPackage>1</QtyInPackage>
      <ItemPrice>3.90</ItemPrice>
      <UnitOfMeasurePrice>7.09</UnitOfMeasurePrice>
      <AllowDiscount>1</AllowDiscount>
      <itemStatus>1</itemStatus>
      <LastUpdateDate />
      <LastUpdateTime />
    </Product>
    <Product>
      <PriceUpdateDate>2019/08/13 11:00</PriceUpdateDate>
      <ItemCode>7290017647128</ItemCode>
      <ItemType>1</ItemType>
      <ItemName>גמלא קברנה סוביניון</ItemName>
      <ManufactureName>היכל היין שקד גולן בעמ</ManufactureName>
      <ManufactureCountry />
      <ManufactureItemDescription />
      <UnitQty>י"ח</UnitQty>
      <Quantity>750</Quantity>
      <UnitMeasure>ל  מ"ל</UnitMeasure>
      <BisWeighted>0</BisWeighted>
      <QtyInPackage>1</QtyInPackage>
      <ItemPrice>59.90</ItemPrice>
      <UnitOfMeasurePrice>7.95</UnitOfMeasurePrice>
      <AllowDiscount>1</AllowDiscount>
      <itemStatus>1</itemStatus>
      <LastUpdateDate />
      <LastUpdateTime />
    </Product>
    <Product>
      <PriceUpdateDate>2018/12/11 16:06</PriceUpdateDate>
      <ItemCode>7290017812052</ItemCode>
      <ItemType>1</ItemType>
      <ItemName>יין אקסלנס שיראז-קברנה  סוביניון 750מ"</ItemName>
      <ManufactureName>אגודת הכורמים -כרמל מזרחי</ManufactureName>
      <ManufactureCountry />
      <ManufactureItemDescription />
      <UnitQty>י"ח</UnitQty>
      <Quantity>750</Quantity>
      <UnitMeasure>ל  מ"ל</UnitMeasure>
      <BisWeighted>0</BisWeighted>
      <QtyInPackage>1</QtyInPackage>
      <ItemPrice>24.90</ItemPrice>
      <UnitOfMeasurePrice>3.28</UnitOfMeasurePrice>
      <AllowDiscount>1</AllowDiscount>
      <itemStatus>1</itemStatus>
      <LastUpdateDate />
      <LastUpdateTime />
    </Product>
    <Product>
      <PriceUpdateDate>2018/12/11 16:06</PriceUpdateDate>
      <ItemCode>7290017812069</ItemCode>
      <ItemType>1</ItemType>
      <ItemName>יין אקסלנס ריזלינג שרדונה 750מ"</ItemName>
      <ManufactureName>אגודת הכורמים -כרמל מזרחי</ManufactureName>
      <ManufactureCountry />
      <ManufactureItemDescription />
      <UnitQty>י"ח</UnitQty>
      <Quantity>750</Quantity>
      <UnitMeasure>ל  מ"ל</UnitMeasure>
      <BisWeighted>0</BisWeighted>
      <QtyInPackage>1</QtyInPackage>
      <ItemPrice>24.90</ItemPrice>
      <UnitOfMeasurePrice>3.28</UnitOfMeasurePrice>
      <AllowDiscount>1</AllowDiscount>
      <itemStatus>1</itemStatus>
      <LastUpdateDate />
      <LastUpdateTime />
    </Product>
    <Product>
      <PriceUpdateDate>2019/05/12 09:04</PriceUpdateDate>
      <ItemCode>7290017812106</ItemCode>
      <ItemType>1</ItemType>
      <ItemName>יין בלנד לבן 750מ"ל</ItemName>
      <ManufactureName>אגודת הכורמים -כרמל מזרחי</ManufactureName>
      <ManufactureCountry />
      <ManufactureItemDescription />
      <UnitQty>י"ח</UnitQty>
      <Quantity>750</Quantity>
      <UnitMeasure>ל  מ"ל</UnitMeasure>
      <BisWeighted>0</BisWeighted>
      <QtyInPackage>1</QtyInPackage>
      <ItemPrice>34.90</ItemPrice>
      <UnitOfMeasurePrice>4.61</UnitOfMeasurePrice>
      <AllowDiscount>1</AllowDiscount>
      <itemStatus>1</itemStatus>
      <LastUpdateDate />
      <LastUpdateTime />
    </Product>
    <Product>
      <PriceUpdateDate>2019/05/12 09:04</PriceUpdateDate>
      <ItemCode>7290017812120</ItemCode>
      <ItemType>1</ItemType>
      <ItemName>יין קברנה סוביניון חצי מתוק 750מ"ל</ItemName>
      <ManufactureName>אגודת הכורמים -כרמל מזרחי</ManufactureName>
      <ManufactureCountry />
      <ManufactureItemDescription />
      <UnitQty>י"ח</UnitQty>
      <Quantity>750</Quantity>
      <UnitMeasure>ל  מ"ל</UnitMeasure>
      <BisWeighted>0</BisWeighted>
      <QtyInPackage>1</QtyInPackage>
      <ItemPrice>34.90</ItemPrice>
      <UnitOfMeasurePrice>4.61</UnitOfMeasurePrice>
      <AllowDiscount>1</AllowDiscount>
      <itemStatus>1</itemStatus>
      <LastUpdateDate />
      <LastUpdateTime />
    </Product>
    <Product>
      <PriceUpdateDate>2019/12/02 10:45</PriceUpdateDate>
      <ItemCode>7290017812335</ItemCode>
      <ItemType>1</ItemType>
      <ItemName>יין ספארקלינג מוג ו לבן  חצי יבש מוגז</ItemName>
      <ManufactureName>אגודת הכורמים -כרמל מזרחי</ManufactureName>
      <ManufactureCountry />
      <ManufactureItemDescription />
      <UnitQty>י"ח</UnitQty>
      <Quantity>750</Quantity>
      <UnitMeasure>ל  מ"ל</UnitMeasure>
      <BisWeighted>0</BisWeighted>
      <QtyInPackage>1</QtyInPackage>
      <ItemPrice>30.20</ItemPrice>
      <UnitOfMeasurePrice>3.99</UnitOfMeasurePrice>
      <AllowDiscount>1</AllowDiscount>
      <itemStatus>1</itemStatus>
      <LastUpdateDate />
      <LastUpdateTime />
    </Product>
    <Product>
      <PriceUpdateDate>2019/12/02 10:45</PriceUpdateDate>
      <ItemCode>7290017812342</ItemCode>
      <ItemType>1</ItemType>
      <ItemName>יין ספארקלינג מוג ו אדום חצי יבש מוגז</ItemName>
      <ManufactureName>אגודת הכורמים -כרמל מזרחי</ManufactureName>
      <ManufactureCountry />
      <ManufactureItemDescription />
      <UnitQty>י"ח</UnitQty>
      <Quantity>750</Quantity>
      <UnitMeasure>ל  מ"ל</UnitMeasure>
      <BisWeighted>0</BisWeighted>
      <QtyInPackage>1</QtyInPackage>
      <ItemPrice>30.20</ItemPrice>
      <UnitOfMeasurePrice>3.99</UnitOfMeasurePrice>
      <AllowDiscount>1</AllowDiscount>
      <itemStatus>1</itemStatus>
      <LastUpdateDate />
      <LastUpdateTime />
    </Product>
    <Product>
      <PriceUpdateDate>2020/01/15 08:10</PriceUpdateDate>
      <ItemCode>7290017812373</ItemCode>
      <ItemType>1</ItemType>
      <ItemName>שרדונה PC  יין לבן חצי יבש  375מ"ל</ItemName>
      <ManufactureName>אגודת הכורמים -כרמל מזרחי</ManufactureName>
      <ManufactureCountry />
      <ManufactureItemDescription />
      <UnitQty>י"ח</UnitQty>
      <Quantity>375</Quantity>
      <UnitMeasure>ל  מ"ל</UnitMeasure>
      <BisWeighted>0</BisWeighted>
      <QtyInPackage>1</QtyInPackage>
      <ItemPrice>19.90</ItemPrice>
      <UnitOfMeasurePrice>5.23</UnitOfMeasurePrice>
      <AllowDiscount>1</AllowDiscount>
      <itemStatus>1</itemStatus>
      <LastUpdateDate />
      <LastUpdateTime />
    </Product>
    <Product>
      <PriceUpdateDate>2019/11/19 08:41</PriceUpdateDate>
      <ItemCode>7290017812472</ItemCode>
      <ItemType>1</ItemType>
      <ItemName>יין ספארקלינג מוג ו אדום חצי יבש מוגז</ItemName>
      <ManufactureName>אגודת הכורמים -כרמל מזרחי</ManufactureName>
      <ManufactureCountry />
      <ManufactureItemDescription />
      <UnitQty>י"ח</UnitQty>
      <Quantity>750</Quantity>
      <UnitMeasure>ל  מ"ל</UnitMeasure>
      <BisWeighted>0</BisWeighted>
      <QtyInPackage>1</QtyInPackage>
      <ItemPrice>30.20</ItemPrice>
      <UnitOfMeasurePrice>3.99</UnitOfMeasurePrice>
      <AllowDiscount>1</AllowDiscount>
      <itemStatus>1</itemStatus>
      <LastUpdateDate />
      <LastUpdateTime />
    </Product>
    <Product>
      <PriceUpdateDate>2019/11/19 08:41</PriceUpdateDate>
      <ItemCode>7290017812489</ItemCode>
      <ItemType>1</ItemType>
      <ItemName>יין ספארקלינג מוג ו לבן  חצי יבש מוגז</ItemName>
      <ManufactureName>אגודת הכורמים -כרמל מזרחי</ManufactureName>
      <ManufactureCountry />
      <ManufactureItemDescription />
      <UnitQty>י"ח</UnitQty>
      <Quantity>750</Quantity>
      <UnitMeasure>ל  מ"ל</UnitMeasure>
      <BisWeighted>0</BisWeighted>
      <QtyInPackage>1</QtyInPackage>
      <ItemPrice>30.20</ItemPrice>
      <UnitOfMeasurePrice>3.99</UnitOfMeasurePrice>
      <AllowDiscount>1</AllowDiscount>
      <itemStatus>1</itemStatus>
      <LastUpdateDate />
      <LastUpdateTime />
    </Product>
    <Product>
      <PriceUpdateDate>2020/02/10 09:20</PriceUpdateDate>
      <ItemCode>7290017812595</ItemCode>
      <ItemType>1</ItemType>
      <ItemName>ישן נושן-3.5% 750מ"ל</ItemName>
      <ManufactureName>אגודת הכורמים -כרמל מזרחי</ManufactureName>
      <ManufactureCountry />
      <ManufactureItemDescription />
      <UnitQty>י"ח</UnitQty>
      <Quantity>750</Quantity>
      <UnitMeasure>ל  מ"ל</UnitMeasure>
      <BisWeighted>0</BisWeighted>
      <QtyInPackage>1</QtyInPackage>
      <ItemPrice>19</ItemPrice>
      <UnitOfMeasurePrice>2.49</UnitOfMeasurePrice>
      <AllowDiscount>1</AllowDiscount>
      <itemStatus>1</itemStatus>
      <LastUpdateDate />
      <LastUpdateTime />
    </Product>
    <Product>
      <PriceUpdateDate>2019/03/11 08:35</PriceUpdateDate>
      <ItemCode>7290017841007</ItemCode>
      <ItemType>1</ItemType>
      <ItemName>מגש אובלי מהודר בינוני 11.8" שווה</ItemName>
      <ManufactureName>ח.כהן סוכנות מזון ומשקאות בע</ManufactureName>
      <ManufactureCountry />
      <ManufactureItemDescription />
      <UnitQty>י"ח</UnitQty>
      <Quantity>1</Quantity>
      <UnitMeasure>י"ח</UnitMeasure>
      <BisWeighted>0</BisWeighted>
      <QtyInPackage>1</QtyInPackage>
      <ItemPrice>3.90</ItemPrice>
      <UnitOfMeasurePrice>3.90</UnitOfMeasurePrice>
      <AllowDiscount>1</AllowDiscount>
      <itemStatus>1</itemStatus>
      <LastUpdateDate />
      <LastUpdateTime />
    </Product>
    <Product>
      <PriceUpdateDate>2019/03/11 08:35</PriceUpdateDate>
      <ItemCode>7290017841014</ItemCode>
      <ItemType>1</ItemType>
      <ItemName>מגש אובלי מהודר גדול 15.7" שווה</ItemName>
      <ManufactureName>ח.כהן סוכנות מזון ומשקאות בע</ManufactureName>
      <ManufactureCountry />
      <ManufactureItemDescription />
      <UnitQty>י"ח</UnitQty>
      <Quantity>1</Quantity>
      <UnitMeasure>י"ח</UnitMeasure>
      <BisWeighted>0</BisWeighted>
      <QtyInPackage>1</QtyInPackage>
      <ItemPrice>5.90</ItemPrice>
      <UnitOfMeasurePrice>5.90</UnitOfMeasurePrice>
      <AllowDiscount>1</AllowDiscount>
      <itemStatus>1</itemStatus>
      <LastUpdateDate />
      <LastUpdateTime />
    </Product>
    <Product>
      <PriceUpdateDate>2019/03/11 08:35</PriceUpdateDate>
      <ItemCode>7290017841021</ItemCode>
      <ItemType>1</ItemType>
      <ItemName>מגש אובלי מהודר ענק 18" שווה</ItemName>
      <ManufactureName>ח.כהן סוכנות מזון ומשקאות בע</ManufactureName>
      <ManufactureCountry />
      <ManufactureItemDescription />
      <UnitQty>י"ח</UnitQty>
      <Quantity>1</Quantity>
      <UnitMeasure>י"ח</UnitMeasure>
      <BisWeighted>0</BisWeighted>
      <QtyInPackage>1</QtyInPackage>
      <ItemPrice>8.90</ItemPrice>
      <UnitOfMeasurePrice>8.90</UnitOfMeasurePrice>
      <AllowDiscount>1</AllowDiscount>
      <itemStatus>1</itemStatus>
      <LastUpdateDate />
      <LastUpdateTime />
    </Product>
    <Product>
      <PriceUpdateDate>2019/03/11 08:35</PriceUpdateDate>
      <ItemCode>7290017841045</ItemCode>
      <ItemType>1</ItemType>
      <ItemName>מגש עגול פסים מהודר קטן 12" שווה</ItemName>
      <ManufactureName>ח.כהן סוכנות מזון ומשקאות בע</ManufactureName>
      <ManufactureCountry />
      <ManufactureItemDescription />
      <UnitQty>י"ח</UnitQty>
      <Quantity>1</Quantity>
      <UnitMeasure>י"ח</UnitMeasure>
      <BisWeighted>0</BisWeighted>
      <QtyInPackage>1</QtyInPackage>
      <ItemPrice>3.90</ItemPrice>
      <UnitOfMeasurePrice>3.90</UnitOfMeasurePrice>
      <AllowDiscount>1</AllowDiscount>
      <itemStatus>1</itemStatus>
      <LastUpdateDate />
      <LastUpdateTime />
    </Product>
    <Product>
      <PriceUpdateDate>2019/03/11 08:35</PriceUpdateDate>
      <ItemCode>7290017841052</ItemCode>
      <ItemType>1</ItemType>
      <ItemName>מגש עגול פסים מהודר בינוני 14" שווה</ItemName>
      <ManufactureName>ח.כהן סוכנות מזון ומשקאות בע</ManufactureName>
      <ManufactureCountry />
      <ManufactureItemDescription />
      <UnitQty>י"ח</UnitQty>
      <Quantity>1</Quantity>
      <UnitMeasure>י"ח</UnitMeasure>
      <BisWeighted>0</BisWeighted>
      <QtyInPackage>1</QtyInPackage>
      <ItemPrice>4.90</ItemPrice>
      <UnitOfMeasurePrice>4.90</UnitOfMeasurePrice>
      <AllowDiscount>1</AllowDiscount>
      <itemStatus>1</itemStatus>
      <LastUpdateDate />
      <LastUpdateTime />
    </Product>
    <Product>
      <PriceUpdateDate>2019/03/11 08:35</PriceUpdateDate>
      <ItemCode>7290017841069</ItemCode>
      <ItemType>1</ItemType>
      <ItemName>מגש עגול פסים מהודר גדול 16" שווה</ItemName>
      <ManufactureName>ח.כהן סוכנות מזון ומשקאות בע</ManufactureName>
      <ManufactureCountry />
      <ManufactureItemDescription />
      <UnitQty>י"ח</UnitQty>
      <Quantity>1</Quantity>
      <UnitMeasure>י"ח</UnitMeasure>
      <BisWeighted>0</BisWeighted>
      <QtyInPackage>1</QtyInPackage>
      <ItemPrice>6.90</ItemPrice>
      <UnitOfMeasurePrice>6.90</UnitOfMeasurePrice>
      <AllowDiscount>1</AllowDiscount>
      <itemStatus>1</itemStatus>
      <LastUpdateDate />
      <LastUpdateTime />
    </Product>
    <Product>
      <PriceUpdateDate>2019/03/11 08:35</PriceUpdateDate>
      <ItemCode>7290017841076</ItemCode>
      <ItemType>1</ItemType>
      <ItemName>מגש עגול פסים מהודר ענק 18" שווה</ItemName>
      <ManufactureName>ח.כהן סוכנות מזון ומשקאות בע</ManufactureName>
      <ManufactureCountry />
      <ManufactureItemDescription />
      <UnitQty>י"ח</UnitQty>
      <Quantity>1</Quantity>
      <UnitMeasure>י"ח</UnitMeasure>
      <BisWeighted>0</BisWeighted>
      <QtyInPackage>1</QtyInPackage>
      <ItemPrice>7.90</ItemPrice>
      <UnitOfMeasurePrice>7.90</UnitOfMeasurePrice>
      <AllowDiscount>1</AllowDiscount>
      <itemStatus>1</itemStatus>
      <LastUpdateDate />
      <LastUpdateTime />
    </Product>
    <Product>
      <PriceUpdateDate>2019/03/11 08:35</PriceUpdateDate>
      <ItemCode>7290017841090</ItemCode>
      <ItemType>1</ItemType>
      <ItemName>מגש פיצוחים מחולק קטן 6 תאים שווה</ItemName>
      <ManufactureName>ח.כהן סוכנות מזון ומשקאות בע</ManufactureName>
      <ManufactureCountry />
      <ManufactureItemDescription />
      <UnitQty>י"ח</UnitQty>
      <Quantity>1</Quantity>
      <UnitMeasure>י"ח</UnitMeasure>
      <BisWeighted>0</BisWeighted>
      <QtyInPackage>1</QtyInPackage>
      <ItemPrice>5.90</ItemPrice>
      <UnitOfMeasurePrice>5.90</UnitOfMeasurePrice>
      <AllowDiscount>1</AllowDiscount>
      <itemStatus>1</itemStatus>
      <LastUpdateDate />
      <LastUpdateTime />
    </Product>
    <Product>
      <PriceUpdateDate>2019/03/11 08:35</PriceUpdateDate>
      <ItemCode>7290017841106</ItemCode>
      <ItemType>1</ItemType>
      <ItemName>מגש פיצוחים מחולק גדול 6 תאים שווה</ItemName>
      <ManufactureName>ח.כהן סוכנות מזון ומשקאות בע</ManufactureName>
      <ManufactureCountry />
      <ManufactureItemDescription />
      <UnitQty>י"ח</UnitQty>
      <Quantity>1</Quantity>
      <UnitMeasure>י"ח</UnitMeasure>
      <BisWeighted>0</BisWeighted>
      <QtyInPackage>1</QtyInPackage>
      <ItemPrice>6.90</ItemPrice>
      <UnitOfMeasurePrice>6.90</UnitOfMeasurePrice>
      <AllowDiscount>1</AllowDiscount>
      <itemStatus>1</itemStatus>
      <LastUpdateDate />
      <LastUpdateTime />
    </Product>
    <Product>
      <PriceUpdateDate>2019/09/09 09:15</PriceUpdateDate>
      <ItemCode>7290017841137</ItemCode>
      <ItemType>1</ItemType>
      <ItemName>קינוחיות כוכב נפתח 20יח שווה</ItemName>
      <ManufactureName>ח.כהן סוכנות מזון ומשקאות בע</ManufactureName>
      <ManufactureCountry />
      <ManufactureItemDescription />
      <UnitQty>י"ח</UnitQty>
      <Quantity>30</Quantity>
      <UnitMeasure>י"ח</UnitMeasure>
      <BisWeighted>0</BisWeighted>
      <QtyInPackage>1</QtyInPackage>
      <ItemPrice>8.90</ItemPrice>
      <UnitOfMeasurePrice>0.30</UnitOfMeasurePrice>
      <AllowDiscount>1</AllowDiscount>
      <itemStatus>1</itemStatus>
      <LastUpdateDate />
      <LastUpdateTime />
    </Product>
    <Product>
      <PriceUpdateDate>2019/09/09 09:15</PriceUpdateDate>
      <ItemCode>7290017841144</ItemCode>
      <ItemType>1</ItemType>
      <ItemName>קינוחיות פרח נפתח 20יח שווה</ItemName>
      <ManufactureName>ח.כהן סוכנות מזון ומשקאות בע</ManufactureName>
      <ManufactureCountry />
      <ManufactureItemDescription />
      <UnitQty>י"ח</UnitQty>
      <Quantity>30</Quantity>
      <UnitMeasure>י"ח</UnitMeasure>
      <BisWeighted>0</BisWeighted>
      <QtyInPackage>1</QtyInPackage>
      <ItemPrice>8.90</ItemPrice>
      <UnitOfMeasurePrice>0.30</UnitOfMeasurePrice>
      <AllowDiscount>1</AllowDiscount>
      <itemStatus>1</itemStatus>
      <LastUpdateDate />
      <LastUpdateTime />
    </Product>
    <Product>
      <PriceUpdateDate>2019/09/09 09:15</PriceUpdateDate>
      <ItemCode>7290017841151</ItemCode>
      <ItemType>1</ItemType>
      <ItemName>קינוחיות קערית כפית ומכסה 12  יח`שווה</ItemName>
      <ManufactureName>ח.כהן סוכנות מזון ומשקאות בע</ManufactureName>
      <ManufactureCountry />
      <ManufactureItemDescription />
      <UnitQty>י"ח</UnitQty>
      <Quantity>30</Quantity>
      <UnitMeasure>י"ח</UnitMeasure>
      <BisWeighted>0</BisWeighted>
      <QtyInPackage>1</QtyInPackage>
      <ItemPrice>9.90</ItemPrice>
      <UnitOfMeasurePrice>0.33</UnitOfMeasurePrice>
      <AllowDiscount>1</AllowDiscount>
      <itemStatus>1</itemStatus>
      <LastUpdateDate />
      <LastUpdateTime />
    </Product>
    <Product>
      <PriceUpdateDate>2019/09/09 09:15</PriceUpdateDate>
      <ItemCode>7290017841168</ItemCode>
      <ItemType>1</ItemType>
      <ItemName>קינוחיות סיר עם מכסה 12  יח`שווה</ItemName>
      <ManufactureName>ח.כהן סוכנות מזון ומשקאות בע</ManufactureName>
      <ManufactureCountry />
      <ManufactureItemDescription />
      <UnitQty>י"ח</UnitQty>
      <Quantity>30</Quantity>
      <UnitMeasure>י"ח</UnitMeasure>
      <BisWeighted>0</BisWeighted>
      <QtyInPackage>1</QtyInPackage>
      <ItemPrice>9.90</ItemPrice>
      <UnitOfMeasurePrice>0.33</UnitOfMeasurePrice>
      <AllowDiscount>1</AllowDiscount>
      <itemStatus>1</itemStatus>
      <LastUpdateDate />
      <LastUpdateTime />
    </Product>
    <Product>
      <PriceUpdateDate>2019/09/09 09:15</PriceUpdateDate>
      <ItemCode>7290017841175</ItemCode>
      <ItemType>1</ItemType>
      <ItemName>מגשית מתבלים מחולקת 10 יח שווה</ItemName>
      <ManufactureName>ח.כהן סוכנות מזון ומשקאות בע</ManufactureName>
      <ManufactureCountry />
      <ManufactureItemDescription />
      <UnitQty>י"ח</UnitQty>
      <Quantity>30</Quantity>
      <UnitMeasure>י"ח</UnitMeasure>
      <BisWeighted>0</BisWeighted>
      <QtyInPackage>1</QtyInPackage>
      <ItemPrice>11.90</ItemPrice>
      <UnitOfMeasurePrice>0.40</UnitOfMeasurePrice>
      <AllowDiscount>1</AllowDiscount>
      <itemStatus>1</itemStatus>
      <LastUpdateDate />
      <LastUpdateTime />
    </Product>
    <Product>
      <PriceUpdateDate>2019/09/09 09:15</PriceUpdateDate>
      <ItemCode>7290017841182</ItemCode>
      <ItemType>1</ItemType>
      <ItemName>קערית מיתבלים קטנה 12 יח שווה</ItemName>
      <ManufactureName>ח.כהן סוכנות מזון ומשקאות בע</ManufactureName>
      <ManufactureCountry />
      <ManufactureItemDescription />
      <UnitQty>י"ח</UnitQty>
      <Quantity>30</Quantity>
      <UnitMeasure>י"ח</UnitMeasure>
      <BisWeighted>0</BisWeighted>
      <QtyInPackage>1</QtyInPackage>
      <ItemPrice>9.90</ItemPrice>
      <UnitOfMeasurePrice>0.33</UnitOfMeasurePrice>
      <AllowDiscount>1</AllowDiscount>
      <itemStatus>1</itemStatus>
      <LastUpdateDate />
      <LastUpdateTime />
    </Product>
    <Product>
      <PriceUpdateDate>2019/09/09 09:15</PriceUpdateDate>
      <ItemCode>7290017841199</ItemCode>
      <ItemType>1</ItemType>
      <ItemName>קערית מיתבלים בינונית 12 יח שווה</ItemName>
      <ManufactureName>ח.כהן סוכנות מזון ומשקאות בע</ManufactureName>
      <ManufactureCountry />
      <ManufactureItemDescription />
      <UnitQty>י"ח</UnitQty>
      <Quantity>30</Quantity>
      <UnitMeasure>י"ח</UnitMeasure>
      <BisWeighted>0</BisWeighted>
      <QtyInPackage>1</QtyInPackage>
      <ItemPrice>11.90</ItemPrice>
      <UnitOfMeasurePrice>0.40</UnitOfMeasurePrice>
      <AllowDiscount>1</AllowDiscount>
      <itemStatus>1</itemStatus>
      <LastUpdateDate />
      <LastUpdateTime />
    </Product>
    <Product>
      <PriceUpdateDate>2019/09/08 10:17</PriceUpdateDate>
      <ItemCode>7290017841229</ItemCode>
      <ItemType>1</ItemType>
      <ItemName>מטליות מיקרופייבר עם חור למגב שווה</ItemName>
      <ManufactureName>ח.כהן סוכנות מזון ומשקאות בע</ManufactureName>
      <ManufactureCountry />
      <ManufactureItemDescription />
      <UnitQty>י"ח</UnitQty>
      <Quantity>3</Quantity>
      <UnitMeasure>י"ח</UnitMeasure>
      <BisWeighted>0</BisWeighted>
      <QtyInPackage>1</QtyInPackage>
      <ItemPrice>8.90</ItemPrice>
      <UnitOfMeasurePrice>2.97</UnitOfMeasurePrice>
      <AllowDiscount>1</AllowDiscount>
      <itemStatus>1</itemStatus>
      <LastUpdateDate />
      <LastUpdateTime />
    </Product>
    <Product>
      <PriceUpdateDate>2019/05/02 11:09</PriceUpdateDate>
      <ItemCode>7290017841243</ItemCode>
      <ItemType>1</ItemType>
      <ItemName>צלחות 1ק"ג שווה ענקית</ItemName>
      <ManufactureName>ח.כהן סוכנות מזון ומשקאות בע</ManufactureName>
      <ManufactureCountry />
      <ManufactureItemDescription />
      <UnitQty>י"ח</UnitQty>
      <Quantity>1</Quantity>
      <UnitMeasure>ק"ג</UnitMeasure>
      <BisWeighted>0</BisWeighted>
      <QtyInPackage>1</QtyInPackage>
      <ItemPrice>19.90</ItemPrice>
      <UnitOfMeasurePrice>19.90</UnitOfMeasurePrice>
      <AllowDiscount>1</AllowDiscount>
      <itemStatus>1</itemStatus>
      <LastUpdateDate />
      <LastUpdateTime />
    </Product>
    <Product>
      <PriceUpdateDate>2019/09/09 09:15</PriceUpdateDate>
      <ItemCode>7290017841250</ItemCode>
      <ItemType>1</ItemType>
      <ItemName>נוזל חלונות 1ליטר שווה</ItemName>
      <ManufactureName>ח.כהן סוכנות מזון ומשקאות בע</ManufactureName>
      <ManufactureCountry />
      <ManufactureItemDescription />
      <UnitQty>י"ח</UnitQty>
      <Quantity>1</Quantity>
      <UnitMeasure>ליטר</UnitMeasure>
      <BisWeighted>0</BisWeighted>
      <QtyInPackage>1</QtyInPackage>
      <ItemPrice>5.90</ItemPrice>
      <UnitOfMeasurePrice>5.90</UnitOfMeasurePrice>
      <AllowDiscount>1</AllowDiscount>
      <itemStatus>1</itemStatus>
      <LastUpdateDate />
      <LastUpdateTime />
    </Product>
    <Product>
      <PriceUpdateDate>2020/04/27 08:06</PriceUpdateDate>
      <ItemCode>7290017841267</ItemCode>
      <ItemType>1</ItemType>
      <ItemName>צלחת קטנה 1ק``ג שווה</ItemName>
      <ManufactureName>ח.כהן סוכנות מזון ומשקאות בע</ManufactureName>
      <ManufactureCountry />
      <ManufactureItemDescription />
      <UnitQty>י"ח</UnitQty>
      <Quantity>1</Quantity>
      <UnitMeasure>י"ח</UnitMeasure>
      <BisWeighted>0</BisWeighted>
      <QtyInPackage>1</QtyInPackage>
      <ItemPrice>20.90</ItemPrice>
      <UnitOfMeasurePrice>20.90</UnitOfMeasurePrice>
      <AllowDiscount>1</AllowDiscount>
      <itemStatus>1</itemStatus>
      <LastUpdateDate />
      <LastUpdateTime />
    </Product>
    <Product>
      <PriceUpdateDate>2019/03/11 08:35</PriceUpdateDate>
      <ItemCode>7290017841342</ItemCode>
      <ItemType>1</ItemType>
      <ItemName>כפיות מוזהבות 12יח "שווה"</ItemName>
      <ManufactureName>ח.כהן סוכנות מזון ומשקאות בע</ManufactureName>
      <ManufactureCountry />
      <ManufactureItemDescription />
      <UnitQty>י"ח</UnitQty>
      <Quantity>12</Quantity>
      <UnitMeasure>י"ח</UnitMeasure>
      <BisWeighted>0</BisWeighted>
      <QtyInPackage>1</QtyInPackage>
      <ItemPrice>5.90</ItemPrice>
      <UnitOfMeasurePrice>0.49</UnitOfMeasurePrice>
      <AllowDiscount>1</AllowDiscount>
      <itemStatus>1</itemStatus>
      <LastUpdateDate />
      <LastUpdateTime />
    </Product>
    <Product>
      <PriceUpdateDate>2019/03/11 08:35</PriceUpdateDate>
      <ItemCode>7290017841359</ItemCode>
      <ItemType>1</ItemType>
      <ItemName>מזלגות מוזהבות 12יח "שווה"</ItemName>
      <ManufactureName>ח.כהן סוכנות מזון ומשקאות בע</ManufactureName>
      <ManufactureCountry />
      <ManufactureItemDescription />
      <UnitQty>י"ח</UnitQty>
      <Quantity>12</Quantity>
      <UnitMeasure>י"ח</UnitMeasure>
      <BisWeighted>0</BisWeighted>
      <QtyInPackage>1</QtyInPackage>
      <ItemPrice>5.90</ItemPrice>
      <UnitOfMeasurePrice>0.49</UnitOfMeasurePrice>
      <AllowDiscount>1</AllowDiscount>
      <itemStatus>1</itemStatus>
      <LastUpdateDate />
      <LastUpdateTime />
    </Product>
    <Product>
      <PriceUpdateDate>2019/03/11 08:35</PriceUpdateDate>
      <ItemCode>7290017841366</ItemCode>
      <ItemType>1</ItemType>
      <ItemName>סכינים מוזהבות 12יח "שווה"</ItemName>
      <ManufactureName>ח.כהן סוכנות מזון ומשקאות בע</ManufactureName>
      <ManufactureCountry />
      <ManufactureItemDescription />
      <UnitQty>י"ח</UnitQty>
      <Quantity>12</Quantity>
      <UnitMeasure>י"ח</UnitMeasure>
      <BisWeighted>0</BisWeighted>
      <QtyInPackage>1</QtyInPackage>
      <ItemPrice>5.90</ItemPrice>
      <UnitOfMeasurePrice>0.49</UnitOfMeasurePrice>
      <AllowDiscount>1</AllowDiscount>
      <itemStatus>1</itemStatus>
      <LastUpdateDate />
      <LastUpdateTime />
    </Product>
    <Product>
      <PriceUpdateDate>2019/03/11 08:35</PriceUpdateDate>
      <ItemCode>7290017841373</ItemCode>
      <ItemType>1</ItemType>
      <ItemName>כפות מוזהבות 12יח "שווה"</ItemName>
      <ManufactureName>ח.כהן סוכנות מזון ומשקאות בע</ManufactureName>
      <ManufactureCountry />
      <ManufactureItemDescription />
      <UnitQty>י"ח</UnitQty>
      <Quantity>12</Quantity>
      <UnitMeasure>י"ח</UnitMeasure>
      <BisWeighted>0</BisWeighted>
      <QtyInPackage>1</QtyInPackage>
      <ItemPrice>5.90</ItemPrice>
      <UnitOfMeasurePrice>0.49</UnitOfMeasurePrice>
      <AllowDiscount>1</AllowDiscount>
      <itemStatus>1</itemStatus>
      <LastUpdateDate />
      <LastUpdateTime />
    </Product>
    <Product>
      <PriceUpdateDate>2019/03/11 08:35</PriceUpdateDate>
      <ItemCode>7290017841380</ItemCode>
      <ItemType>1</ItemType>
      <ItemName>מזלגות הגשה מוזהבות 2יח "שווה"</ItemName>
      <ManufactureName>ח.כהן סוכנות מזון ומשקאות בע</ManufactureName>
      <ManufactureCountry />
      <ManufactureItemDescription />
      <UnitQty>י"ח</UnitQty>
      <Quantity>2</Quantity>
      <UnitMeasure>י"ח</UnitMeasure>
      <BisWeighted>0</BisWeighted>
      <QtyInPackage>1</QtyInPackage>
      <ItemPrice>2.90</ItemPrice>
      <UnitOfMeasurePrice>1.45</UnitOfMeasurePrice>
      <AllowDiscount>1</AllowDiscount>
      <itemStatus>1</itemStatus>
      <LastUpdateDate />
      <LastUpdateTime />
    </Product>
    <Product>
      <PriceUpdateDate>2019/03/11 08:35</PriceUpdateDate>
      <ItemCode>7290017841397</ItemCode>
      <ItemType>1</ItemType>
      <ItemName>כפות הגשה מוזהבות 2יח "שווה"</ItemName>
      <ManufactureName>ח.כהן סוכנות מזון ומשקאות בע</ManufactureName>
      <ManufactureCountry />
      <ManufactureItemDescription />
      <UnitQty>י"ח</UnitQty>
      <Quantity>2</Quantity>
      <UnitMeasure>י"ח</UnitMeasure>
      <BisWeighted>0</BisWeighted>
      <QtyInPackage>1</QtyInPackage>
      <ItemPrice>2.90</ItemPrice>
      <UnitOfMeasurePrice>1.45</UnitOfMeasurePrice>
      <AllowDiscount>1</AllowDiscount>
      <itemStatus>1</itemStatus>
      <LastUpdateDate />
      <LastUpdateTime />
    </Product>
    <Product>
      <PriceUpdateDate>2019/12/17 12:03</PriceUpdateDate>
      <ItemCode>7290017841564</ItemCode>
      <ItemType>1</ItemType>
      <ItemName>תבניות נייר לחלה מעוטרות 3 שווה</ItemName>
      <ManufactureName>ח.כהן סוכנות מזון ומשקאות בע</ManufactureName>
      <ManufactureCountry />
      <ManufactureItemDescription />
      <UnitQty>י"ח</UnitQty>
      <Quantity>3</Quantity>
      <UnitMeasure>י"ח</UnitMeasure>
      <BisWeighted>0</BisWeighted>
      <QtyInPackage>1</QtyInPackage>
      <ItemPrice>8.90</ItemPrice>
      <UnitOfMeasurePrice>2.97</UnitOfMeasurePrice>
      <AllowDiscount>1</AllowDiscount>
      <itemStatus>1</itemStatus>
      <LastUpdateDate />
      <LastUpdateTime />
    </Product>
    <Product>
      <PriceUpdateDate>2019/12/17 12:03</PriceUpdateDate>
      <ItemCode>7290017841571</ItemCode>
      <ItemType>1</ItemType>
      <ItemName>7290178415תבניות נייר לחלה גדולה  4 שו</ItemName>
      <ManufactureName>ח.כהן סוכנות מזון ומשקאות בע</ManufactureName>
      <ManufactureCountry />
      <ManufactureItemDescription />
      <UnitQty>י"ח</UnitQty>
      <Quantity>4</Quantity>
      <UnitMeasure>י"ח</UnitMeasure>
      <BisWeighted>0</BisWeighted>
      <QtyInPackage>1</QtyInPackage>
      <ItemPrice>8.90</ItemPrice>
      <UnitOfMeasurePrice>2.23</UnitOfMeasurePrice>
      <AllowDiscount>1</AllowDiscount>
      <itemStatus>1</itemStatus>
      <LastUpdateDate />
      <LastUpdateTime />
    </Product>
    <Product>
      <PriceUpdateDate>2020/04/27 08:06</PriceUpdateDate>
      <ItemCode>7290017842004</ItemCode>
      <ItemType>1</ItemType>
      <ItemName>תבניות+מכסים טוסר אובן  שווה</ItemName>
      <ManufactureName>ח.כהן סוכנות מזון ומשקאות בע</ManufactureName>
      <ManufactureCountry />
      <ManufactureItemDescription />
      <UnitQty>י"ח</UnitQty>
      <Quantity>5</Quantity>
      <UnitMeasure>י"ח</UnitMeasure>
      <BisWeighted>0</BisWeighted>
      <QtyInPackage>1</QtyInPackage>
      <ItemPrice>9.90</ItemPrice>
      <UnitOfMeasurePrice>1.98</UnitOfMeasurePrice>
      <AllowDiscount>1</AllowDiscount>
      <itemStatus>1</itemStatus>
      <LastUpdateDate />
      <LastUpdateTime />
    </Product>
    <Product>
      <PriceUpdateDate>2020/04/27 08:06</PriceUpdateDate>
      <ItemCode>7290017842011</ItemCode>
      <ItemType>1</ItemType>
      <ItemName>תבניות+מכסים מרובעת גדולה שווה</ItemName>
      <ManufactureName>ח.כהן סוכנות מזון ומשקאות בע</ManufactureName>
      <ManufactureCountry />
      <ManufactureItemDescription />
      <UnitQty>י"ח</UnitQty>
      <Quantity>5</Quantity>
      <UnitMeasure>י"ח</UnitMeasure>
      <BisWeighted>0</BisWeighted>
      <QtyInPackage>1</QtyInPackage>
      <ItemPrice>9.90</ItemPrice>
      <UnitOfMeasurePrice>1.98</UnitOfMeasurePrice>
      <AllowDiscount>1</AllowDiscount>
      <itemStatus>1</itemStatus>
      <LastUpdateDate />
      <LastUpdateTime />
    </Product>
    <Product>
      <PriceUpdateDate>2020/04/27 08:06</PriceUpdateDate>
      <ItemCode>7290017842028</ItemCode>
      <ItemType>1</ItemType>
      <ItemName>תבניות+מכסים מלבנית ארוכה שווה</ItemName>
      <ManufactureName>ח.כהן סוכנות מזון ומשקאות בע</ManufactureName>
      <ManufactureCountry />
      <ManufactureItemDescription />
      <UnitQty>י"ח</UnitQty>
      <Quantity>5</Quantity>
      <UnitMeasure>י"ח</UnitMeasure>
      <BisWeighted>0</BisWeighted>
      <QtyInPackage>1</QtyInPackage>
      <ItemPrice>9.90</ItemPrice>
      <UnitOfMeasurePrice>1.98</UnitOfMeasurePrice>
      <AllowDiscount>1</AllowDiscount>
      <itemStatus>1</itemStatus>
      <LastUpdateDate />
      <LastUpdateTime />
    </Product>
    <Product>
      <PriceUpdateDate>2020/04/27 08:06</PriceUpdateDate>
      <ItemCode>7290017842035</ItemCode>
      <ItemType>1</ItemType>
      <ItemName>תבניות+מכסים מבלנית עמוקה 80A+R64 שווה</ItemName>
      <ManufactureName>ח.כהן סוכנות מזון ומשקאות בע</ManufactureName>
      <ManufactureCountry />
      <ManufactureItemDescription />
      <UnitQty>י"ח</UnitQty>
      <Quantity>5</Quantity>
      <UnitMeasure>י"ח</UnitMeasure>
      <BisWeighted>0</BisWeighted>
      <QtyInPackage>1</QtyInPackage>
      <ItemPrice>9.90</ItemPrice>
      <UnitOfMeasurePrice>1.98</UnitOfMeasurePrice>
      <AllowDiscount>1</AllowDiscount>
      <itemStatus>1</itemStatus>
      <LastUpdateDate />
      <LastUpdateTime />
    </Product>
    <Product>
      <PriceUpdateDate>2020/04/27 08:06</PriceUpdateDate>
      <ItemCode>7290017842141</ItemCode>
      <ItemType>1</ItemType>
      <ItemName>נייר אפייה אקולוגי איכותי 40יח שווה</ItemName>
      <ManufactureName>ח.כהן סוכנות מזון ומשקאות בע</ManufactureName>
      <ManufactureCountry />
      <ManufactureItemDescription />
      <UnitQty>י"ח</UnitQty>
      <Quantity>1</Quantity>
      <UnitMeasure>י"ח</UnitMeasure>
      <BisWeighted>0</BisWeighted>
      <QtyInPackage>1</QtyInPackage>
      <ItemPrice>10.90</ItemPrice>
      <UnitOfMeasurePrice>10.90</UnitOfMeasurePrice>
      <AllowDiscount>1</AllowDiscount>
      <itemStatus>1</itemStatus>
      <LastUpdateDate />
      <LastUpdateTime />
    </Product>
    <Product>
      <PriceUpdateDate>2020/01/20 09:52</PriceUpdateDate>
      <ItemCode>7290017871769</ItemCode>
      <ItemType>1</ItemType>
      <ItemName>גליליות בטעם שוקולד לל``ס 100 גרם טוסו</ItemName>
      <ManufactureName>דנשר (1963) בעמ</ManufactureName>
      <ManufactureCountry />
      <ManufactureItemDescription />
      <UnitQty>י"ח</UnitQty>
      <Quantity>100</Quantity>
      <UnitMeasure>ל  גרם</UnitMeasure>
      <BisWeighted>0</BisWeighted>
      <QtyInPackage>1</QtyInPackage>
      <ItemPrice>10.90</ItemPrice>
      <UnitOfMeasurePrice>10.90</UnitOfMeasurePrice>
      <AllowDiscount>1</AllowDiscount>
      <itemStatus>1</itemStatus>
      <LastUpdateDate />
      <LastUpdateTime />
    </Product>
    <Product>
      <PriceUpdateDate>2020/01/20 09:52</PriceUpdateDate>
      <ItemCode>7290017871776</ItemCode>
      <ItemType>1</ItemType>
      <ItemName>גליליות בטעם אגוזים לל``ס 100 גרם טוסו</ItemName>
      <ManufactureName>דנשר (1963) בעמ</ManufactureName>
      <ManufactureCountry />
      <ManufactureItemDescription />
      <UnitQty>י"ח</UnitQty>
      <Quantity>100</Quantity>
      <UnitMeasure>ל  גרם</UnitMeasure>
      <BisWeighted>0</BisWeighted>
      <QtyInPackage>1</QtyInPackage>
      <ItemPrice>10.90</ItemPrice>
      <UnitOfMeasurePrice>10.90</UnitOfMeasurePrice>
      <AllowDiscount>1</AllowDiscount>
      <itemStatus>1</itemStatus>
      <LastUpdateDate />
      <LastUpdateTime />
    </Product>
    <Product>
      <PriceUpdateDate>2019/05/22 09:48</PriceUpdateDate>
      <ItemCode>7290017888095</ItemCode>
      <ItemType>1</ItemType>
      <ItemName>שוופס מוגז פירות  330מ"ל 1/4</ItemName>
      <ManufactureName>יפאורה שותפות מוגבלת לשיווק</ManufactureName>
      <ManufactureCountry />
      <ManufactureItemDescription />
      <UnitQty>י"ח</UnitQty>
      <Quantity>1.50</Quantity>
      <UnitMeasure>ליטר</UnitMeasure>
      <BisWeighted>0</BisWeighted>
      <QtyInPackage>1</QtyInPackage>
      <ItemPrice>18.10</ItemPrice>
      <UnitOfMeasurePrice>11.27</UnitOfMeasurePrice>
      <AllowDiscount>1</AllowDiscount>
      <itemStatus>1</itemStatus>
      <LastUpdateDate />
      <LastUpdateTime />
    </Product>
    <Product>
      <PriceUpdateDate>2019/05/22 09:48</PriceUpdateDate>
      <ItemCode>7290017888101</ItemCode>
      <ItemType>1</ItemType>
      <ItemName>שוופס מוגז עדין 330מ"ל 1/4 אפרסק.</ItemName>
      <ManufactureName>יפאורה שותפות מוגבלת לשיווק</ManufactureName>
      <ManufactureCountry />
      <ManufactureItemDescription />
      <UnitQty>י"ח</UnitQty>
      <Quantity>1.50</Quantity>
      <UnitMeasure>ליטר</UnitMeasure>
      <BisWeighted>0</BisWeighted>
      <QtyInPackage>1</QtyInPackage>
      <ItemPrice>18.10</ItemPrice>
      <UnitOfMeasurePrice>11.27</UnitOfMeasurePrice>
      <AllowDiscount>1</AllowDiscount>
      <itemStatus>1</itemStatus>
      <LastUpdateDate />
      <LastUpdateTime />
    </Product>
    <Product>
      <PriceUpdateDate>2019/11/08 08:12</PriceUpdateDate>
      <ItemCode>7290017888118</ItemCode>
      <ItemType>1</ItemType>
      <ItemName>שוופס מוגז עדין אבטיח1.5ל</ItemName>
      <ManufactureName>יפאורה שותפות מוגבלת לשיווק</ManufactureName>
      <ManufactureCountry />
      <ManufactureItemDescription />
      <UnitQty>י"ח</UnitQty>
      <Quantity>1.50</Quantity>
      <UnitMeasure>ליטר</UnitMeasure>
      <BisWeighted>0</BisWeighted>
      <QtyInPackage>1</QtyInPackage>
      <ItemPrice>7.50</ItemPrice>
      <UnitOfMeasurePrice>5</UnitOfMeasurePrice>
      <AllowDiscount>1</AllowDiscount>
      <itemStatus>1</itemStatus>
      <LastUpdateDate />
      <LastUpdateTime />
    </Product>
    <Product>
      <PriceUpdateDate>2019/06/06 09:08</PriceUpdateDate>
      <ItemCode>7290017888279</ItemCode>
      <ItemType>1</ItemType>
      <ItemName>פרוטס ווטר לימונענע 1.5 ליטר</ItemName>
      <ManufactureName>יפאורה שותפות מוגבלת לשיווק</ManufactureName>
      <ManufactureCountry />
      <ManufactureItemDescription />
      <UnitQty>י"ח</UnitQty>
      <Quantity>1.50</Quantity>
      <UnitMeasure>ליטר</UnitMeasure>
      <BisWeighted>0</BisWeighted>
      <QtyInPackage>1</QtyInPackage>
      <ItemPrice>6.90</ItemPrice>
      <UnitOfMeasurePrice>4.60</UnitOfMeasurePrice>
      <AllowDiscount>1</AllowDiscount>
      <itemStatus>1</itemStatus>
      <LastUpdateDate />
      <LastUpdateTime />
    </Product>
    <Product>
      <PriceUpdateDate>2019/06/06 09:08</PriceUpdateDate>
      <ItemCode>7290017888293</ItemCode>
      <ItemType>1</ItemType>
      <ItemName>פרוטס ווטר תפוח למון גראס 1.5 ליטר</ItemName>
      <ManufactureName>יפאורה שותפות מוגבלת לשיווק</ManufactureName>
      <ManufactureCountry />
      <ManufactureItemDescription />
      <UnitQty>י"ח</UnitQty>
      <Quantity>1.50</Quantity>
      <UnitMeasure>ליטר</UnitMeasure>
      <BisWeighted>0</BisWeighted>
      <QtyInPackage>1</QtyInPackage>
      <ItemPrice>6.90</ItemPrice>
      <UnitOfMeasurePrice>4.60</UnitOfMeasurePrice>
      <AllowDiscount>1</AllowDiscount>
      <itemStatus>1</itemStatus>
      <LastUpdateDate />
      <LastUpdateTime />
    </Product>
    <Product>
      <PriceUpdateDate>2019/06/06 09:08</PriceUpdateDate>
      <ItemCode>7290017888385</ItemCode>
      <ItemType>1</ItemType>
      <ItemName>תפוזינה תפוזים WOW   1.5 ל.</ItemName>
      <ManufactureName>יפאורה שותפות מוגבלת לשיווק</ManufactureName>
      <ManufactureCountry />
      <ManufactureItemDescription />
      <UnitQty>י"ח</UnitQty>
      <Quantity>1.50</Quantity>
      <UnitMeasure>ליטר</UnitMeasure>
      <BisWeighted>0</BisWeighted>
      <QtyInPackage>1</QtyInPackage>
      <ItemPrice>5.90</ItemPrice>
      <UnitOfMeasurePrice>3.93</UnitOfMeasurePrice>
      <AllowDiscount>1</AllowDiscount>
      <itemStatus>1</itemStatus>
      <LastUpdateDate />
      <LastUpdateTime />
    </Product>
    <Product>
      <PriceUpdateDate>2019/06/06 09:08</PriceUpdateDate>
      <ItemCode>7290017888392</ItemCode>
      <ItemType>1</ItemType>
      <ItemName>תפוזינה אשכוליות  WOW   1.5 ל.</ItemName>
      <ManufactureName>יפאורה שותפות מוגבלת לשיווק</ManufactureName>
      <ManufactureCountry />
      <ManufactureItemDescription />
      <UnitQty>י"ח</UnitQty>
      <Quantity>1.50</Quantity>
      <UnitMeasure>ליטר</UnitMeasure>
      <BisWeighted>0</BisWeighted>
      <QtyInPackage>1</QtyInPackage>
      <ItemPrice>5.90</ItemPrice>
      <UnitOfMeasurePrice>3.93</UnitOfMeasurePrice>
      <AllowDiscount>1</AllowDiscount>
      <itemStatus>1</itemStatus>
      <LastUpdateDate />
      <LastUpdateTime />
    </Product>
    <Product>
      <PriceUpdateDate>2019/06/06 09:08</PriceUpdateDate>
      <ItemCode>7290017888408</ItemCode>
      <ItemType>1</ItemType>
      <ItemName>תפוזינה לימונענע  WOW   1.5 ל.</ItemName>
      <ManufactureName>יפאורה שותפות מוגבלת לשיווק</ManufactureName>
      <ManufactureCountry />
      <ManufactureItemDescription />
      <UnitQty>י"ח</UnitQty>
      <Quantity>1.50</Quantity>
      <UnitMeasure>ליטר</UnitMeasure>
      <BisWeighted>0</BisWeighted>
      <QtyInPackage>1</QtyInPackage>
      <ItemPrice>5.90</ItemPrice>
      <UnitOfMeasurePrice>3.93</UnitOfMeasurePrice>
      <AllowDiscount>1</AllowDiscount>
      <itemStatus>1</itemStatus>
      <LastUpdateDate />
      <LastUpdateTime />
    </Product>
    <Product>
      <PriceUpdateDate>2020/04/05 09:35</PriceUpdateDate>
      <ItemCode>7290017888781</ItemCode>
      <ItemType>1</ItemType>
      <ItemName>שוופס מוגז עדין מוחיטו 1.5ליטר</ItemName>
      <ManufactureName>יפאורה שותפות מוגבלת לשיווק</ManufactureName>
      <ManufactureCountry />
      <ManufactureItemDescription />
      <UnitQty>י"ח</UnitQty>
      <Quantity>1.50</Quantity>
      <UnitMeasure>ליטר</UnitMeasure>
      <BisWeighted>0</BisWeighted>
      <QtyInPackage>1</QtyInPackage>
      <ItemPrice>6.70</ItemPrice>
      <UnitOfMeasurePrice>4.47</UnitOfMeasurePrice>
      <AllowDiscount>1</AllowDiscount>
      <itemStatus>1</itemStatus>
      <LastUpdateDate />
      <LastUpdateTime />
    </Product>
    <Product>
      <PriceUpdateDate>2020/04/05 09:35</PriceUpdateDate>
      <ItemCode>7290017888811</ItemCode>
      <ItemType>1</ItemType>
      <ItemName>שוופס מוגז מוחיטו  פחית סליק 330מ"ל 1/4</ItemName>
      <ManufactureName>יפאורה שותפות מוגבלת לשיווק</ManufactureName>
      <ManufactureCountry />
      <ManufactureItemDescription />
      <UnitQty>י"ח</UnitQty>
      <Quantity>1.50</Quantity>
      <UnitMeasure>ליטר</UnitMeasure>
      <BisWeighted>0</BisWeighted>
      <QtyInPackage>1</QtyInPackage>
      <ItemPrice>18.10</ItemPrice>
      <UnitOfMeasurePrice>11.27</UnitOfMeasurePrice>
      <AllowDiscount>1</AllowDiscount>
      <itemStatus>1</itemStatus>
      <LastUpdateDate />
      <LastUpdateTime />
    </Product>
    <Product>
      <PriceUpdateDate>2020/04/05 09:35</PriceUpdateDate>
      <ItemCode>7290017888828</ItemCode>
      <ItemType>1</ItemType>
      <ItemName>שוופס מוגז מוחיטו  330מ"ל 1/4</ItemName>
      <ManufactureName>יפאורה שותפות מוגבלת לשיווק</ManufactureName>
      <ManufactureCountry />
      <ManufactureItemDescription />
      <UnitQty>י"ח</UnitQty>
      <Quantity>1.50</Quantity>
      <UnitMeasure>ליטר</UnitMeasure>
      <BisWeighted>0</BisWeighted>
      <QtyInPackage>1</QtyInPackage>
      <ItemPrice>18.10</ItemPrice>
      <UnitOfMeasurePrice>11.27</UnitOfMeasurePrice>
      <AllowDiscount>1</AllowDiscount>
      <itemStatus>1</itemStatus>
      <LastUpdateDate />
      <LastUpdateTime />
    </Product>
    <Product>
      <PriceUpdateDate>2019/11/25 09:41</PriceUpdateDate>
      <ItemCode>7290017917283</ItemCode>
      <ItemType>1</ItemType>
      <ItemName>מגבונים מילוי קמיל בלו ללא בישום רביעייה</ItemName>
      <ManufactureName>פישר תעשיות פרמבצטיות בעמ</ManufactureName>
      <ManufactureCountry />
      <ManufactureItemDescription />
      <UnitQty>י"ח</UnitQty>
      <Quantity>400</Quantity>
      <UnitMeasure>ל  גרם</UnitMeasure>
      <BisWeighted>0</BisWeighted>
      <QtyInPackage>1</QtyInPackage>
      <ItemPrice>19.90</ItemPrice>
      <UnitOfMeasurePrice>4.98</UnitOfMeasurePrice>
      <AllowDiscount>1</AllowDiscount>
      <itemStatus>1</itemStatus>
      <LastUpdateDate />
      <LastUpdateTime />
    </Product>
    <Product>
      <PriceUpdateDate>2019/07/17 08:12</PriceUpdateDate>
      <ItemCode>7290017917382</ItemCode>
      <ItemType>1</ItemType>
      <ItemName>אל סבון נוזלי להרגעת העור קמיל 1ליטר</ItemName>
      <ManufactureName>פישר תעשיות פרמבצטיות בעמ</ManufactureName>
      <ManufactureCountry />
      <ManufactureItemDescription />
      <UnitQty>י"ח</UnitQty>
      <Quantity>1</Quantity>
      <UnitMeasure>ליטר</UnitMeasure>
      <BisWeighted>0</BisWeighted>
      <QtyInPackage>1</QtyInPackage>
      <ItemPrice>14.90</ItemPrice>
      <UnitOfMeasurePrice>14.90</UnitOfMeasurePrice>
      <AllowDiscount>1</AllowDiscount>
      <itemStatus>1</itemStatus>
      <LastUpdateDate />
      <LastUpdateTime />
    </Product>
    <Product>
      <PriceUpdateDate>2019/07/28 09:50</PriceUpdateDate>
      <ItemCode>7290017917450</ItemCode>
      <ItemType>1</ItemType>
      <ItemName>קמיל בלו סנסיטיב אל סבון ושמפו 1ליטר.</ItemName>
      <ManufactureName>פישר תעשיות פרמבצטיות בעמ</ManufactureName>
      <ManufactureCountry />
      <ManufactureItemDescription />
      <UnitQty>י"ח</UnitQty>
      <Quantity>1</Quantity>
      <UnitMeasure>ליטר</UnitMeasure>
      <BisWeighted>0</BisWeighted>
      <QtyInPackage>1</QtyInPackage>
      <ItemPrice>29.90</ItemPrice>
      <UnitOfMeasurePrice>29.90</UnitOfMeasurePrice>
      <AllowDiscount>1</AllowDiscount>
      <itemStatus>1</itemStatus>
      <LastUpdateDate />
      <LastUpdateTime />
    </Product>
    <Product>
      <PriceUpdateDate>2019/08/01 10:43</PriceUpdateDate>
      <ItemCode>7290017917467</ItemCode>
      <ItemType>1</ItemType>
      <ItemName>קמיל בלו אל סבון שיבולת שועל 1ליטר</ItemName>
      <ManufactureName>פישר תעשיות פרמבצטיות בעמ</ManufactureName>
      <ManufactureCountry />
      <ManufactureItemDescription />
      <UnitQty>י"ח</UnitQty>
      <Quantity>1</Quantity>
      <UnitMeasure>ליטר</UnitMeasure>
      <BisWeighted>0</BisWeighted>
      <QtyInPackage>1</QtyInPackage>
      <ItemPrice>29.90</ItemPrice>
      <UnitOfMeasurePrice>29.90</UnitOfMeasurePrice>
      <AllowDiscount>1</AllowDiscount>
      <itemStatus>1</itemStatus>
      <LastUpdateDate />
      <LastUpdateTime />
    </Product>
    <Product>
      <PriceUpdateDate>2019/12/18 08:01</PriceUpdateDate>
      <ItemCode>7290017917542</ItemCode>
      <ItemType>1</ItemType>
      <ItemName>שמפו בלונד ללא תוספת מלחים  400מ"ל</ItemName>
      <ManufactureName>פישר תעשיות פרמבצטיות בעמ</ManufactureName>
      <ManufactureCountry />
      <ManufactureItemDescription />
      <UnitQty>י"ח</UnitQty>
      <Quantity>400</Quantity>
      <UnitMeasure>ל  מ"ל</UnitMeasure>
      <BisWeighted>0</BisWeighted>
      <QtyInPackage>1</QtyInPackage>
      <ItemPrice>39.90</ItemPrice>
      <UnitOfMeasurePrice>9.98</UnitOfMeasurePrice>
      <AllowDiscount>1</AllowDiscount>
      <itemStatus>1</itemStatus>
      <LastUpdateDate />
      <LastUpdateTime />
    </Product>
    <Product>
      <PriceUpdateDate>2019/12/18 08:01</PriceUpdateDate>
      <ItemCode>7290017917566</ItemCode>
      <ItemType>1</ItemType>
      <ItemName>שמפו סילבר ללא מלחים 400מ"ל ד"ר פישר</ItemName>
      <ManufactureName>פישר תעשיות פרמבצטיות בעמ</ManufactureName>
      <ManufactureCountry />
      <ManufactureItemDescription />
      <UnitQty>י"ח</UnitQty>
      <Quantity>400</Quantity>
      <UnitMeasure>ל  מ"ל</UnitMeasure>
      <BisWeighted>0</BisWeighted>
      <QtyInPackage>1</QtyInPackage>
      <ItemPrice>39.90</ItemPrice>
      <UnitOfMeasurePrice>9.98</UnitOfMeasurePrice>
      <AllowDiscount>1</AllowDiscount>
      <itemStatus>1</itemStatus>
      <LastUpdateDate />
      <LastUpdateTime />
    </Product>
    <Product>
      <PriceUpdateDate>2019/12/11 09:26</PriceUpdateDate>
      <ItemCode>7290017928203</ItemCode>
      <ItemType>1</ItemType>
      <ItemName>מאיר בייגל שמיניות מלח 330גר</ItemName>
      <ManufactureName>דיפלומט בעמ</ManufactureName>
      <ManufactureCountry />
      <ManufactureItemDescription />
      <UnitQty>י"ח</UnitQty>
      <Quantity>330</Quantity>
      <UnitMeasure>ל  גרם</UnitMeasure>
      <BisWeighted>0</BisWeighted>
      <QtyInPackage>1</QtyInPackage>
      <ItemPrice>11.90</ItemPrice>
      <UnitOfMeasurePrice>3.61</UnitOfMeasurePrice>
      <AllowDiscount>1</AllowDiscount>
      <itemStatus>1</itemStatus>
      <LastUpdateDate />
      <LastUpdateTime />
    </Product>
    <Product>
      <PriceUpdateDate>2019/12/11 09:26</PriceUpdateDate>
      <ItemCode>7290017928210</ItemCode>
      <ItemType>1</ItemType>
      <ItemName>מאיר בייגל בייגלה גדול שומשום 250גר</ItemName>
      <ManufactureName>דיפלומט בעמ</ManufactureName>
      <ManufactureCountry />
      <ManufactureItemDescription />
      <UnitQty>י"ח</UnitQty>
      <Quantity>250</Quantity>
      <UnitMeasure>ל  גרם</UnitMeasure>
      <BisWeighted>0</BisWeighted>
      <QtyInPackage>1</QtyInPackage>
      <ItemPrice>11.90</ItemPrice>
      <UnitOfMeasurePrice>4.76</UnitOfMeasurePrice>
      <AllowDiscount>1</AllowDiscount>
      <itemStatus>1</itemStatus>
      <LastUpdateDate />
      <LastUpdateTime />
    </Product>
    <Product>
      <PriceUpdateDate>2019/12/11 09:26</PriceUpdateDate>
      <ItemCode>7290017928227</ItemCode>
      <ItemType>1</ItemType>
      <ItemName>מאיר בייגל שטוחלה פינוקים 300ג</ItemName>
      <ManufactureName>דיפלומט בעמ</ManufactureName>
      <ManufactureCountry />
      <ManufactureItemDescription />
      <UnitQty>י"ח</UnitQty>
      <Quantity>300</Quantity>
      <UnitMeasure>ל  גרם</UnitMeasure>
      <BisWeighted>0</BisWeighted>
      <QtyInPackage>1</QtyInPackage>
      <ItemPrice>11.90</ItemPrice>
      <UnitOfMeasurePrice>3.97</UnitOfMeasurePrice>
      <AllowDiscount>1</AllowDiscount>
      <itemStatus>1</itemStatus>
      <LastUpdateDate />
      <LastUpdateTime />
    </Product>
    <Product>
      <PriceUpdateDate>2019/12/11 09:26</PriceUpdateDate>
      <ItemCode>7290017928401</ItemCode>
      <ItemType>1</ItemType>
      <ItemName>מאיר בייגל מקלות מלח 330גר</ItemName>
      <ManufactureName>דיפלומט בעמ</ManufactureName>
      <ManufactureCountry />
      <ManufactureItemDescription />
      <UnitQty>י"ח</UnitQty>
      <Quantity>330</Quantity>
      <UnitMeasure>ל  גרם</UnitMeasure>
      <BisWeighted>0</BisWeighted>
      <QtyInPackage>1</QtyInPackage>
      <ItemPrice>11.90</ItemPrice>
      <UnitOfMeasurePrice>3.61</UnitOfMeasurePrice>
      <AllowDiscount>1</AllowDiscount>
      <itemStatus>1</itemStatus>
      <LastUpdateDate />
      <LastUpdateTime />
    </Product>
    <Product>
      <PriceUpdateDate>2019/12/11 09:26</PriceUpdateDate>
      <ItemCode>7290017928418</ItemCode>
      <ItemType>1</ItemType>
      <ItemName>מאיר בייגל שטוחלה מלח  300גר</ItemName>
      <ManufactureName>דיפלומט בעמ</ManufactureName>
      <ManufactureCountry />
      <ManufactureItemDescription />
      <UnitQty>י"ח</UnitQty>
      <Quantity>300</Quantity>
      <UnitMeasure>ל  גרם</UnitMeasure>
      <BisWeighted>0</BisWeighted>
      <QtyInPackage>1</QtyInPackage>
      <ItemPrice>11.90</ItemPrice>
      <UnitOfMeasurePrice>3.97</UnitOfMeasurePrice>
      <AllowDiscount>1</AllowDiscount>
      <itemStatus>1</itemStatus>
      <LastUpdateDate />
      <LastUpdateTime />
    </Product>
    <Product>
      <PriceUpdateDate>2019/12/11 09:26</PriceUpdateDate>
      <ItemCode>7290017928449</ItemCode>
      <ItemType>1</ItemType>
      <ItemName>מאיר בייגל שטוחלה פרו מלח  170גר</ItemName>
      <ManufactureName>דיפלומט בעמ</ManufactureName>
      <ManufactureCountry />
      <ManufactureItemDescription />
      <UnitQty>י"ח</UnitQty>
      <Quantity>170</Quantity>
      <UnitMeasure>ל  גרם</UnitMeasure>
      <BisWeighted>0</BisWeighted>
      <QtyInPackage>1</QtyInPackage>
      <ItemPrice>11.90</ItemPrice>
      <UnitOfMeasurePrice>7</UnitOfMeasurePrice>
      <AllowDiscount>1</AllowDiscount>
      <itemStatus>1</itemStatus>
      <LastUpdateDate />
      <LastUpdateTime />
    </Product>
    <Product>
      <PriceUpdateDate>2019/12/11 09:26</PriceUpdateDate>
      <ItemCode>7290017928609</ItemCode>
      <ItemType>1</ItemType>
      <ItemName>מאיר בייגל טבעות שומשום 300גר</ItemName>
      <ManufactureName>דיפלומט בעמ</ManufactureName>
      <ManufactureCountry />
      <ManufactureItemDescription />
      <UnitQty>י"ח</UnitQty>
      <Quantity>300</Quantity>
      <UnitMeasure>ל  גרם</UnitMeasure>
      <BisWeighted>0</BisWeighted>
      <QtyInPackage>1</QtyInPackage>
      <ItemPrice>11.90</ItemPrice>
      <UnitOfMeasurePrice>3.97</UnitOfMeasurePrice>
      <AllowDiscount>1</AllowDiscount>
      <itemStatus>1</itemStatus>
      <LastUpdateDate />
      <LastUpdateTime />
    </Product>
    <Product>
      <PriceUpdateDate>2019/12/11 09:26</PriceUpdateDate>
      <ItemCode>7290017928616</ItemCode>
      <ItemType>1</ItemType>
      <ItemName>מאיר בייגל שטוחלה שומשום  300גר</ItemName>
      <ManufactureName>דיפלומט בעמ</ManufactureName>
      <ManufactureCountry />
      <ManufactureItemDescription />
      <UnitQty>י"ח</UnitQty>
      <Quantity>300</Quantity>
      <UnitMeasure>ל  גרם</UnitMeasure>
      <BisWeighted>0</BisWeighted>
      <QtyInPackage>1</QtyInPackage>
      <ItemPrice>11.90</ItemPrice>
      <UnitOfMeasurePrice>3.97</UnitOfMeasurePrice>
      <AllowDiscount>1</AllowDiscount>
      <itemStatus>1</itemStatus>
      <LastUpdateDate />
      <LastUpdateTime />
    </Product>
    <Product>
      <PriceUpdateDate>2019/12/11 09:26</PriceUpdateDate>
      <ItemCode>7290017928647</ItemCode>
      <ItemType>1</ItemType>
      <ItemName>מאיר בייגל שטוחלה פרו BBQ 170גר</ItemName>
      <ManufactureName>דיפלומט בעמ</ManufactureName>
      <ManufactureCountry />
      <ManufactureItemDescription />
      <UnitQty>י"ח</UnitQty>
      <Quantity>170</Quantity>
      <UnitMeasure>ל  גרם</UnitMeasure>
      <BisWeighted>0</BisWeighted>
      <QtyInPackage>1</QtyInPackage>
      <ItemPrice>11.90</ItemPrice>
      <UnitOfMeasurePrice>7</UnitOfMeasurePrice>
      <AllowDiscount>1</AllowDiscount>
      <itemStatus>1</itemStatus>
      <LastUpdateDate />
      <LastUpdateTime />
    </Product>
    <Product>
      <PriceUpdateDate>2019/12/11 09:26</PriceUpdateDate>
      <ItemCode>7290017928807</ItemCode>
      <ItemType>1</ItemType>
      <ItemName>מאיר בייגל אצבעות שומשום 300גר</ItemName>
      <ManufactureName>דיפלומט בעמ</ManufactureName>
      <ManufactureCountry />
      <ManufactureItemDescription />
      <UnitQty>י"ח</UnitQty>
      <Quantity>300</Quantity>
      <UnitMeasure>ל  גרם</UnitMeasure>
      <BisWeighted>0</BisWeighted>
      <QtyInPackage>1</QtyInPackage>
      <ItemPrice>11.90</ItemPrice>
      <UnitOfMeasurePrice>3.97</UnitOfMeasurePrice>
      <AllowDiscount>1</AllowDiscount>
      <itemStatus>1</itemStatus>
      <LastUpdateDate />
      <LastUpdateTime />
    </Product>
    <Product>
      <PriceUpdateDate>2019/12/11 09:26</PriceUpdateDate>
      <ItemCode>7290017928814</ItemCode>
      <ItemType>1</ItemType>
      <ItemName>מאיר בייגל שטוחלה צ`ילי חריף מתוק 300גר</ItemName>
      <ManufactureName>דיפלומט בעמ</ManufactureName>
      <ManufactureCountry />
      <ManufactureItemDescription />
      <UnitQty>י"ח</UnitQty>
      <Quantity>300</Quantity>
      <UnitMeasure>ל  גרם</UnitMeasure>
      <BisWeighted>0</BisWeighted>
      <QtyInPackage>1</QtyInPackage>
      <ItemPrice>11.90</ItemPrice>
      <UnitOfMeasurePrice>3.97</UnitOfMeasurePrice>
      <AllowDiscount>1</AllowDiscount>
      <itemStatus>1</itemStatus>
      <LastUpdateDate />
      <LastUpdateTime />
    </Product>
    <Product>
      <PriceUpdateDate>2019/12/11 09:26</PriceUpdateDate>
      <ItemCode>7290017928845</ItemCode>
      <ItemType>1</ItemType>
      <ItemName>מאיר בייגל שמיניות פרו מלח   170גר</ItemName>
      <ManufactureName>דיפלומט בעמ</ManufactureName>
      <ManufactureCountry />
      <ManufactureItemDescription />
      <UnitQty>י"ח</UnitQty>
      <Quantity>170</Quantity>
      <UnitMeasure>ל  גרם</UnitMeasure>
      <BisWeighted>0</BisWeighted>
      <QtyInPackage>1</QtyInPackage>
      <ItemPrice>11.90</ItemPrice>
      <UnitOfMeasurePrice>7</UnitOfMeasurePrice>
      <AllowDiscount>1</AllowDiscount>
      <itemStatus>1</itemStatus>
      <LastUpdateDate />
      <LastUpdateTime />
    </Product>
    <Product>
      <PriceUpdateDate>2020/04/21 10:23</PriceUpdateDate>
      <ItemCode>7290017932088</ItemCode>
      <ItemType>1</ItemType>
      <ItemName>תחתית אפויה לפאי 170 גרם גאלה</ItemName>
      <ManufactureName>מור ים מרקטינג בעמ</ManufactureName>
      <ManufactureCountry />
      <ManufactureItemDescription />
      <UnitQty>י"ח</UnitQty>
      <Quantity>170</Quantity>
      <UnitMeasure>ל  גרם</UnitMeasure>
      <BisWeighted>0</BisWeighted>
      <QtyInPackage>1</QtyInPackage>
      <ItemPrice>12.90</ItemPrice>
      <UnitOfMeasurePrice>7.59</UnitOfMeasurePrice>
      <AllowDiscount>1</AllowDiscount>
      <itemStatus>1</itemStatus>
      <LastUpdateDate />
      <LastUpdateTime />
    </Product>
    <Product>
      <PriceUpdateDate>2020/01/13 10:05</PriceUpdateDate>
      <ItemCode>7290017946474</ItemCode>
      <ItemType>1</ItemType>
      <ItemName>הוואי ת. רחצה סודות פולינזיה  700 מ"ל</ItemName>
      <ManufactureName>הנקל סוד בעמ</ManufactureName>
      <ManufactureCountry />
      <ManufactureItemDescription />
      <UnitQty>י"ח</UnitQty>
      <Quantity>700</Quantity>
      <UnitMeasure>ל  מ"ל</UnitMeasure>
      <BisWeighted>0</BisWeighted>
      <QtyInPackage>1</QtyInPackage>
      <ItemPrice>10.90</ItemPrice>
      <UnitOfMeasurePrice>1.56</UnitOfMeasurePrice>
      <AllowDiscount>1</AllowDiscount>
      <itemStatus>1</itemStatus>
      <LastUpdateDate />
      <LastUpdateTime />
    </Product>
    <Product>
      <PriceUpdateDate>2020/03/17 07:49</PriceUpdateDate>
      <ItemCode>7290018091029</ItemCode>
      <ItemType>1</ItemType>
      <ItemName>מקלות פילו תפו"א  450ג קפוא</ItemName>
      <ManufactureName>תנובה בשר</ManufactureName>
      <ManufactureCountry />
      <ManufactureItemDescription />
      <UnitQty>י"ח</UnitQty>
      <Quantity>450</Quantity>
      <UnitMeasure>ל  גרם</UnitMeasure>
      <BisWeighted>0</BisWeighted>
      <QtyInPackage>1</QtyInPackage>
      <ItemPrice>17.90</ItemPrice>
      <UnitOfMeasurePrice>3.98</UnitOfMeasurePrice>
      <AllowDiscount>1</AllowDiscount>
      <itemStatus>1</itemStatus>
      <LastUpdateDate />
      <LastUpdateTime />
    </Product>
    <Product>
      <PriceUpdateDate>2020/01/14 12:49</PriceUpdateDate>
      <ItemCode>7290018091401</ItemCode>
      <ItemType>1</ItemType>
      <ItemName>שבלולי שמרים במילוי ממרח קינמון 350ג</ItemName>
      <ManufactureName>תנובה בשר</ManufactureName>
      <ManufactureCountry />
      <ManufactureItemDescription />
      <UnitQty>י"ח</UnitQty>
      <Quantity>350</Quantity>
      <UnitMeasure>ל  גרם</UnitMeasure>
      <BisWeighted>0</BisWeighted>
      <QtyInPackage>1</QtyInPackage>
      <ItemPrice>16.90</ItemPrice>
      <UnitOfMeasurePrice>4.83</UnitOfMeasurePrice>
      <AllowDiscount>1</AllowDiscount>
      <itemStatus>1</itemStatus>
      <LastUpdateDate />
      <LastUpdateTime />
    </Product>
    <Product>
      <PriceUpdateDate>2020/03/17 07:49</PriceUpdateDate>
      <ItemCode>7290018091418</ItemCode>
      <ItemType>1</ItemType>
      <ItemName>מקלות פילו פלפל קלוי וגבינה   450ג קפוא</ItemName>
      <ManufactureName>תנובה בשר</ManufactureName>
      <ManufactureCountry />
      <ManufactureItemDescription />
      <UnitQty>י"ח</UnitQty>
      <Quantity>450</Quantity>
      <UnitMeasure>ל  גרם</UnitMeasure>
      <BisWeighted>0</BisWeighted>
      <QtyInPackage>1</QtyInPackage>
      <ItemPrice>17.90</ItemPrice>
      <UnitOfMeasurePrice>3.98</UnitOfMeasurePrice>
      <AllowDiscount>1</AllowDiscount>
      <itemStatus>1</itemStatus>
      <LastUpdateDate />
      <LastUpdateTime />
    </Product>
    <Product>
      <PriceUpdateDate>2020/01/14 12:49</PriceUpdateDate>
      <ItemCode>7290018091609</ItemCode>
      <ItemType>1</ItemType>
      <ItemName>שבלולי שמרים במילוי ממרח שוקולד 350ג.</ItemName>
      <ManufactureName>תנובה בשר</ManufactureName>
      <ManufactureCountry />
      <ManufactureItemDescription />
      <UnitQty>י"ח</UnitQty>
      <Quantity>350</Quantity>
      <UnitMeasure>ל  גרם</UnitMeasure>
      <BisWeighted>0</BisWeighted>
      <QtyInPackage>1</QtyInPackage>
      <ItemPrice>16.90</ItemPrice>
      <UnitOfMeasurePrice>4.83</UnitOfMeasurePrice>
      <AllowDiscount>1</AllowDiscount>
      <itemStatus>1</itemStatus>
      <LastUpdateDate />
      <LastUpdateTime />
    </Product>
    <Product>
      <PriceUpdateDate>2020/03/17 07:49</PriceUpdateDate>
      <ItemCode>7290018091616</ItemCode>
      <ItemType>1</ItemType>
      <ItemName>מקלות פילו גבינה 450ג קפוא</ItemName>
      <ManufactureName>תנובה בשר</ManufactureName>
      <ManufactureCountry />
      <ManufactureItemDescription />
      <UnitQty>י"ח</UnitQty>
      <Quantity>450</Quantity>
      <UnitMeasure>ל  גרם</UnitMeasure>
      <BisWeighted>0</BisWeighted>
      <QtyInPackage>1</QtyInPackage>
      <ItemPrice>17.90</ItemPrice>
      <UnitOfMeasurePrice>3.98</UnitOfMeasurePrice>
      <AllowDiscount>1</AllowDiscount>
      <itemStatus>1</itemStatus>
      <LastUpdateDate />
      <LastUpdateTime />
    </Product>
    <Product>
      <PriceUpdateDate>2020/03/17 07:49</PriceUpdateDate>
      <ItemCode>7290018091814</ItemCode>
      <ItemType>1</ItemType>
      <ItemName>מקלות פילו חציל קלוי וגבינה   450ג קפו</ItemName>
      <ManufactureName>תנובה בשר</ManufactureName>
      <ManufactureCountry />
      <ManufactureItemDescription />
      <UnitQty>י"ח</UnitQty>
      <Quantity>450</Quantity>
      <UnitMeasure>ל  גרם</UnitMeasure>
      <BisWeighted>0</BisWeighted>
      <QtyInPackage>1</QtyInPackage>
      <ItemPrice>17.90</ItemPrice>
      <UnitOfMeasurePrice>3.98</UnitOfMeasurePrice>
      <AllowDiscount>1</AllowDiscount>
      <itemStatus>1</itemStatus>
      <LastUpdateDate />
      <LastUpdateTime />
    </Product>
    <Product>
      <PriceUpdateDate>2020/04/06 08:06</PriceUpdateDate>
      <ItemCode>7290018131091</ItemCode>
      <ItemType>1</ItemType>
      <ItemName>לה פרוטה אסאי וקוקוס  70ג כשל"פ</ItemName>
      <ManufactureName>נגה גלידות</ManufactureName>
      <ManufactureCountry />
      <ManufactureItemDescription />
      <UnitQty>י"ח</UnitQty>
      <Quantity>70</Quantity>
      <UnitMeasure>ל  גרם</UnitMeasure>
      <BisWeighted>0</BisWeighted>
      <QtyInPackage>1</QtyInPackage>
      <ItemPrice>7.90</ItemPrice>
      <UnitOfMeasurePrice>11.29</UnitOfMeasurePrice>
      <AllowDiscount>1</AllowDiscount>
      <itemStatus>1</itemStatus>
      <LastUpdateDate />
      <LastUpdateTime />
    </Product>
    <Product>
      <PriceUpdateDate>2020/04/06 08:06</PriceUpdateDate>
      <ItemCode>7290018131213</ItemCode>
      <ItemType>1</ItemType>
      <ItemName>טילון מיניונים</ItemName>
      <ManufactureName>נגה גלידות</ManufactureName>
      <ManufactureCountry />
      <ManufactureItemDescription />
      <UnitQty>י"ח</UnitQty>
      <Quantity>1</Quantity>
      <UnitMeasure />
      <BisWeighted>0</BisWeighted>
      <QtyInPackage>1</QtyInPackage>
      <ItemPrice>7.90</ItemPrice>
      <UnitOfMeasurePrice>7.90</UnitOfMeasurePrice>
      <AllowDiscount>1</AllowDiscount>
      <itemStatus>1</itemStatus>
      <LastUpdateDate />
      <LastUpdateTime />
    </Product>
    <Product>
      <PriceUpdateDate>2020/04/06 08:06</PriceUpdateDate>
      <ItemCode>7290018131237</ItemCode>
      <ItemType>1</ItemType>
      <ItemName>קראנצ  קרמל פופקורן כשל"פ</ItemName>
      <ManufactureName>נגה גלידות</ManufactureName>
      <ManufactureCountry />
      <ManufactureItemDescription />
      <UnitQty>י"ח</UnitQty>
      <Quantity>1</Quantity>
      <UnitMeasure />
      <BisWeighted>0</BisWeighted>
      <QtyInPackage>1</QtyInPackage>
      <ItemPrice>11.90</ItemPrice>
      <UnitOfMeasurePrice>11.90</UnitOfMeasurePrice>
      <AllowDiscount>1</AllowDiscount>
      <itemStatus>1</itemStatus>
      <LastUpdateDate />
      <LastUpdateTime />
    </Product>
    <Product>
      <PriceUpdateDate>2020/04/06 08:06</PriceUpdateDate>
      <ItemCode>7290018131251</ItemCode>
      <ItemType>1</ItemType>
      <ItemName>אקסטרים מטבע שוק. לבן קרם עוגיות</ItemName>
      <ManufactureName>נגה גלידות</ManufactureName>
      <ManufactureCountry />
      <ManufactureItemDescription />
      <UnitQty>י"ח</UnitQty>
      <Quantity>1</Quantity>
      <UnitMeasure />
      <BisWeighted>0</BisWeighted>
      <QtyInPackage>1</QtyInPackage>
      <ItemPrice>9</ItemPrice>
      <UnitOfMeasurePrice>9</UnitOfMeasurePrice>
      <AllowDiscount>1</AllowDiscount>
      <itemStatus>1</itemStatus>
      <LastUpdateDate />
      <LastUpdateTime />
    </Product>
    <Product>
      <PriceUpdateDate>2020/04/06 08:06</PriceUpdateDate>
      <ItemCode>7290018131367</ItemCode>
      <ItemType>1</ItemType>
      <ItemName>קוקילידה שוקו ציפ</ItemName>
      <ManufactureName>נגה גלידות</ManufactureName>
      <ManufactureCountry />
      <ManufactureItemDescription />
      <UnitQty>י"ח</UnitQty>
      <Quantity>1</Quantity>
      <UnitMeasure />
      <BisWeighted>0</BisWeighted>
      <QtyInPackage>1</QtyInPackage>
      <ItemPrice>9</ItemPrice>
      <UnitOfMeasurePrice>9</UnitOfMeasurePrice>
      <AllowDiscount>1</AllowDiscount>
      <itemStatus>1</itemStatus>
      <LastUpdateDate />
      <LastUpdateTime />
    </Product>
    <Product>
      <PriceUpdateDate>2020/04/06 08:06</PriceUpdateDate>
      <ItemCode>7290018131428</ItemCode>
      <ItemType>1</ItemType>
      <ItemName>אקסטרים מסקרפונה תות</ItemName>
      <ManufactureName>נגה גלידות</ManufactureName>
      <ManufactureCountry />
      <ManufactureItemDescription />
      <UnitQty>י"ח</UnitQty>
      <Quantity>1</Quantity>
      <UnitMeasure />
      <BisWeighted>0</BisWeighted>
      <QtyInPackage>1</QtyInPackage>
      <ItemPrice>9</ItemPrice>
      <UnitOfMeasurePrice>9</UnitOfMeasurePrice>
      <AllowDiscount>1</AllowDiscount>
      <itemStatus>1</itemStatus>
      <LastUpdateDate />
      <LastUpdateTime />
    </Product>
    <Product>
      <PriceUpdateDate>2019/12/19 08:16</PriceUpdateDate>
      <ItemCode>7290018165010</ItemCode>
      <ItemType>1</ItemType>
      <ItemName>רזרב גולד  גוורצטרמינר 750מ"ל ברקן</ItemName>
      <ManufactureName>טמפו משקאות בעמ</ManufactureName>
      <ManufactureCountry />
      <ManufactureItemDescription />
      <UnitQty>י"ח</UnitQty>
      <Quantity>750</Quantity>
      <UnitMeasure>ל  מ"ל</UnitMeasure>
      <BisWeighted>0</BisWeighted>
      <QtyInPackage>1</QtyInPackage>
      <ItemPrice>47.90</ItemPrice>
      <UnitOfMeasurePrice>6.35</UnitOfMeasurePrice>
      <AllowDiscount>1</AllowDiscount>
      <itemStatus>1</itemStatus>
      <LastUpdateDate />
      <LastUpdateTime />
    </Product>
    <Product>
      <PriceUpdateDate>2019/12/19 08:16</PriceUpdateDate>
      <ItemCode>7290018165027</ItemCode>
      <ItemType>1</ItemType>
      <ItemName>רזרב גולד רוזה  750מ"ל ברקן</ItemName>
      <ManufactureName>טמפו משקאות בעמ</ManufactureName>
      <ManufactureCountry />
      <ManufactureItemDescription />
      <UnitQty>י"ח</UnitQty>
      <Quantity>750</Quantity>
      <UnitMeasure>ל  מ"ל</UnitMeasure>
      <BisWeighted>0</BisWeighted>
      <QtyInPackage>1</QtyInPackage>
      <ItemPrice>47.90</ItemPrice>
      <UnitOfMeasurePrice>6.35</UnitOfMeasurePrice>
      <AllowDiscount>1</AllowDiscount>
      <itemStatus>1</itemStatus>
      <LastUpdateDate />
      <LastUpdateTime />
    </Product>
    <Product>
      <PriceUpdateDate>2020/03/23 13:41</PriceUpdateDate>
      <ItemCode>7290018359020</ItemCode>
      <ItemType>1</ItemType>
      <ItemName>סירופ קידס פטל 1ל</ItemName>
      <ManufactureName>זנלכל בעמ</ManufactureName>
      <ManufactureCountry />
      <ManufactureItemDescription />
      <UnitQty>י"ח</UnitQty>
      <Quantity>1</Quantity>
      <UnitMeasure>ליטר</UnitMeasure>
      <BisWeighted>0</BisWeighted>
      <QtyInPackage>1</QtyInPackage>
      <ItemPrice>10.90</ItemPrice>
      <UnitOfMeasurePrice>10.90</UnitOfMeasurePrice>
      <AllowDiscount>1</AllowDiscount>
      <itemStatus>1</itemStatus>
      <LastUpdateDate />
      <LastUpdateTime />
    </Product>
    <Product>
      <PriceUpdateDate>2020/03/23 13:41</PriceUpdateDate>
      <ItemCode>7290018359037</ItemCode>
      <ItemType>1</ItemType>
      <ItemName>סירופ קידס ענבים  1ל</ItemName>
      <ManufactureName>זנלכל בעמ</ManufactureName>
      <ManufactureCountry />
      <ManufactureItemDescription />
      <UnitQty>י"ח</UnitQty>
      <Quantity>1</Quantity>
      <UnitMeasure>ליטר</UnitMeasure>
      <BisWeighted>0</BisWeighted>
      <QtyInPackage>1</QtyInPackage>
      <ItemPrice>10.90</ItemPrice>
      <UnitOfMeasurePrice>10.90</UnitOfMeasurePrice>
      <AllowDiscount>1</AllowDiscount>
      <itemStatus>1</itemStatus>
      <LastUpdateDate />
      <LastUpdateTime />
    </Product>
    <Product>
      <PriceUpdateDate>2020/03/23 13:41</PriceUpdateDate>
      <ItemCode>7290018359044</ItemCode>
      <ItemType>1</ItemType>
      <ItemName>סירופ קידס תפוח עץ  1ל</ItemName>
      <ManufactureName>זנלכל בעמ</ManufactureName>
      <ManufactureCountry />
      <ManufactureItemDescription />
      <UnitQty>י"ח</UnitQty>
      <Quantity>1</Quantity>
      <UnitMeasure>ליטר</UnitMeasure>
      <BisWeighted>0</BisWeighted>
      <QtyInPackage>1</QtyInPackage>
      <ItemPrice>10.90</ItemPrice>
      <UnitOfMeasurePrice>10.90</UnitOfMeasurePrice>
      <AllowDiscount>1</AllowDiscount>
      <itemStatus>1</itemStatus>
      <LastUpdateDate />
      <LastUpdateTime />
    </Product>
    <Product>
      <PriceUpdateDate>2020/03/23 13:41</PriceUpdateDate>
      <ItemCode>7290018359051</ItemCode>
      <ItemType>1</ItemType>
      <ItemName>סירופ קידס אננס  1ל</ItemName>
      <ManufactureName>זנלכל בעמ</ManufactureName>
      <ManufactureCountry />
      <ManufactureItemDescription />
      <UnitQty>י"ח</UnitQty>
      <Quantity>1</Quantity>
      <UnitMeasure>ליטר</UnitMeasure>
      <BisWeighted>0</BisWeighted>
      <QtyInPackage>1</QtyInPackage>
      <ItemPrice>10.90</ItemPrice>
      <UnitOfMeasurePrice>10.90</UnitOfMeasurePrice>
      <AllowDiscount>1</AllowDiscount>
      <itemStatus>1</itemStatus>
      <LastUpdateDate />
      <LastUpdateTime />
    </Product>
    <Product>
      <PriceUpdateDate>2015/02/25 08:06</PriceUpdateDate>
      <ItemCode>7290019297383</ItemCode>
      <ItemType>1</ItemType>
      <ItemName>מעדן משמש שקדיה 100% רכיבי פרי 284גר ל.ס</ItemName>
      <ManufactureName>דין שיווק וקליהבעמ</ManufactureName>
      <ManufactureCountry />
      <ManufactureItemDescription />
      <UnitQty>י"ח</UnitQty>
      <Quantity>284</Quantity>
      <UnitMeasure>ל  גרם</UnitMeasure>
      <BisWeighted>0</BisWeighted>
      <QtyInPackage>1</QtyInPackage>
      <ItemPrice>13.90</ItemPrice>
      <UnitOfMeasurePrice>4.89</UnitOfMeasurePrice>
      <AllowDiscount>1</AllowDiscount>
      <itemStatus>1</itemStatus>
      <LastUpdateDate />
      <LastUpdateTime />
    </Product>
    <Product>
      <PriceUpdateDate>2015/02/25 08:06</PriceUpdateDate>
      <ItemCode>7290019297390</ItemCode>
      <ItemType>1</ItemType>
      <ItemName>מעדן פטל שקדיה 100% רכיבי פרי 284גר ל.ס</ItemName>
      <ManufactureName>דין שיווק וקליהבעמ</ManufactureName>
      <ManufactureCountry />
      <ManufactureItemDescription />
      <UnitQty>י"ח</UnitQty>
      <Quantity>284</Quantity>
      <UnitMeasure>ל  גרם</UnitMeasure>
      <BisWeighted>0</BisWeighted>
      <QtyInPackage>1</QtyInPackage>
      <ItemPrice>13.90</ItemPrice>
      <UnitOfMeasurePrice>4.89</UnitOfMeasurePrice>
      <AllowDiscount>1</AllowDiscount>
      <itemStatus>1</itemStatus>
      <LastUpdateDate />
      <LastUpdateTime />
    </Product>
    <Product>
      <PriceUpdateDate>2015/02/25 08:06</PriceUpdateDate>
      <ItemCode>7290019297406</ItemCode>
      <ItemType>1</ItemType>
      <ItemName>מעדן דובדבן 100% רכיבי פרי 284גר ל.ס</ItemName>
      <ManufactureName>דין שיווק וקליהבעמ</ManufactureName>
      <ManufactureCountry />
      <ManufactureItemDescription />
      <UnitQty>י"ח</UnitQty>
      <Quantity>284</Quantity>
      <UnitMeasure>ל  גרם</UnitMeasure>
      <BisWeighted>0</BisWeighted>
      <QtyInPackage>1</QtyInPackage>
      <ItemPrice>13.90</ItemPrice>
      <UnitOfMeasurePrice>4.89</UnitOfMeasurePrice>
      <AllowDiscount>1</AllowDiscount>
      <itemStatus>1</itemStatus>
      <LastUpdateDate />
      <LastUpdateTime />
    </Product>
    <Product>
      <PriceUpdateDate>2015/02/25 08:06</PriceUpdateDate>
      <ItemCode>7290019297413</ItemCode>
      <ItemType>1</ItemType>
      <ItemName>מעדן אפרס שקדיה 100% רכיבי פרי 284גר ל.ס</ItemName>
      <ManufactureName>דין שיווק וקליהבעמ</ManufactureName>
      <ManufactureCountry />
      <ManufactureItemDescription />
      <UnitQty>י"ח</UnitQty>
      <Quantity>284</Quantity>
      <UnitMeasure>ל  גרם</UnitMeasure>
      <BisWeighted>0</BisWeighted>
      <QtyInPackage>1</QtyInPackage>
      <ItemPrice>13.90</ItemPrice>
      <UnitOfMeasurePrice>4.89</UnitOfMeasurePrice>
      <AllowDiscount>1</AllowDiscount>
      <itemStatus>1</itemStatus>
      <LastUpdateDate />
      <LastUpdateTime />
    </Product>
    <Product>
      <PriceUpdateDate>2015/02/25 08:06</PriceUpdateDate>
      <ItemCode>7290019297420</ItemCode>
      <ItemType>1</ItemType>
      <ItemName>מעדן תות שקדיה 100% רכיבי פרי 284גר ל.</ItemName>
      <ManufactureName>דין שיווק וקליהבעמ</ManufactureName>
      <ManufactureCountry />
      <ManufactureItemDescription />
      <UnitQty>י"ח</UnitQty>
      <Quantity>284</Quantity>
      <UnitMeasure>ל  גרם</UnitMeasure>
      <BisWeighted>0</BisWeighted>
      <QtyInPackage>1</QtyInPackage>
      <ItemPrice>13.90</ItemPrice>
      <UnitOfMeasurePrice>4.89</UnitOfMeasurePrice>
      <AllowDiscount>1</AllowDiscount>
      <itemStatus>1</itemStatus>
      <LastUpdateDate />
      <LastUpdateTime />
    </Product>
    <Product>
      <PriceUpdateDate>2015/02/25 08:06</PriceUpdateDate>
      <ItemCode>7290019297437</ItemCode>
      <ItemType>1</ItemType>
      <ItemName>מעדן אוכמניות 100% רכיבי פרי 284גר ל.ס</ItemName>
      <ManufactureName>דין שיווק וקליהבעמ</ManufactureName>
      <ManufactureCountry />
      <ManufactureItemDescription />
      <UnitQty>י"ח</UnitQty>
      <Quantity>284</Quantity>
      <UnitMeasure>ל  גרם</UnitMeasure>
      <BisWeighted>0</BisWeighted>
      <QtyInPackage>1</QtyInPackage>
      <ItemPrice>13.90</ItemPrice>
      <UnitOfMeasurePrice>4.89</UnitOfMeasurePrice>
      <AllowDiscount>1</AllowDiscount>
      <itemStatus>1</itemStatus>
      <LastUpdateDate />
      <LastUpdateTime />
    </Product>
    <Product>
      <PriceUpdateDate>2014/10/27 18:30</PriceUpdateDate>
      <ItemCode>7290019297536</ItemCode>
      <ItemType>1</ItemType>
      <ItemName>חמאת בוטנים עם שברי בוטנים 510גר`</ItemName>
      <ManufactureName>דין שיווק וקליהבעמ</ManufactureName>
      <ManufactureCountry />
      <ManufactureItemDescription />
      <UnitQty>י"ח</UnitQty>
      <Quantity>510</Quantity>
      <UnitMeasure>ל  גרם</UnitMeasure>
      <BisWeighted>0</BisWeighted>
      <QtyInPackage>1</QtyInPackage>
      <ItemPrice>12.90</ItemPrice>
      <UnitOfMeasurePrice>2.53</UnitOfMeasurePrice>
      <AllowDiscount>1</AllowDiscount>
      <itemStatus>1</itemStatus>
      <LastUpdateDate />
      <LastUpdateTime />
    </Product>
    <Product>
      <PriceUpdateDate>2014/10/27 18:30</PriceUpdateDate>
      <ItemCode>7290019297543</ItemCode>
      <ItemType>1</ItemType>
      <ItemName>חמאת בוטנים 510גר`</ItemName>
      <ManufactureName>דין שיווק וקליהבעמ</ManufactureName>
      <ManufactureCountry />
      <ManufactureItemDescription />
      <UnitQty>י"ח</UnitQty>
      <Quantity>510</Quantity>
      <UnitMeasure>ל  גרם</UnitMeasure>
      <BisWeighted>0</BisWeighted>
      <QtyInPackage>1</QtyInPackage>
      <ItemPrice>12.90</ItemPrice>
      <UnitOfMeasurePrice>2.53</UnitOfMeasurePrice>
      <AllowDiscount>1</AllowDiscount>
      <itemStatus>1</itemStatus>
      <LastUpdateDate />
      <LastUpdateTime />
    </Product>
    <Product>
      <PriceUpdateDate>2017/02/08 10:00</PriceUpdateDate>
      <ItemCode>7290055090597</ItemCode>
      <ItemType>1</ItemType>
      <ItemName>מטבעות שוקולד כרמית לבן 42ג ברשת</ItemName>
      <ManufactureName>כרמית תעשיות ממתקים בעמ</ManufactureName>
      <ManufactureCountry />
      <ManufactureItemDescription />
      <UnitQty>י"ח</UnitQty>
      <Quantity>150</Quantity>
      <UnitMeasure>ל  גרם</UnitMeasure>
      <BisWeighted>0</BisWeighted>
      <QtyInPackage>1</QtyInPackage>
      <ItemPrice>3.90</ItemPrice>
      <UnitOfMeasurePrice>2.60</UnitOfMeasurePrice>
      <AllowDiscount>1</AllowDiscount>
      <itemStatus>1</itemStatus>
      <LastUpdateDate />
      <LastUpdateTime />
    </Product>
    <Product>
      <PriceUpdateDate>2019/12/27 08:44</PriceUpdateDate>
      <ItemCode>7290100240632</ItemCode>
      <ItemType>1</ItemType>
      <ItemName>פתית 6דגנים 250גר  בד"ץ</ItemName>
      <ManufactureName>יוניליוור ישראל שיווק בעמ</ManufactureName>
      <ManufactureCountry />
      <ManufactureItemDescription />
      <UnitQty>י"ח</UnitQty>
      <Quantity>250</Quantity>
      <UnitMeasure>ל  גרם</UnitMeasure>
      <BisWeighted>0</BisWeighted>
      <QtyInPackage>1</QtyInPackage>
      <ItemPrice>16.90</ItemPrice>
      <UnitOfMeasurePrice>6.76</UnitOfMeasurePrice>
      <AllowDiscount>1</AllowDiscount>
      <itemStatus>1</itemStatus>
      <LastUpdateDate />
      <LastUpdateTime />
    </Product>
    <Product>
      <PriceUpdateDate>2019/12/27 08:44</PriceUpdateDate>
      <ItemCode>7290100240656</ItemCode>
      <ItemType>1</ItemType>
      <ItemName>פתית שיפון 300גר  בד"ץ</ItemName>
      <ManufactureName>יוניליוור ישראל שיווק בעמ</ManufactureName>
      <ManufactureCountry />
      <ManufactureItemDescription />
      <UnitQty>י"ח</UnitQty>
      <Quantity>300</Quantity>
      <UnitMeasure>ל  גרם</UnitMeasure>
      <BisWeighted>0</BisWeighted>
      <QtyInPackage>1</QtyInPackage>
      <ItemPrice>16.90</ItemPrice>
      <UnitOfMeasurePrice>5.63</UnitOfMeasurePrice>
      <AllowDiscount>1</AllowDiscount>
      <itemStatus>1</itemStatus>
      <LastUpdateDate />
      <LastUpdateTime />
    </Product>
    <Product>
      <PriceUpdateDate>2014/12/14 09:17</PriceUpdateDate>
      <ItemCode>7290100410073</ItemCode>
      <ItemType>1</ItemType>
      <ItemName>מחית סלט פירות  100ג</ItemName>
      <ManufactureName>שקד תבל בעמ</ManufactureName>
      <ManufactureCountry />
      <ManufactureItemDescription />
      <UnitQty>י"ח</UnitQty>
      <Quantity>100</Quantity>
      <UnitMeasure>ל  מ"ל</UnitMeasure>
      <BisWeighted>0</BisWeighted>
      <QtyInPackage>1</QtyInPackage>
      <ItemPrice>5</ItemPrice>
      <UnitOfMeasurePrice>5</UnitOfMeasurePrice>
      <AllowDiscount>1</AllowDiscount>
      <itemStatus>1</itemStatus>
      <LastUpdateDate />
      <LastUpdateTime />
    </Product>
    <Product>
      <PriceUpdateDate>2015/10/25 12:47</PriceUpdateDate>
      <ItemCode>7290100411254</ItemCode>
      <ItemType>1</ItemType>
      <ItemName>מחית תפוח ובננה  190ג ללא סוכר</ItemName>
      <ManufactureName>שקד תבל בעמ</ManufactureName>
      <ManufactureCountry />
      <ManufactureItemDescription />
      <UnitQty>י"ח</UnitQty>
      <Quantity>190</Quantity>
      <UnitMeasure>ל  מ"ל</UnitMeasure>
      <BisWeighted>0</BisWeighted>
      <QtyInPackage>1</QtyInPackage>
      <ItemPrice>5.90</ItemPrice>
      <UnitOfMeasurePrice>3.11</UnitOfMeasurePrice>
      <AllowDiscount>1</AllowDiscount>
      <itemStatus>1</itemStatus>
      <LastUpdateDate />
      <LastUpdateTime />
    </Product>
    <Product>
      <PriceUpdateDate>2015/10/25 12:47</PriceUpdateDate>
      <ItemCode>7290100411278</ItemCode>
      <ItemType>1</ItemType>
      <ItemName>מחית תפוח ואגס  190ג ללא סוכר</ItemName>
      <ManufactureName>שקד תבל בעמ</ManufactureName>
      <ManufactureCountry />
      <ManufactureItemDescription />
      <UnitQty>י"ח</UnitQty>
      <Quantity>190</Quantity>
      <UnitMeasure>ל  מ"ל</UnitMeasure>
      <BisWeighted>0</BisWeighted>
      <QtyInPackage>1</QtyInPackage>
      <ItemPrice>5.90</ItemPrice>
      <UnitOfMeasurePrice>3.11</UnitOfMeasurePrice>
      <AllowDiscount>1</AllowDiscount>
      <itemStatus>1</itemStatus>
      <LastUpdateDate />
      <LastUpdateTime />
    </Product>
    <Product>
      <PriceUpdateDate>2015/10/25 12:47</PriceUpdateDate>
      <ItemCode>7290100411285</ItemCode>
      <ItemType>1</ItemType>
      <ItemName>מחית תפוח וגזר  190ג ללא סוכר</ItemName>
      <ManufactureName>שקד תבל בעמ</ManufactureName>
      <ManufactureCountry />
      <ManufactureItemDescription />
      <UnitQty>י"ח</UnitQty>
      <Quantity>190</Quantity>
      <UnitMeasure>ל  מ"ל</UnitMeasure>
      <BisWeighted>0</BisWeighted>
      <QtyInPackage>1</QtyInPackage>
      <ItemPrice>5.90</ItemPrice>
      <UnitOfMeasurePrice>3.11</UnitOfMeasurePrice>
      <AllowDiscount>1</AllowDiscount>
      <itemStatus>1</itemStatus>
      <LastUpdateDate />
      <LastUpdateTime />
    </Product>
    <Product>
      <PriceUpdateDate>2015/10/25 12:47</PriceUpdateDate>
      <ItemCode>7290100411292</ItemCode>
      <ItemType>1</ItemType>
      <ItemName>מחית תפוח וגזר  100ג ללא סוכר</ItemName>
      <ManufactureName>שקד תבל בעמ</ManufactureName>
      <ManufactureCountry />
      <ManufactureItemDescription />
      <UnitQty>י"ח</UnitQty>
      <Quantity>100</Quantity>
      <UnitMeasure>ל  מ"ל</UnitMeasure>
      <BisWeighted>0</BisWeighted>
      <QtyInPackage>1</QtyInPackage>
      <ItemPrice>5</ItemPrice>
      <UnitOfMeasurePrice>5</UnitOfMeasurePrice>
      <AllowDiscount>1</AllowDiscount>
      <itemStatus>1</itemStatus>
      <LastUpdateDate />
      <LastUpdateTime />
    </Product>
    <Product>
      <PriceUpdateDate>2018/01/26 08:08</PriceUpdateDate>
      <ItemCode>7290100412725</ItemCode>
      <ItemType>1</ItemType>
      <ItemName>דר עור קרם ידיים קלאסי 100מ"ל</ItemName>
      <ManufactureName>שקד תבל בעמ</ManufactureName>
      <ManufactureCountry />
      <ManufactureItemDescription />
      <UnitQty>י"ח</UnitQty>
      <Quantity>100</Quantity>
      <UnitMeasure>ל  גרם</UnitMeasure>
      <BisWeighted>0</BisWeighted>
      <QtyInPackage>1</QtyInPackage>
      <ItemPrice>13.90</ItemPrice>
      <UnitOfMeasurePrice>13.90</UnitOfMeasurePrice>
      <AllowDiscount>1</AllowDiscount>
      <itemStatus>1</itemStatus>
      <LastUpdateDate />
      <LastUpdateTime />
    </Product>
    <Product>
      <PriceUpdateDate>2018/01/26 08:08</PriceUpdateDate>
      <ItemCode>7290100412732</ItemCode>
      <ItemType>1</ItemType>
      <ItemName>דר עור ת.גוף קלאסי פרחי בר 400מ"ל</ItemName>
      <ManufactureName>שקד תבל בעמ</ManufactureName>
      <ManufactureCountry />
      <ManufactureItemDescription />
      <UnitQty>י"ח</UnitQty>
      <Quantity>400</Quantity>
      <UnitMeasure>ל  מ"ל</UnitMeasure>
      <BisWeighted>0</BisWeighted>
      <QtyInPackage>1</QtyInPackage>
      <ItemPrice>29.90</ItemPrice>
      <UnitOfMeasurePrice>7.48</UnitOfMeasurePrice>
      <AllowDiscount>1</AllowDiscount>
      <itemStatus>1</itemStatus>
      <LastUpdateDate />
      <LastUpdateTime />
    </Product>
    <Product>
      <PriceUpdateDate>2018/01/26 08:08</PriceUpdateDate>
      <ItemCode>7290100412756</ItemCode>
      <ItemType>1</ItemType>
      <ItemName>דר עור קרם ידיים עור יבש  100מ"ל</ItemName>
      <ManufactureName>שקד תבל בעמ</ManufactureName>
      <ManufactureCountry />
      <ManufactureItemDescription />
      <UnitQty>י"ח</UnitQty>
      <Quantity>100</Quantity>
      <UnitMeasure>ל  גרם</UnitMeasure>
      <BisWeighted>0</BisWeighted>
      <QtyInPackage>1</QtyInPackage>
      <ItemPrice>13.90</ItemPrice>
      <UnitOfMeasurePrice>13.90</UnitOfMeasurePrice>
      <AllowDiscount>1</AllowDiscount>
      <itemStatus>1</itemStatus>
      <LastUpdateDate />
      <LastUpdateTime />
    </Product>
    <Product>
      <PriceUpdateDate>2018/01/26 08:08</PriceUpdateDate>
      <ItemCode>7290100412763</ItemCode>
      <ItemType>1</ItemType>
      <ItemName>דר עור ת.רחצה קלאסי לבנדר 700מ"ל</ItemName>
      <ManufactureName>שקד תבל בעמ</ManufactureName>
      <ManufactureCountry />
      <ManufactureItemDescription />
      <UnitQty>י"ח</UnitQty>
      <Quantity>700</Quantity>
      <UnitMeasure>ל  גרם</UnitMeasure>
      <BisWeighted>0</BisWeighted>
      <QtyInPackage>1</QtyInPackage>
      <ItemPrice>19.90</ItemPrice>
      <UnitOfMeasurePrice>2.84</UnitOfMeasurePrice>
      <AllowDiscount>1</AllowDiscount>
      <itemStatus>1</itemStatus>
      <LastUpdateDate />
      <LastUpdateTime />
    </Product>
    <Product>
      <PriceUpdateDate>2018/01/26 08:08</PriceUpdateDate>
      <ItemCode>7290100412770</ItemCode>
      <ItemType>1</ItemType>
      <ItemName>דר עור ת.רחצה קלאסי מאסק  700מ"ל</ItemName>
      <ManufactureName>שקד תבל בעמ</ManufactureName>
      <ManufactureCountry />
      <ManufactureItemDescription />
      <UnitQty>י"ח</UnitQty>
      <Quantity>700</Quantity>
      <UnitMeasure>ל  גרם</UnitMeasure>
      <BisWeighted>0</BisWeighted>
      <QtyInPackage>1</QtyInPackage>
      <ItemPrice>19.90</ItemPrice>
      <UnitOfMeasurePrice>2.84</UnitOfMeasurePrice>
      <AllowDiscount>1</AllowDiscount>
      <itemStatus>1</itemStatus>
      <LastUpdateDate />
      <LastUpdateTime />
    </Product>
    <Product>
      <PriceUpdateDate>2018/01/26 08:08</PriceUpdateDate>
      <ItemCode>7290100412787</ItemCode>
      <ItemType>1</ItemType>
      <ItemName>דר עור ת.רחצה קלאסי  700מ"ל</ItemName>
      <ManufactureName>שקד תבל בעמ</ManufactureName>
      <ManufactureCountry />
      <ManufactureItemDescription />
      <UnitQty>י"ח</UnitQty>
      <Quantity>700</Quantity>
      <UnitMeasure>ל  גרם</UnitMeasure>
      <BisWeighted>0</BisWeighted>
      <QtyInPackage>1</QtyInPackage>
      <ItemPrice>19.90</ItemPrice>
      <UnitOfMeasurePrice>2.84</UnitOfMeasurePrice>
      <AllowDiscount>1</AllowDiscount>
      <itemStatus>1</itemStatus>
      <LastUpdateDate />
      <LastUpdateTime />
    </Product>
    <Product>
      <PriceUpdateDate>2018/01/26 08:08</PriceUpdateDate>
      <ItemCode>7290100412800</ItemCode>
      <ItemType>1</ItemType>
      <ItemName>דר עור ת.רחצה עור יבש פרחי בר 700מ"ל</ItemName>
      <ManufactureName>שקד תבל בעמ</ManufactureName>
      <ManufactureCountry />
      <ManufactureItemDescription />
      <UnitQty>י"ח</UnitQty>
      <Quantity>700</Quantity>
      <UnitMeasure>ל  גרם</UnitMeasure>
      <BisWeighted>0</BisWeighted>
      <QtyInPackage>1</QtyInPackage>
      <ItemPrice>19.90</ItemPrice>
      <UnitOfMeasurePrice>2.84</UnitOfMeasurePrice>
      <AllowDiscount>1</AllowDiscount>
      <itemStatus>1</itemStatus>
      <LastUpdateDate />
      <LastUpdateTime />
    </Product>
    <Product>
      <PriceUpdateDate>2018/01/26 08:08</PriceUpdateDate>
      <ItemCode>7290100412817</ItemCode>
      <ItemType>1</ItemType>
      <ItemName>דר עור קרם רגליים עור יבש  100מ"ל</ItemName>
      <ManufactureName>שקד תבל בעמ</ManufactureName>
      <ManufactureCountry />
      <ManufactureItemDescription />
      <UnitQty>י"ח</UnitQty>
      <Quantity>100</Quantity>
      <UnitMeasure>ל  גרם</UnitMeasure>
      <BisWeighted>0</BisWeighted>
      <QtyInPackage>1</QtyInPackage>
      <ItemPrice>13.90</ItemPrice>
      <UnitOfMeasurePrice>13.90</UnitOfMeasurePrice>
      <AllowDiscount>1</AllowDiscount>
      <itemStatus>1</itemStatus>
      <LastUpdateDate />
      <LastUpdateTime />
    </Product>
    <Product>
      <PriceUpdateDate>2018/01/26 08:08</PriceUpdateDate>
      <ItemCode>7290100412831</ItemCode>
      <ItemType>1</ItemType>
      <ItemName>דר עור ת.רחצה וניל טרופי   700מ"ל</ItemName>
      <ManufactureName>שקד תבל בעמ</ManufactureName>
      <ManufactureCountry />
      <ManufactureItemDescription />
      <UnitQty>י"ח</UnitQty>
      <Quantity>700</Quantity>
      <UnitMeasure>ל  גרם</UnitMeasure>
      <BisWeighted>0</BisWeighted>
      <QtyInPackage>1</QtyInPackage>
      <ItemPrice>19.90</ItemPrice>
      <UnitOfMeasurePrice>2.84</UnitOfMeasurePrice>
      <AllowDiscount>1</AllowDiscount>
      <itemStatus>1</itemStatus>
      <LastUpdateDate />
      <LastUpdateTime />
    </Product>
    <Product>
      <PriceUpdateDate>2018/01/26 08:08</PriceUpdateDate>
      <ItemCode>7290100412848</ItemCode>
      <ItemType>1</ItemType>
      <ItemName>דר עור ת.גוף  אנטי אייגינג  400מ"ל</ItemName>
      <ManufactureName>שקד תבל בעמ</ManufactureName>
      <ManufactureCountry />
      <ManufactureItemDescription />
      <UnitQty>י"ח</UnitQty>
      <Quantity>400</Quantity>
      <UnitMeasure>ל  מ"ל</UnitMeasure>
      <BisWeighted>0</BisWeighted>
      <QtyInPackage>1</QtyInPackage>
      <ItemPrice>29.90</ItemPrice>
      <UnitOfMeasurePrice>7.48</UnitOfMeasurePrice>
      <AllowDiscount>1</AllowDiscount>
      <itemStatus>1</itemStatus>
      <LastUpdateDate />
      <LastUpdateTime />
    </Product>
    <Product>
      <PriceUpdateDate>2019/02/03 09:34</PriceUpdateDate>
      <ItemCode>7290100653463</ItemCode>
      <ItemType>1</ItemType>
      <ItemName>סבון נוזלי פלמוליב ספא</ItemName>
      <ManufactureName>ש.שסטוביץ בעמ</ManufactureName>
      <ManufactureCountry />
      <ManufactureItemDescription />
      <UnitQty>י"ח</UnitQty>
      <Quantity>500</Quantity>
      <UnitMeasure>ל  מ"ל</UnitMeasure>
      <BisWeighted>0</BisWeighted>
      <QtyInPackage>1</QtyInPackage>
      <ItemPrice>15.90</ItemPrice>
      <UnitOfMeasurePrice>3.18</UnitOfMeasurePrice>
      <AllowDiscount>1</AllowDiscount>
      <itemStatus>1</itemStatus>
      <LastUpdateDate />
      <LastUpdateTime />
    </Product>
    <Product>
      <PriceUpdateDate>2015/12/03 11:49</PriceUpdateDate>
      <ItemCode>7290100653586</ItemCode>
      <ItemType>1</ItemType>
      <ItemName>ליידי ספיד סטיק ג ל ורוד</ItemName>
      <ManufactureName>ש.שסטוביץ בעמ</ManufactureName>
      <ManufactureCountry />
      <ManufactureItemDescription />
      <UnitQty>י"ח</UnitQty>
      <Quantity>1</Quantity>
      <UnitMeasure>י"ח</UnitMeasure>
      <BisWeighted>0</BisWeighted>
      <QtyInPackage>1</QtyInPackage>
      <ItemPrice>25.90</ItemPrice>
      <UnitOfMeasurePrice>25.90</UnitOfMeasurePrice>
      <AllowDiscount>1</AllowDiscount>
      <itemStatus>1</itemStatus>
      <LastUpdateDate />
      <LastUpdateTime />
    </Product>
    <Product>
      <PriceUpdateDate>2015/12/03 11:49</PriceUpdateDate>
      <ItemCode>7290100653609</ItemCode>
      <ItemType>1</ItemType>
      <ItemName>ליידי ספיד סטיק ורוד</ItemName>
      <ManufactureName>ש.שסטוביץ בעמ</ManufactureName>
      <ManufactureCountry />
      <ManufactureItemDescription />
      <UnitQty>י"ח</UnitQty>
      <Quantity>1</Quantity>
      <UnitMeasure />
      <BisWeighted>0</BisWeighted>
      <QtyInPackage>1</QtyInPackage>
      <ItemPrice>24.90</ItemPrice>
      <UnitOfMeasurePrice>24.90</UnitOfMeasurePrice>
      <AllowDiscount>1</AllowDiscount>
      <itemStatus>1</itemStatus>
      <LastUpdateDate />
      <LastUpdateTime />
    </Product>
    <Product>
      <PriceUpdateDate>2019/02/03 09:34</PriceUpdateDate>
      <ItemCode>7290100656532</ItemCode>
      <ItemType>1</ItemType>
      <ItemName>פלמוליב חלב זיתים 500</ItemName>
      <ManufactureName>ש.שסטוביץ בעמ</ManufactureName>
      <ManufactureCountry />
      <ManufactureItemDescription />
      <UnitQty>י"ח</UnitQty>
      <Quantity>500</Quantity>
      <UnitMeasure>ל  מ"ל</UnitMeasure>
      <BisWeighted>0</BisWeighted>
      <QtyInPackage>1</QtyInPackage>
      <ItemPrice>15.90</ItemPrice>
      <UnitOfMeasurePrice>3.18</UnitOfMeasurePrice>
      <AllowDiscount>1</AllowDiscount>
      <itemStatus>1</itemStatus>
      <LastUpdateDate />
      <LastUpdateTime />
    </Product>
    <Product>
      <PriceUpdateDate>2016/11/01 09:53</PriceUpdateDate>
      <ItemCode>7290100658338</ItemCode>
      <ItemType>1</ItemType>
      <ItemName>פלמוליב לכלים אוקסי פלוס</ItemName>
      <ManufactureName>ש.שסטוביץ בעמ</ManufactureName>
      <ManufactureCountry />
      <ManufactureItemDescription />
      <UnitQty>י"ח</UnitQty>
      <Quantity>750</Quantity>
      <UnitMeasure>ל  מ"ל</UnitMeasure>
      <BisWeighted>0</BisWeighted>
      <QtyInPackage>1</QtyInPackage>
      <ItemPrice>9.90</ItemPrice>
      <UnitOfMeasurePrice>1.32</UnitOfMeasurePrice>
      <AllowDiscount>1</AllowDiscount>
      <itemStatus>1</itemStatus>
      <LastUpdateDate />
      <LastUpdateTime />
    </Product>
    <Product>
      <PriceUpdateDate>2015/06/11 10:37</PriceUpdateDate>
      <ItemCode>7290100659090</ItemCode>
      <ItemType>1</ItemType>
      <ItemName>פרי ללא סוכר תמרים וקינמון 5 יח מארז</ItemName>
      <ManufactureName>ש.שסטוביץ בעמ</ManufactureName>
      <ManufactureCountry />
      <ManufactureItemDescription />
      <UnitQty>י"ח</UnitQty>
      <Quantity>100</Quantity>
      <UnitMeasure>ל  גרם</UnitMeasure>
      <BisWeighted>0</BisWeighted>
      <QtyInPackage>1</QtyInPackage>
      <ItemPrice>16.90</ItemPrice>
      <UnitOfMeasurePrice>16.90</UnitOfMeasurePrice>
      <AllowDiscount>1</AllowDiscount>
      <itemStatus>1</itemStatus>
      <LastUpdateDate />
      <LastUpdateTime />
    </Product>
    <Product>
      <PriceUpdateDate>2015/06/11 10:37</PriceUpdateDate>
      <ItemCode>7290100659106</ItemCode>
      <ItemType>1</ItemType>
      <ItemName>חטיף בוטנים ללא סוכר( )5</ItemName>
      <ManufactureName>ש.שסטוביץ בעמ</ManufactureName>
      <ManufactureCountry />
      <ManufactureItemDescription />
      <UnitQty>י"ח</UnitQty>
      <Quantity>150</Quantity>
      <UnitMeasure>ל  גרם</UnitMeasure>
      <BisWeighted>0</BisWeighted>
      <QtyInPackage>1</QtyInPackage>
      <ItemPrice>16.90</ItemPrice>
      <UnitOfMeasurePrice>11.27</UnitOfMeasurePrice>
      <AllowDiscount>1</AllowDiscount>
      <itemStatus>1</itemStatus>
      <LastUpdateDate />
      <LastUpdateTime />
    </Product>
    <Product>
      <PriceUpdateDate>2014/12/03 11:27</PriceUpdateDate>
      <ItemCode>7290100659113</ItemCode>
      <ItemType>1</ItemType>
      <ItemName>חטיף שומשום ללא סוכר( )5</ItemName>
      <ManufactureName>ש.שסטוביץ בעמ</ManufactureName>
      <ManufactureCountry />
      <ManufactureItemDescription />
      <UnitQty>י"ח</UnitQty>
      <Quantity>100</Quantity>
      <UnitMeasure>ל  גרם</UnitMeasure>
      <BisWeighted>0</BisWeighted>
      <QtyInPackage>1</QtyInPackage>
      <ItemPrice>11.90</ItemPrice>
      <UnitOfMeasurePrice>11.90</UnitOfMeasurePrice>
      <AllowDiscount>1</AllowDiscount>
      <itemStatus>1</itemStatus>
      <LastUpdateDate />
      <LastUpdateTime />
    </Product>
    <Product>
      <PriceUpdateDate>2014/01/08 07:43</PriceUpdateDate>
      <ItemCode>7290100681015</ItemCode>
      <ItemType>1</ItemType>
      <ItemName>אינסטנט פודינג ריבת חלב</ItemName>
      <ManufactureName>קבוצת אוסם סחר-שות.מוגבלת</ManufactureName>
      <ManufactureCountry />
      <ManufactureItemDescription />
      <UnitQty>י"ח</UnitQty>
      <Quantity>84</Quantity>
      <UnitMeasure>ל  גרם</UnitMeasure>
      <BisWeighted>0</BisWeighted>
      <QtyInPackage>1</QtyInPackage>
      <ItemPrice>5.70</ItemPrice>
      <UnitOfMeasurePrice>6.79</UnitOfMeasurePrice>
      <AllowDiscount>1</AllowDiscount>
      <itemStatus>1</itemStatus>
      <LastUpdateDate />
      <LastUpdateTime />
    </Product>
    <Product>
      <PriceUpdateDate>2014/12/08 15:26</PriceUpdateDate>
      <ItemCode>7290100681244</ItemCode>
      <ItemType>1</ItemType>
      <ItemName>רוטב שום לסלט 290 מייל</ItemName>
      <ManufactureName>קבוצת אוסם סחר-שות.מוגבלת</ManufactureName>
      <ManufactureCountry />
      <ManufactureItemDescription />
      <UnitQty>י"ח</UnitQty>
      <Quantity>290</Quantity>
      <UnitMeasure>ל  מ"ל</UnitMeasure>
      <BisWeighted>0</BisWeighted>
      <QtyInPackage>1</QtyInPackage>
      <ItemPrice>10.90</ItemPrice>
      <UnitOfMeasurePrice>3.76</UnitOfMeasurePrice>
      <AllowDiscount>1</AllowDiscount>
      <itemStatus>1</itemStatus>
      <LastUpdateDate />
      <LastUpdateTime />
    </Product>
    <Product>
      <PriceUpdateDate>2014/05/09 13:58</PriceUpdateDate>
      <ItemCode>7290100683040</ItemCode>
      <ItemType>1</ItemType>
      <ItemName>ג לי בטעם ענבים</ItemName>
      <ManufactureName>קבוצת אוסם סחר-שות.מוגבלת</ManufactureName>
      <ManufactureCountry />
      <ManufactureItemDescription />
      <UnitQty>י"ח</UnitQty>
      <Quantity>85</Quantity>
      <UnitMeasure>ל  גרם</UnitMeasure>
      <BisWeighted>0</BisWeighted>
      <QtyInPackage>1</QtyInPackage>
      <ItemPrice>6.50</ItemPrice>
      <UnitOfMeasurePrice>7.65</UnitOfMeasurePrice>
      <AllowDiscount>1</AllowDiscount>
      <itemStatus>1</itemStatus>
      <LastUpdateDate />
      <LastUpdateTime />
    </Product>
    <Product>
      <PriceUpdateDate>2014/12/08 15:26</PriceUpdateDate>
      <ItemCode>7290100683200</ItemCode>
      <ItemType>1</ItemType>
      <ItemName>רוטב ברביקיו</ItemName>
      <ManufactureName>קבוצת אוסם סחר-שות.מוגבלת</ManufactureName>
      <ManufactureCountry />
      <ManufactureItemDescription />
      <UnitQty>י"ח</UnitQty>
      <Quantity>250</Quantity>
      <UnitMeasure>ל  גרם</UnitMeasure>
      <BisWeighted>0</BisWeighted>
      <QtyInPackage>1</QtyInPackage>
      <ItemPrice>10.90</ItemPrice>
      <UnitOfMeasurePrice>4.36</UnitOfMeasurePrice>
      <AllowDiscount>1</AllowDiscount>
      <itemStatus>1</itemStatus>
      <LastUpdateDate />
      <LastUpdateTime />
    </Product>
    <Product>
      <PriceUpdateDate>2014/12/08 15:26</PriceUpdateDate>
      <ItemCode>7290100684887</ItemCode>
      <ItemType>1</ItemType>
      <ItemName>ביסלי גריל קטן</ItemName>
      <ManufactureName>קבוצת אוסם סחר-שות.מוגבלת</ManufactureName>
      <ManufactureCountry />
      <ManufactureItemDescription />
      <UnitQty>י"ח</UnitQty>
      <Quantity>70</Quantity>
      <UnitMeasure>ל  גרם</UnitMeasure>
      <BisWeighted>0</BisWeighted>
      <QtyInPackage>1</QtyInPackage>
      <ItemPrice>4.30</ItemPrice>
      <UnitOfMeasurePrice>6.14</UnitOfMeasurePrice>
      <AllowDiscount>1</AllowDiscount>
      <itemStatus>1</itemStatus>
      <LastUpdateDate />
      <LastUpdateTime />
    </Product>
    <Product>
      <PriceUpdateDate>2013/12/04 13:21</PriceUpdateDate>
      <ItemCode>7290100685068</ItemCode>
      <ItemType>1</ItemType>
      <ItemName>פודינג בטעם וניל פיצפוצים</ItemName>
      <ManufactureName>קבוצת אוסם סחר-שות.מוגבלת</ManufactureName>
      <ManufactureCountry />
      <ManufactureItemDescription />
      <UnitQty>י"ח</UnitQty>
      <Quantity>110</Quantity>
      <UnitMeasure>ל  גרם</UnitMeasure>
      <BisWeighted>0</BisWeighted>
      <QtyInPackage>1</QtyInPackage>
      <ItemPrice>6.60</ItemPrice>
      <UnitOfMeasurePrice>6</UnitOfMeasurePrice>
      <AllowDiscount>1</AllowDiscount>
      <itemStatus>1</itemStatus>
      <LastUpdateDate />
      <LastUpdateTime />
    </Product>
    <Product>
      <PriceUpdateDate>2014/01/03 13:46</PriceUpdateDate>
      <ItemCode>7290100685563</ItemCode>
      <ItemType>1</ItemType>
      <ItemName>מארז פירורית זהב 200*2</ItemName>
      <ManufactureName>קבוצת אוסם סחר-שות.מוגבלת</ManufactureName>
      <ManufactureCountry />
      <ManufactureItemDescription />
      <UnitQty>י"ח</UnitQty>
      <Quantity>400</Quantity>
      <UnitMeasure>ל  גרם</UnitMeasure>
      <BisWeighted>0</BisWeighted>
      <QtyInPackage>1</QtyInPackage>
      <ItemPrice>9.90</ItemPrice>
      <UnitOfMeasurePrice>2.48</UnitOfMeasurePrice>
      <AllowDiscount>1</AllowDiscount>
      <itemStatus>1</itemStatus>
      <LastUpdateDate />
      <LastUpdateTime />
    </Product>
    <Product>
      <PriceUpdateDate>2014/11/09 11:05</PriceUpdateDate>
      <ItemCode>7290100685815</ItemCode>
      <ItemType>1</ItemType>
      <ItemName>במבה יום הולדת 100גרם</ItemName>
      <ManufactureName>קבוצת אוסם סחר-שות.מוגבלת</ManufactureName>
      <ManufactureCountry />
      <ManufactureItemDescription />
      <UnitQty>י"ח</UnitQty>
      <Quantity>100</Quantity>
      <UnitMeasure>ל  גרם</UnitMeasure>
      <BisWeighted>0</BisWeighted>
      <QtyInPackage>1</QtyInPackage>
      <ItemPrice>4.50</ItemPrice>
      <UnitOfMeasurePrice>4.50</UnitOfMeasurePrice>
      <AllowDiscount>1</AllowDiscount>
      <itemStatus>1</itemStatus>
      <LastUpdateDate />
      <LastUpdateTime />
    </Product>
    <Product>
      <PriceUpdateDate>2014/06/30 16:02</PriceUpdateDate>
      <ItemCode>7290100687109</ItemCode>
      <ItemType>1</ItemType>
      <ItemName>במבה במילוי נוגט</ItemName>
      <ManufactureName>קבוצת אוסם סחר-שות.מוגבלת</ManufactureName>
      <ManufactureCountry />
      <ManufactureItemDescription />
      <UnitQty>י"ח</UnitQty>
      <Quantity>60</Quantity>
      <UnitMeasure>ל  גרם</UnitMeasure>
      <BisWeighted>0</BisWeighted>
      <QtyInPackage>1</QtyInPackage>
      <ItemPrice>4.80</ItemPrice>
      <UnitOfMeasurePrice>8</UnitOfMeasurePrice>
      <AllowDiscount>1</AllowDiscount>
      <itemStatus>1</itemStatus>
      <LastUpdateDate />
      <LastUpdateTime />
    </Product>
    <Product>
      <PriceUpdateDate>2016/09/07 15:32</PriceUpdateDate>
      <ItemCode>7290100687192</ItemCode>
      <ItemType>1</ItemType>
      <ItemName>פתיתים אפויים לבבות 500גר</ItemName>
      <ManufactureName>קבוצת אוסם סחר-שות.מוגבלת</ManufactureName>
      <ManufactureCountry />
      <ManufactureItemDescription />
      <UnitQty>י"ח</UnitQty>
      <Quantity>500</Quantity>
      <UnitMeasure>ל  גרם</UnitMeasure>
      <BisWeighted>0</BisWeighted>
      <QtyInPackage>1</QtyInPackage>
      <ItemPrice>6.90</ItemPrice>
      <UnitOfMeasurePrice>1.38</UnitOfMeasurePrice>
      <AllowDiscount>1</AllowDiscount>
      <itemStatus>1</itemStatus>
      <LastUpdateDate />
      <LastUpdateTime />
    </Product>
    <Product>
      <PriceUpdateDate>2015/07/05 11:12</PriceUpdateDate>
      <ItemCode>7290100700020</ItemCode>
      <ItemType>1</ItemType>
      <ItemName>גריסי פנינה</ItemName>
      <ManufactureName>סוגת תעשיות בעמ</ManufactureName>
      <ManufactureCountry />
      <ManufactureItemDescription />
      <UnitQty>י"ח</UnitQty>
      <Quantity>200</Quantity>
      <UnitMeasure>ל  גרם</UnitMeasure>
      <BisWeighted>0</BisWeighted>
      <QtyInPackage>1</QtyInPackage>
      <ItemPrice>6.90</ItemPrice>
      <UnitOfMeasurePrice>3.45</UnitOfMeasurePrice>
      <AllowDiscount>1</AllowDiscount>
      <itemStatus>1</itemStatus>
      <LastUpdateDate />
      <LastUpdateTime />
    </Product>
    <Product>
      <PriceUpdateDate>2016/05/09 13:07</PriceUpdateDate>
      <ItemCode>7290100700068</ItemCode>
      <ItemType>1</ItemType>
      <ItemName>שעועית צבעונית 500 גרם</ItemName>
      <ManufactureName>סוגת תעשיות בעמ</ManufactureName>
      <ManufactureCountry />
      <ManufactureItemDescription />
      <UnitQty>י"ח</UnitQty>
      <Quantity>500</Quantity>
      <UnitMeasure>ל  גרם</UnitMeasure>
      <BisWeighted>0</BisWeighted>
      <QtyInPackage>1</QtyInPackage>
      <ItemPrice>11.90</ItemPrice>
      <UnitOfMeasurePrice>2.38</UnitOfMeasurePrice>
      <AllowDiscount>1</AllowDiscount>
      <itemStatus>1</itemStatus>
      <LastUpdateDate />
      <LastUpdateTime />
    </Product>
    <Product>
      <PriceUpdateDate>2020/04/19 13:15</PriceUpdateDate>
      <ItemCode>7290100700075</ItemCode>
      <ItemType>1</ItemType>
      <ItemName>פירורי לחם מוזהבים 200 גרם סוגת</ItemName>
      <ManufactureName>סוגת תעשיות בעמ</ManufactureName>
      <ManufactureCountry />
      <ManufactureItemDescription />
      <UnitQty>י"ח</UnitQty>
      <Quantity>200</Quantity>
      <UnitMeasure>ל  גרם</UnitMeasure>
      <BisWeighted>0</BisWeighted>
      <QtyInPackage>1</QtyInPackage>
      <ItemPrice>4</ItemPrice>
      <UnitOfMeasurePrice>2</UnitOfMeasurePrice>
      <AllowDiscount>1</AllowDiscount>
      <itemStatus>1</itemStatus>
      <LastUpdateDate />
      <LastUpdateTime />
    </Product>
    <Product>
      <PriceUpdateDate>2013/06/09 12:10</PriceUpdateDate>
      <ItemCode>7290100700266</ItemCode>
      <ItemType>1</ItemType>
      <ItemName>פירורי לחם לבנים 200גרם</ItemName>
      <ManufactureName>סוגת תעשיות בעמ</ManufactureName>
      <ManufactureCountry />
      <ManufactureItemDescription />
      <UnitQty>י"ח</UnitQty>
      <Quantity>200</Quantity>
      <UnitMeasure>ל  גרם</UnitMeasure>
      <BisWeighted>0</BisWeighted>
      <QtyInPackage>1</QtyInPackage>
      <ItemPrice>4</ItemPrice>
      <UnitOfMeasurePrice>2</UnitOfMeasurePrice>
      <AllowDiscount>1</AllowDiscount>
      <itemStatus>1</itemStatus>
      <LastUpdateDate />
      <LastUpdateTime />
    </Product>
    <Product>
      <PriceUpdateDate>2017/05/09 13:29</PriceUpdateDate>
      <ItemCode>7290100700402</ItemCode>
      <ItemType>1</ItemType>
      <ItemName>חומוס ענק 1 ק"ג סוגת</ItemName>
      <ManufactureName>סוגת תעשיות בעמ</ManufactureName>
      <ManufactureCountry />
      <ManufactureItemDescription />
      <UnitQty>י"ח</UnitQty>
      <Quantity>1</Quantity>
      <UnitMeasure>ק"ג</UnitMeasure>
      <BisWeighted>0</BisWeighted>
      <QtyInPackage>1</QtyInPackage>
      <ItemPrice>19.90</ItemPrice>
      <UnitOfMeasurePrice>19.90</UnitOfMeasurePrice>
      <AllowDiscount>1</AllowDiscount>
      <itemStatus>1</itemStatus>
      <LastUpdateDate />
      <LastUpdateTime />
    </Product>
    <Product>
      <PriceUpdateDate>2015/11/10 11:38</PriceUpdateDate>
      <ItemCode>7290100700587</ItemCode>
      <ItemType>1</ItemType>
      <ItemName>בורגול 500 גר`סוגת</ItemName>
      <ManufactureName>סוגת תעשיות בעמ</ManufactureName>
      <ManufactureCountry />
      <ManufactureItemDescription />
      <UnitQty>י"ח</UnitQty>
      <Quantity>500</Quantity>
      <UnitMeasure>ל  גרם</UnitMeasure>
      <BisWeighted>0</BisWeighted>
      <QtyInPackage>1</QtyInPackage>
      <ItemPrice>5</ItemPrice>
      <UnitOfMeasurePrice>1</UnitOfMeasurePrice>
      <AllowDiscount>1</AllowDiscount>
      <itemStatus>1</itemStatus>
      <LastUpdateDate />
      <LastUpdateTime />
    </Product>
    <Product>
      <PriceUpdateDate>2016/11/28 08:30</PriceUpdateDate>
      <ItemCode>7290100701300</ItemCode>
      <ItemType>1</ItemType>
      <ItemName>קינואה אדומה 500גר`</ItemName>
      <ManufactureName>סוגת תעשיות בעמ</ManufactureName>
      <ManufactureCountry />
      <ManufactureItemDescription />
      <UnitQty>י"ח</UnitQty>
      <Quantity>500</Quantity>
      <UnitMeasure>ל  גרם</UnitMeasure>
      <BisWeighted>0</BisWeighted>
      <QtyInPackage>1</QtyInPackage>
      <ItemPrice>15.90</ItemPrice>
      <UnitOfMeasurePrice>3.18</UnitOfMeasurePrice>
      <AllowDiscount>1</AllowDiscount>
      <itemStatus>1</itemStatus>
      <LastUpdateDate />
      <LastUpdateTime />
    </Product>
    <Product>
      <PriceUpdateDate>2019/12/26 08:31</PriceUpdateDate>
      <ItemCode>7290100701348</ItemCode>
      <ItemType>1</ItemType>
      <ItemName>קמח שיפון מלא  1  ק"ג]סוגת[</ItemName>
      <ManufactureName>סוגת תעשיות בעמ</ManufactureName>
      <ManufactureCountry />
      <ManufactureItemDescription />
      <UnitQty>י"ח</UnitQty>
      <Quantity>1</Quantity>
      <UnitMeasure>ק"ג</UnitMeasure>
      <BisWeighted>0</BisWeighted>
      <QtyInPackage>1</QtyInPackage>
      <ItemPrice>6.90</ItemPrice>
      <UnitOfMeasurePrice>6.90</UnitOfMeasurePrice>
      <AllowDiscount>1</AllowDiscount>
      <itemStatus>1</itemStatus>
      <LastUpdateDate />
      <LastUpdateTime />
    </Product>
    <Product>
      <PriceUpdateDate>2015/11/10 11:38</PriceUpdateDate>
      <ItemCode>7290100701454</ItemCode>
      <ItemType>1</ItemType>
      <ItemName>גרישה 500גר`</ItemName>
      <ManufactureName>סוגת תעשיות בעמ</ManufactureName>
      <ManufactureCountry />
      <ManufactureItemDescription />
      <UnitQty>י"ח</UnitQty>
      <Quantity>500</Quantity>
      <UnitMeasure>ל  גרם</UnitMeasure>
      <BisWeighted>0</BisWeighted>
      <QtyInPackage>1</QtyInPackage>
      <ItemPrice>5</ItemPrice>
      <UnitOfMeasurePrice>1</UnitOfMeasurePrice>
      <AllowDiscount>1</AllowDiscount>
      <itemStatus>1</itemStatus>
      <LastUpdateDate />
      <LastUpdateTime />
    </Product>
    <Product>
      <PriceUpdateDate>2019/12/26 08:31</PriceUpdateDate>
      <ItemCode>7290100701577</ItemCode>
      <ItemType>1</ItemType>
      <ItemName>קמח לחם    1  ק"ג]סוגת[</ItemName>
      <ManufactureName>סוגת תעשיות בעמ</ManufactureName>
      <ManufactureCountry />
      <ManufactureItemDescription />
      <UnitQty>י"ח</UnitQty>
      <Quantity>1</Quantity>
      <UnitMeasure>ק"ג</UnitMeasure>
      <BisWeighted>0</BisWeighted>
      <QtyInPackage>1</QtyInPackage>
      <ItemPrice>6.90</ItemPrice>
      <UnitOfMeasurePrice>6.90</UnitOfMeasurePrice>
      <AllowDiscount>1</AllowDiscount>
      <itemStatus>1</itemStatus>
      <LastUpdateDate />
      <LastUpdateTime />
    </Product>
    <Product>
      <PriceUpdateDate>2016/07/28 14:32</PriceUpdateDate>
      <ItemCode>7290100702260</ItemCode>
      <ItemType>1</ItemType>
      <ItemName>קוסקוס דק 350גר`</ItemName>
      <ManufactureName>סוגת תעשיות בעמ</ManufactureName>
      <ManufactureCountry />
      <ManufactureItemDescription />
      <UnitQty>י"ח</UnitQty>
      <Quantity>350</Quantity>
      <UnitMeasure>ל  גרם</UnitMeasure>
      <BisWeighted>0</BisWeighted>
      <QtyInPackage>1</QtyInPackage>
      <ItemPrice>4.90</ItemPrice>
      <UnitOfMeasurePrice>1.40</UnitOfMeasurePrice>
      <AllowDiscount>1</AllowDiscount>
      <itemStatus>1</itemStatus>
      <LastUpdateDate />
      <LastUpdateTime />
    </Product>
    <Product>
      <PriceUpdateDate>2016/07/28 14:32</PriceUpdateDate>
      <ItemCode>7290100702277</ItemCode>
      <ItemType>1</ItemType>
      <ItemName>קוסקוס עבה 350גר`</ItemName>
      <ManufactureName>סוגת תעשיות בעמ</ManufactureName>
      <ManufactureCountry />
      <ManufactureItemDescription />
      <UnitQty>י"ח</UnitQty>
      <Quantity>350</Quantity>
      <UnitMeasure>ל  גרם</UnitMeasure>
      <BisWeighted>0</BisWeighted>
      <QtyInPackage>1</QtyInPackage>
      <ItemPrice>4.90</ItemPrice>
      <UnitOfMeasurePrice>1.40</UnitOfMeasurePrice>
      <AllowDiscount>1</AllowDiscount>
      <itemStatus>1</itemStatus>
      <LastUpdateDate />
      <LastUpdateTime />
    </Product>
    <Product>
      <PriceUpdateDate>2016/07/28 14:32</PriceUpdateDate>
      <ItemCode>7290100702284</ItemCode>
      <ItemType>1</ItemType>
      <ItemName>קוסקוס מלא 350גר`</ItemName>
      <ManufactureName>סוגת תעשיות בעמ</ManufactureName>
      <ManufactureCountry />
      <ManufactureItemDescription />
      <UnitQty>י"ח</UnitQty>
      <Quantity>350</Quantity>
      <UnitMeasure>ל  גרם</UnitMeasure>
      <BisWeighted>0</BisWeighted>
      <QtyInPackage>1</QtyInPackage>
      <ItemPrice>4.90</ItemPrice>
      <UnitOfMeasurePrice>1.40</UnitOfMeasurePrice>
      <AllowDiscount>1</AllowDiscount>
      <itemStatus>1</itemStatus>
      <LastUpdateDate />
      <LastUpdateTime />
    </Product>
    <Product>
      <PriceUpdateDate>2016/05/09 13:07</PriceUpdateDate>
      <ItemCode>7290100702352</ItemCode>
      <ItemType>1</ItemType>
      <ItemName>אורז יסמין  5ק"ג</ItemName>
      <ManufactureName>סוגת תעשיות בעמ</ManufactureName>
      <ManufactureCountry />
      <ManufactureItemDescription />
      <UnitQty>י"ח</UnitQty>
      <Quantity>5</Quantity>
      <UnitMeasure>ק"ג</UnitMeasure>
      <BisWeighted>0</BisWeighted>
      <QtyInPackage>1</QtyInPackage>
      <ItemPrice>34.90</ItemPrice>
      <UnitOfMeasurePrice>6.98</UnitOfMeasurePrice>
      <AllowDiscount>1</AllowDiscount>
      <itemStatus>1</itemStatus>
      <LastUpdateDate />
      <LastUpdateTime />
    </Product>
    <Product>
      <PriceUpdateDate>2017/10/09 12:58</PriceUpdateDate>
      <ItemCode>7290100702499</ItemCode>
      <ItemType>1</ItemType>
      <ItemName>קוסקוס מחיטת דורום 1ק"ג</ItemName>
      <ManufactureName>סוגת תעשיות בעמ</ManufactureName>
      <ManufactureCountry />
      <ManufactureItemDescription />
      <UnitQty>י"ח</UnitQty>
      <Quantity>1</Quantity>
      <UnitMeasure>ק"ג</UnitMeasure>
      <BisWeighted>0</BisWeighted>
      <QtyInPackage>1</QtyInPackage>
      <ItemPrice>12.90</ItemPrice>
      <UnitOfMeasurePrice>12.90</UnitOfMeasurePrice>
      <AllowDiscount>1</AllowDiscount>
      <itemStatus>1</itemStatus>
      <LastUpdateDate />
      <LastUpdateTime />
    </Product>
    <Product>
      <PriceUpdateDate>2016/05/19 13:42</PriceUpdateDate>
      <ItemCode>7290100702536</ItemCode>
      <ItemType>1</ItemType>
      <ItemName>אטריות ביצים דקות 250ג</ItemName>
      <ManufactureName>סוגת תעשיות בעמ</ManufactureName>
      <ManufactureCountry />
      <ManufactureItemDescription />
      <UnitQty>י"ח</UnitQty>
      <Quantity>250</Quantity>
      <UnitMeasure>ל  גרם</UnitMeasure>
      <BisWeighted>0</BisWeighted>
      <QtyInPackage>1</QtyInPackage>
      <ItemPrice>5.10</ItemPrice>
      <UnitOfMeasurePrice>2.04</UnitOfMeasurePrice>
      <AllowDiscount>1</AllowDiscount>
      <itemStatus>1</itemStatus>
      <LastUpdateDate />
      <LastUpdateTime />
    </Product>
    <Product>
      <PriceUpdateDate>2016/05/19 13:42</PriceUpdateDate>
      <ItemCode>7290100702543</ItemCode>
      <ItemType>1</ItemType>
      <ItemName>אטריות ביצים בינוניות  250ג</ItemName>
      <ManufactureName>סוגת תעשיות בעמ</ManufactureName>
      <ManufactureCountry />
      <ManufactureItemDescription />
      <UnitQty>י"ח</UnitQty>
      <Quantity>250</Quantity>
      <UnitMeasure>ל  גרם</UnitMeasure>
      <BisWeighted>0</BisWeighted>
      <QtyInPackage>1</QtyInPackage>
      <ItemPrice>5.10</ItemPrice>
      <UnitOfMeasurePrice>2.04</UnitOfMeasurePrice>
      <AllowDiscount>1</AllowDiscount>
      <itemStatus>1</itemStatus>
      <LastUpdateDate />
      <LastUpdateTime />
    </Product>
    <Product>
      <PriceUpdateDate>2016/05/19 13:42</PriceUpdateDate>
      <ItemCode>7290100702550</ItemCode>
      <ItemType>1</ItemType>
      <ItemName>אטריות ביצים עבות  250ג</ItemName>
      <ManufactureName>סוגת תעשיות בעמ</ManufactureName>
      <ManufactureCountry />
      <ManufactureItemDescription />
      <UnitQty>י"ח</UnitQty>
      <Quantity>250</Quantity>
      <UnitMeasure>ל  גרם</UnitMeasure>
      <BisWeighted>0</BisWeighted>
      <QtyInPackage>1</QtyInPackage>
      <ItemPrice>5.10</ItemPrice>
      <UnitOfMeasurePrice>2.04</UnitOfMeasurePrice>
      <AllowDiscount>1</AllowDiscount>
      <itemStatus>1</itemStatus>
      <LastUpdateDate />
      <LastUpdateTime />
    </Product>
    <Product>
      <PriceUpdateDate>2016/05/19 13:42</PriceUpdateDate>
      <ItemCode>7290100702574</ItemCode>
      <ItemType>1</ItemType>
      <ItemName>אטריות אורז עבות   250ג</ItemName>
      <ManufactureName>סוגת תעשיות בעמ</ManufactureName>
      <ManufactureCountry />
      <ManufactureItemDescription />
      <UnitQty>י"ח</UnitQty>
      <Quantity>250</Quantity>
      <UnitMeasure>ל  גרם</UnitMeasure>
      <BisWeighted>0</BisWeighted>
      <QtyInPackage>1</QtyInPackage>
      <ItemPrice>5.10</ItemPrice>
      <UnitOfMeasurePrice>2.04</UnitOfMeasurePrice>
      <AllowDiscount>1</AllowDiscount>
      <itemStatus>1</itemStatus>
      <LastUpdateDate />
      <LastUpdateTime />
    </Product>
    <Product>
      <PriceUpdateDate>2019/02/28 08:56</PriceUpdateDate>
      <ItemCode>7290100702611</ItemCode>
      <ItemType>1</ItemType>
      <ItemName>פתיתים אפויים אורז 500ג</ItemName>
      <ManufactureName>סוגת תעשיות בעמ</ManufactureName>
      <ManufactureCountry />
      <ManufactureItemDescription />
      <UnitQty>י"ח</UnitQty>
      <Quantity>500</Quantity>
      <UnitMeasure>ל  גרם</UnitMeasure>
      <BisWeighted>0</BisWeighted>
      <QtyInPackage>1</QtyInPackage>
      <ItemPrice>4.90</ItemPrice>
      <UnitOfMeasurePrice>0.98</UnitOfMeasurePrice>
      <AllowDiscount>1</AllowDiscount>
      <itemStatus>1</itemStatus>
      <LastUpdateDate />
      <LastUpdateTime />
    </Product>
    <Product>
      <PriceUpdateDate>2019/02/28 08:56</PriceUpdateDate>
      <ItemCode>7290100702628</ItemCode>
      <ItemType>1</ItemType>
      <ItemName>פתיתים אפויים קוסקוס  500ג</ItemName>
      <ManufactureName>סוגת תעשיות בעמ</ManufactureName>
      <ManufactureCountry />
      <ManufactureItemDescription />
      <UnitQty>י"ח</UnitQty>
      <Quantity>500</Quantity>
      <UnitMeasure>ל  גרם</UnitMeasure>
      <BisWeighted>0</BisWeighted>
      <QtyInPackage>1</QtyInPackage>
      <ItemPrice>4.90</ItemPrice>
      <UnitOfMeasurePrice>0.98</UnitOfMeasurePrice>
      <AllowDiscount>1</AllowDiscount>
      <itemStatus>1</itemStatus>
      <LastUpdateDate />
      <LastUpdateTime />
    </Product>
    <Product>
      <PriceUpdateDate>2019/02/28 08:56</PriceUpdateDate>
      <ItemCode>7290100702635</ItemCode>
      <ItemType>1</ItemType>
      <ItemName>פתיתים אפויים כוכבים  500ג</ItemName>
      <ManufactureName>סוגת תעשיות בעמ</ManufactureName>
      <ManufactureCountry />
      <ManufactureItemDescription />
      <UnitQty>י"ח</UnitQty>
      <Quantity>500</Quantity>
      <UnitMeasure>ל  גרם</UnitMeasure>
      <BisWeighted>0</BisWeighted>
      <QtyInPackage>1</QtyInPackage>
      <ItemPrice>4.90</ItemPrice>
      <UnitOfMeasurePrice>0.98</UnitOfMeasurePrice>
      <AllowDiscount>1</AllowDiscount>
      <itemStatus>1</itemStatus>
      <LastUpdateDate />
      <LastUpdateTime />
    </Product>
    <Product>
      <PriceUpdateDate>2019/02/28 08:56</PriceUpdateDate>
      <ItemCode>7290100702642</ItemCode>
      <ItemType>1</ItemType>
      <ItemName>פתיתים אפויים טבעות  500ג</ItemName>
      <ManufactureName>סוגת תעשיות בעמ</ManufactureName>
      <ManufactureCountry />
      <ManufactureItemDescription />
      <UnitQty>י"ח</UnitQty>
      <Quantity>500</Quantity>
      <UnitMeasure>ל  גרם</UnitMeasure>
      <BisWeighted>0</BisWeighted>
      <QtyInPackage>1</QtyInPackage>
      <ItemPrice>4.90</ItemPrice>
      <UnitOfMeasurePrice>0.98</UnitOfMeasurePrice>
      <AllowDiscount>1</AllowDiscount>
      <itemStatus>1</itemStatus>
      <LastUpdateDate />
      <LastUpdateTime />
    </Product>
    <Product>
      <PriceUpdateDate>2019/02/28 08:56</PriceUpdateDate>
      <ItemCode>7290100702673</ItemCode>
      <ItemType>1</ItemType>
      <ItemName>פתיתים אפויים 3צבעים  400ג</ItemName>
      <ManufactureName>סוגת תעשיות בעמ</ManufactureName>
      <ManufactureCountry />
      <ManufactureItemDescription />
      <UnitQty>י"ח</UnitQty>
      <Quantity>400</Quantity>
      <UnitMeasure>ל  גרם</UnitMeasure>
      <BisWeighted>0</BisWeighted>
      <QtyInPackage>1</QtyInPackage>
      <ItemPrice>4.90</ItemPrice>
      <UnitOfMeasurePrice>1.23</UnitOfMeasurePrice>
      <AllowDiscount>1</AllowDiscount>
      <itemStatus>1</itemStatus>
      <LastUpdateDate />
      <LastUpdateTime />
    </Product>
    <Product>
      <PriceUpdateDate>2019/02/28 08:56</PriceUpdateDate>
      <ItemCode>7290100702680</ItemCode>
      <ItemType>1</ItemType>
      <ItemName>פתיתים אפויים קידס חיות  400ג</ItemName>
      <ManufactureName>סוגת תעשיות בעמ</ManufactureName>
      <ManufactureCountry />
      <ManufactureItemDescription />
      <UnitQty>י"ח</UnitQty>
      <Quantity>400</Quantity>
      <UnitMeasure>ל  גרם</UnitMeasure>
      <BisWeighted>0</BisWeighted>
      <QtyInPackage>1</QtyInPackage>
      <ItemPrice>4.90</ItemPrice>
      <UnitOfMeasurePrice>1.23</UnitOfMeasurePrice>
      <AllowDiscount>1</AllowDiscount>
      <itemStatus>1</itemStatus>
      <LastUpdateDate />
      <LastUpdateTime />
    </Product>
    <Product>
      <PriceUpdateDate>2019/02/28 08:56</PriceUpdateDate>
      <ItemCode>7290100702697</ItemCode>
      <ItemType>1</ItemType>
      <ItemName>פתיתים אפויים קידס מספרים  400ג</ItemName>
      <ManufactureName>סוגת תעשיות בעמ</ManufactureName>
      <ManufactureCountry />
      <ManufactureItemDescription />
      <UnitQty>י"ח</UnitQty>
      <Quantity>400</Quantity>
      <UnitMeasure>ל  גרם</UnitMeasure>
      <BisWeighted>0</BisWeighted>
      <QtyInPackage>1</QtyInPackage>
      <ItemPrice>4.90</ItemPrice>
      <UnitOfMeasurePrice>1.23</UnitOfMeasurePrice>
      <AllowDiscount>1</AllowDiscount>
      <itemStatus>1</itemStatus>
      <LastUpdateDate />
      <LastUpdateTime />
    </Product>
    <Product>
      <PriceUpdateDate>2019/02/28 08:56</PriceUpdateDate>
      <ItemCode>7290100702710</ItemCode>
      <ItemType>1</ItemType>
      <ItemName>פתיתים אפויים קידס צורות  400ג</ItemName>
      <ManufactureName>סוגת תעשיות בעמ</ManufactureName>
      <ManufactureCountry />
      <ManufactureItemDescription />
      <UnitQty>י"ח</UnitQty>
      <Quantity>400</Quantity>
      <UnitMeasure>ל  גרם</UnitMeasure>
      <BisWeighted>0</BisWeighted>
      <QtyInPackage>1</QtyInPackage>
      <ItemPrice>4.90</ItemPrice>
      <UnitOfMeasurePrice>1.23</UnitOfMeasurePrice>
      <AllowDiscount>1</AllowDiscount>
      <itemStatus>1</itemStatus>
      <LastUpdateDate />
      <LastUpdateTime />
    </Product>
    <Product>
      <PriceUpdateDate>2014/12/02 14:40</PriceUpdateDate>
      <ItemCode>7290100702741</ItemCode>
      <ItemType>1</ItemType>
      <ItemName>סוכר חום בהיר צנצנת 1ק"ג מהדורה מוגבלת</ItemName>
      <ManufactureName>סוגת תעשיות בעמ</ManufactureName>
      <ManufactureCountry />
      <ManufactureItemDescription />
      <UnitQty>י"ח</UnitQty>
      <Quantity>1</Quantity>
      <UnitMeasure>ק"ג</UnitMeasure>
      <BisWeighted>0</BisWeighted>
      <QtyInPackage>1</QtyInPackage>
      <ItemPrice>10.90</ItemPrice>
      <UnitOfMeasurePrice>10.90</UnitOfMeasurePrice>
      <AllowDiscount>1</AllowDiscount>
      <itemStatus>1</itemStatus>
      <LastUpdateDate />
      <LastUpdateTime />
    </Product>
    <Product>
      <PriceUpdateDate>2016/02/15 14:04</PriceUpdateDate>
      <ItemCode>7290100702789</ItemCode>
      <ItemType>1</ItemType>
      <ItemName>פסטה צדפים  500ג</ItemName>
      <ManufactureName>סוגת תעשיות בעמ</ManufactureName>
      <ManufactureCountry />
      <ManufactureItemDescription />
      <UnitQty>י"ח</UnitQty>
      <Quantity>500</Quantity>
      <UnitMeasure>ל  גרם</UnitMeasure>
      <BisWeighted>0</BisWeighted>
      <QtyInPackage>1</QtyInPackage>
      <ItemPrice>4.90</ItemPrice>
      <UnitOfMeasurePrice>0.98</UnitOfMeasurePrice>
      <AllowDiscount>1</AllowDiscount>
      <itemStatus>1</itemStatus>
      <LastUpdateDate />
      <LastUpdateTime />
    </Product>
    <Product>
      <PriceUpdateDate>2016/02/15 14:04</PriceUpdateDate>
      <ItemCode>7290100702796</ItemCode>
      <ItemType>1</ItemType>
      <ItemName>פסטה פרפאלה  500ג</ItemName>
      <ManufactureName>סוגת תעשיות בעמ</ManufactureName>
      <ManufactureCountry />
      <ManufactureItemDescription />
      <UnitQty>י"ח</UnitQty>
      <Quantity>500</Quantity>
      <UnitMeasure>ל  גרם</UnitMeasure>
      <BisWeighted>0</BisWeighted>
      <QtyInPackage>1</QtyInPackage>
      <ItemPrice>4.90</ItemPrice>
      <UnitOfMeasurePrice>0.98</UnitOfMeasurePrice>
      <AllowDiscount>1</AllowDiscount>
      <itemStatus>1</itemStatus>
      <LastUpdateDate />
      <LastUpdateTime />
    </Product>
    <Product>
      <PriceUpdateDate>2016/02/15 14:04</PriceUpdateDate>
      <ItemCode>7290100702833</ItemCode>
      <ItemType>1</ItemType>
      <ItemName>ספגטי מס -5500ג</ItemName>
      <ManufactureName>סוגת תעשיות בעמ</ManufactureName>
      <ManufactureCountry />
      <ManufactureItemDescription />
      <UnitQty>י"ח</UnitQty>
      <Quantity>500</Quantity>
      <UnitMeasure>ל  גרם</UnitMeasure>
      <BisWeighted>0</BisWeighted>
      <QtyInPackage>1</QtyInPackage>
      <ItemPrice>4.90</ItemPrice>
      <UnitOfMeasurePrice>0.98</UnitOfMeasurePrice>
      <AllowDiscount>1</AllowDiscount>
      <itemStatus>1</itemStatus>
      <LastUpdateDate />
      <LastUpdateTime />
    </Product>
    <Product>
      <PriceUpdateDate>2016/02/15 14:04</PriceUpdateDate>
      <ItemCode>7290100702857</ItemCode>
      <ItemType>1</ItemType>
      <ItemName>פסטה פוזלי  500ג</ItemName>
      <ManufactureName>סוגת תעשיות בעמ</ManufactureName>
      <ManufactureCountry />
      <ManufactureItemDescription />
      <UnitQty>י"ח</UnitQty>
      <Quantity>500</Quantity>
      <UnitMeasure>ל  גרם</UnitMeasure>
      <BisWeighted>0</BisWeighted>
      <QtyInPackage>1</QtyInPackage>
      <ItemPrice>4.90</ItemPrice>
      <UnitOfMeasurePrice>0.98</UnitOfMeasurePrice>
      <AllowDiscount>1</AllowDiscount>
      <itemStatus>1</itemStatus>
      <LastUpdateDate />
      <LastUpdateTime />
    </Product>
    <Product>
      <PriceUpdateDate>2015/12/14 10:48</PriceUpdateDate>
      <ItemCode>7290100702949</ItemCode>
      <ItemType>1</ItemType>
      <ItemName>קרוטונים למרק 250גר</ItemName>
      <ManufactureName>סוגת תעשיות בעמ</ManufactureName>
      <ManufactureCountry />
      <ManufactureItemDescription />
      <UnitQty>י"ח</UnitQty>
      <Quantity>200</Quantity>
      <UnitMeasure>ל  גרם</UnitMeasure>
      <BisWeighted>0</BisWeighted>
      <QtyInPackage>1</QtyInPackage>
      <ItemPrice>10.90</ItemPrice>
      <UnitOfMeasurePrice>5.45</UnitOfMeasurePrice>
      <AllowDiscount>1</AllowDiscount>
      <itemStatus>1</itemStatus>
      <LastUpdateDate />
      <LastUpdateTime />
    </Product>
    <Product>
      <PriceUpdateDate>2015/12/14 10:48</PriceUpdateDate>
      <ItemCode>7290100702956</ItemCode>
      <ItemType>1</ItemType>
      <ItemName>קרוטונים לסלט 250גר</ItemName>
      <ManufactureName>סוגת תעשיות בעמ</ManufactureName>
      <ManufactureCountry />
      <ManufactureItemDescription />
      <UnitQty>י"ח</UnitQty>
      <Quantity>200</Quantity>
      <UnitMeasure>ל  גרם</UnitMeasure>
      <BisWeighted>0</BisWeighted>
      <QtyInPackage>1</QtyInPackage>
      <ItemPrice>10.90</ItemPrice>
      <UnitOfMeasurePrice>5.45</UnitOfMeasurePrice>
      <AllowDiscount>1</AllowDiscount>
      <itemStatus>1</itemStatus>
      <LastUpdateDate />
      <LastUpdateTime />
    </Product>
    <Product>
      <PriceUpdateDate>2015/09/29 09:43</PriceUpdateDate>
      <ItemCode>7290100703007</ItemCode>
      <ItemType>1</ItemType>
      <ItemName>עדשים שחורים בלוגה 500ג</ItemName>
      <ManufactureName>סוגת תעשיות בעמ</ManufactureName>
      <ManufactureCountry />
      <ManufactureItemDescription />
      <UnitQty>י"ח</UnitQty>
      <Quantity>500</Quantity>
      <UnitMeasure>ל  גרם</UnitMeasure>
      <BisWeighted>0</BisWeighted>
      <QtyInPackage>1</QtyInPackage>
      <ItemPrice>8.90</ItemPrice>
      <UnitOfMeasurePrice>1.78</UnitOfMeasurePrice>
      <AllowDiscount>1</AllowDiscount>
      <itemStatus>1</itemStatus>
      <LastUpdateDate />
      <LastUpdateTime />
    </Product>
    <Product>
      <PriceUpdateDate>2016/08/16 09:44</PriceUpdateDate>
      <ItemCode>7290100703434</ItemCode>
      <ItemType>1</ItemType>
      <ItemName>בורגול חום  500גר`</ItemName>
      <ManufactureName>סוגת תעשיות בעמ</ManufactureName>
      <ManufactureCountry />
      <ManufactureItemDescription />
      <UnitQty>י"ח</UnitQty>
      <Quantity>500</Quantity>
      <UnitMeasure>ל  גרם</UnitMeasure>
      <BisWeighted>0</BisWeighted>
      <QtyInPackage>1</QtyInPackage>
      <ItemPrice>5</ItemPrice>
      <UnitOfMeasurePrice>1</UnitOfMeasurePrice>
      <AllowDiscount>1</AllowDiscount>
      <itemStatus>1</itemStatus>
      <LastUpdateDate />
      <LastUpdateTime />
    </Product>
    <Product>
      <PriceUpdateDate>2017/02/21 07:31</PriceUpdateDate>
      <ItemCode>7290100703533</ItemCode>
      <ItemType>1</ItemType>
      <ItemName>קמח קסם 1ק"ג</ItemName>
      <ManufactureName>סוגת תעשיות בעמ</ManufactureName>
      <ManufactureCountry />
      <ManufactureItemDescription />
      <UnitQty>י"ח</UnitQty>
      <Quantity>1</Quantity>
      <UnitMeasure>ק"ג</UnitMeasure>
      <BisWeighted>0</BisWeighted>
      <QtyInPackage>1</QtyInPackage>
      <ItemPrice>8.90</ItemPrice>
      <UnitOfMeasurePrice>8.90</UnitOfMeasurePrice>
      <AllowDiscount>1</AllowDiscount>
      <itemStatus>1</itemStatus>
      <LastUpdateDate />
      <LastUpdateTime />
    </Product>
    <Product>
      <PriceUpdateDate>2018/01/17 09:42</PriceUpdateDate>
      <ItemCode>7290100703625</ItemCode>
      <ItemType>1</ItemType>
      <ItemName>קמח לבן ללא ניפוי 1ק"ג</ItemName>
      <ManufactureName>סוגת תעשיות בעמ</ManufactureName>
      <ManufactureCountry />
      <ManufactureItemDescription />
      <UnitQty>י"ח</UnitQty>
      <Quantity>1</Quantity>
      <UnitMeasure>ק"ג</UnitMeasure>
      <BisWeighted>0</BisWeighted>
      <QtyInPackage>1</QtyInPackage>
      <ItemPrice>8.90</ItemPrice>
      <UnitOfMeasurePrice>8.90</UnitOfMeasurePrice>
      <AllowDiscount>1</AllowDiscount>
      <itemStatus>1</itemStatus>
      <LastUpdateDate />
      <LastUpdateTime />
    </Product>
    <Product>
      <PriceUpdateDate>2018/01/17 09:42</PriceUpdateDate>
      <ItemCode>7290100703861</ItemCode>
      <ItemType>1</ItemType>
      <ItemName>קמח תערובת קסם לחלה 1ק"ג</ItemName>
      <ManufactureName>סוגת תעשיות בעמ</ManufactureName>
      <ManufactureCountry />
      <ManufactureItemDescription />
      <UnitQty>י"ח</UnitQty>
      <Quantity>1</Quantity>
      <UnitMeasure>ק"ג</UnitMeasure>
      <BisWeighted>0</BisWeighted>
      <QtyInPackage>1</QtyInPackage>
      <ItemPrice>8.90</ItemPrice>
      <UnitOfMeasurePrice>8.90</UnitOfMeasurePrice>
      <AllowDiscount>1</AllowDiscount>
      <itemStatus>1</itemStatus>
      <LastUpdateDate />
      <LastUpdateTime />
    </Product>
    <Product>
      <PriceUpdateDate>2018/04/25 12:28</PriceUpdateDate>
      <ItemCode>7290100703915</ItemCode>
      <ItemType>1</ItemType>
      <ItemName>פופקורן למיקרו מארז5+1 חמאה</ItemName>
      <ManufactureName>סוגת תעשיות בעמ</ManufactureName>
      <ManufactureCountry />
      <ManufactureItemDescription />
      <UnitQty>י"ח</UnitQty>
      <Quantity>6</Quantity>
      <UnitMeasure>י"ח</UnitMeasure>
      <BisWeighted>0</BisWeighted>
      <QtyInPackage>1</QtyInPackage>
      <ItemPrice>13.90</ItemPrice>
      <UnitOfMeasurePrice>2.32</UnitOfMeasurePrice>
      <AllowDiscount>1</AllowDiscount>
      <itemStatus>1</itemStatus>
      <LastUpdateDate />
      <LastUpdateTime />
    </Product>
    <Product>
      <PriceUpdateDate>2018/04/25 12:28</PriceUpdateDate>
      <ItemCode>7290100703922</ItemCode>
      <ItemType>1</ItemType>
      <ItemName>פופקורן למיקרו מארז5+1 טבעי</ItemName>
      <ManufactureName>סוגת תעשיות בעמ</ManufactureName>
      <ManufactureCountry />
      <ManufactureItemDescription />
      <UnitQty>י"ח</UnitQty>
      <Quantity>6</Quantity>
      <UnitMeasure>י"ח</UnitMeasure>
      <BisWeighted>0</BisWeighted>
      <QtyInPackage>1</QtyInPackage>
      <ItemPrice>13.90</ItemPrice>
      <UnitOfMeasurePrice>2.32</UnitOfMeasurePrice>
      <AllowDiscount>1</AllowDiscount>
      <itemStatus>1</itemStatus>
      <LastUpdateDate />
      <LastUpdateTime />
    </Product>
    <Product>
      <PriceUpdateDate>2018/07/23 09:57</PriceUpdateDate>
      <ItemCode>7290100704035</ItemCode>
      <ItemType>1</ItemType>
      <ItemName>קוסקוס מחיטה דורות 350ג</ItemName>
      <ManufactureName>סוגת תעשיות בעמ</ManufactureName>
      <ManufactureCountry />
      <ManufactureItemDescription />
      <UnitQty>י"ח</UnitQty>
      <Quantity>350</Quantity>
      <UnitMeasure>ל  גרם</UnitMeasure>
      <BisWeighted>0</BisWeighted>
      <QtyInPackage>1</QtyInPackage>
      <ItemPrice>5.90</ItemPrice>
      <UnitOfMeasurePrice>1.69</UnitOfMeasurePrice>
      <AllowDiscount>1</AllowDiscount>
      <itemStatus>1</itemStatus>
      <LastUpdateDate />
      <LastUpdateTime />
    </Product>
    <Product>
      <PriceUpdateDate>2020/03/02 08:26</PriceUpdateDate>
      <ItemCode>7290100704110</ItemCode>
      <ItemType>1</ItemType>
      <ItemName>תערובת להכנה עוגת שוקולד 560גר</ItemName>
      <ManufactureName>סוגת תעשיות בעמ</ManufactureName>
      <ManufactureCountry />
      <ManufactureItemDescription />
      <UnitQty>י"ח</UnitQty>
      <Quantity>560</Quantity>
      <UnitMeasure>ל  גרם</UnitMeasure>
      <BisWeighted>0</BisWeighted>
      <QtyInPackage>1</QtyInPackage>
      <ItemPrice>14.90</ItemPrice>
      <UnitOfMeasurePrice>2.66</UnitOfMeasurePrice>
      <AllowDiscount>1</AllowDiscount>
      <itemStatus>1</itemStatus>
      <LastUpdateDate />
      <LastUpdateTime />
    </Product>
    <Product>
      <PriceUpdateDate>2020/03/02 08:26</PriceUpdateDate>
      <ItemCode>7290100704127</ItemCode>
      <ItemType>1</ItemType>
      <ItemName>תערובת להכנה פנקייק 560גר</ItemName>
      <ManufactureName>סוגת תעשיות בעמ</ManufactureName>
      <ManufactureCountry />
      <ManufactureItemDescription />
      <UnitQty>י"ח</UnitQty>
      <Quantity>560</Quantity>
      <UnitMeasure>ל  גרם</UnitMeasure>
      <BisWeighted>0</BisWeighted>
      <QtyInPackage>1</QtyInPackage>
      <ItemPrice>14.90</ItemPrice>
      <UnitOfMeasurePrice>2.66</UnitOfMeasurePrice>
      <AllowDiscount>1</AllowDiscount>
      <itemStatus>1</itemStatus>
      <LastUpdateDate />
      <LastUpdateTime />
    </Product>
    <Product>
      <PriceUpdateDate>2020/03/02 08:26</PriceUpdateDate>
      <ItemCode>7290100704134</ItemCode>
      <ItemType>1</ItemType>
      <ItemName>תערובת להכנה בראוניז 560גר</ItemName>
      <ManufactureName>סוגת תעשיות בעמ</ManufactureName>
      <ManufactureCountry />
      <ManufactureItemDescription />
      <UnitQty>י"ח</UnitQty>
      <Quantity>560</Quantity>
      <UnitMeasure>ל  גרם</UnitMeasure>
      <BisWeighted>0</BisWeighted>
      <QtyInPackage>1</QtyInPackage>
      <ItemPrice>14.90</ItemPrice>
      <UnitOfMeasurePrice>2.66</UnitOfMeasurePrice>
      <AllowDiscount>1</AllowDiscount>
      <itemStatus>1</itemStatus>
      <LastUpdateDate />
      <LastUpdateTime />
    </Product>
    <Product>
      <PriceUpdateDate>2019/01/21 08:54</PriceUpdateDate>
      <ItemCode>7290100704219</ItemCode>
      <ItemType>1</ItemType>
      <ItemName>פסטה פנה ריגטה 400ג קופסה</ItemName>
      <ManufactureName>סוגת תעשיות בעמ</ManufactureName>
      <ManufactureCountry />
      <ManufactureItemDescription />
      <UnitQty>י"ח</UnitQty>
      <Quantity>400</Quantity>
      <UnitMeasure>ל  גרם</UnitMeasure>
      <BisWeighted>0</BisWeighted>
      <QtyInPackage>1</QtyInPackage>
      <ItemPrice>5.90</ItemPrice>
      <UnitOfMeasurePrice>1.48</UnitOfMeasurePrice>
      <AllowDiscount>1</AllowDiscount>
      <itemStatus>1</itemStatus>
      <LastUpdateDate />
      <LastUpdateTime />
    </Product>
    <Product>
      <PriceUpdateDate>2019/01/21 08:54</PriceUpdateDate>
      <ItemCode>7290100704226</ItemCode>
      <ItemType>1</ItemType>
      <ItemName>פסטה פרפלה  400ג קופסה</ItemName>
      <ManufactureName>סוגת תעשיות בעמ</ManufactureName>
      <ManufactureCountry />
      <ManufactureItemDescription />
      <UnitQty>י"ח</UnitQty>
      <Quantity>400</Quantity>
      <UnitMeasure>ל  גרם</UnitMeasure>
      <BisWeighted>0</BisWeighted>
      <QtyInPackage>1</QtyInPackage>
      <ItemPrice>5.90</ItemPrice>
      <UnitOfMeasurePrice>1.48</UnitOfMeasurePrice>
      <AllowDiscount>1</AllowDiscount>
      <itemStatus>1</itemStatus>
      <LastUpdateDate />
      <LastUpdateTime />
    </Product>
    <Product>
      <PriceUpdateDate>2019/01/21 08:54</PriceUpdateDate>
      <ItemCode>7290100704233</ItemCode>
      <ItemType>1</ItemType>
      <ItemName>פסטה פוזילי  400ג קופסה</ItemName>
      <ManufactureName>סוגת תעשיות בעמ</ManufactureName>
      <ManufactureCountry />
      <ManufactureItemDescription />
      <UnitQty>י"ח</UnitQty>
      <Quantity>400</Quantity>
      <UnitMeasure>ל  גרם</UnitMeasure>
      <BisWeighted>0</BisWeighted>
      <QtyInPackage>1</QtyInPackage>
      <ItemPrice>5.90</ItemPrice>
      <UnitOfMeasurePrice>1.48</UnitOfMeasurePrice>
      <AllowDiscount>1</AllowDiscount>
      <itemStatus>1</itemStatus>
      <LastUpdateDate />
      <LastUpdateTime />
    </Product>
    <Product>
      <PriceUpdateDate>2019/01/21 08:54</PriceUpdateDate>
      <ItemCode>7290100704257</ItemCode>
      <ItemType>1</ItemType>
      <ItemName>ספגטי מס -5 400ג קופסה</ItemName>
      <ManufactureName>סוגת תעשיות בעמ</ManufactureName>
      <ManufactureCountry />
      <ManufactureItemDescription />
      <UnitQty>י"ח</UnitQty>
      <Quantity>400</Quantity>
      <UnitMeasure>ל  גרם</UnitMeasure>
      <BisWeighted>0</BisWeighted>
      <QtyInPackage>1</QtyInPackage>
      <ItemPrice>5.90</ItemPrice>
      <UnitOfMeasurePrice>1.48</UnitOfMeasurePrice>
      <AllowDiscount>1</AllowDiscount>
      <itemStatus>1</itemStatus>
      <LastUpdateDate />
      <LastUpdateTime />
    </Product>
    <Product>
      <PriceUpdateDate>2019/06/12 11:08</PriceUpdateDate>
      <ItemCode>7290100704318</ItemCode>
      <ItemType>1</ItemType>
      <ItemName>פירורי לחם סגנון מרוקאי  350ג</ItemName>
      <ManufactureName>סוגת תעשיות בעמ</ManufactureName>
      <ManufactureCountry />
      <ManufactureItemDescription />
      <UnitQty>י"ח</UnitQty>
      <Quantity>350</Quantity>
      <UnitMeasure>ל  גרם</UnitMeasure>
      <BisWeighted>0</BisWeighted>
      <QtyInPackage>1</QtyInPackage>
      <ItemPrice>7.90</ItemPrice>
      <UnitOfMeasurePrice>2.26</UnitOfMeasurePrice>
      <AllowDiscount>1</AllowDiscount>
      <itemStatus>1</itemStatus>
      <LastUpdateDate />
      <LastUpdateTime />
    </Product>
    <Product>
      <PriceUpdateDate>2019/06/12 11:08</PriceUpdateDate>
      <ItemCode>7290100704332</ItemCode>
      <ItemType>1</ItemType>
      <ItemName>פירורי לחם מוזהב שומשום  350ג</ItemName>
      <ManufactureName>סוגת תעשיות בעמ</ManufactureName>
      <ManufactureCountry />
      <ManufactureItemDescription />
      <UnitQty>י"ח</UnitQty>
      <Quantity>350</Quantity>
      <UnitMeasure>ל  גרם</UnitMeasure>
      <BisWeighted>0</BisWeighted>
      <QtyInPackage>1</QtyInPackage>
      <ItemPrice>7.90</ItemPrice>
      <UnitOfMeasurePrice>2.26</UnitOfMeasurePrice>
      <AllowDiscount>1</AllowDiscount>
      <itemStatus>1</itemStatus>
      <LastUpdateDate />
      <LastUpdateTime />
    </Product>
    <Product>
      <PriceUpdateDate>2019/06/12 11:08</PriceUpdateDate>
      <ItemCode>7290100704349</ItemCode>
      <ItemType>1</ItemType>
      <ItemName>פירורי לחם מוזהב עם שומשום ושום 350ג</ItemName>
      <ManufactureName>סוגת תעשיות בעמ</ManufactureName>
      <ManufactureCountry />
      <ManufactureItemDescription />
      <UnitQty>י"ח</UnitQty>
      <Quantity>350</Quantity>
      <UnitMeasure>ל  גרם</UnitMeasure>
      <BisWeighted>0</BisWeighted>
      <QtyInPackage>1</QtyInPackage>
      <ItemPrice>7.90</ItemPrice>
      <UnitOfMeasurePrice>2.26</UnitOfMeasurePrice>
      <AllowDiscount>1</AllowDiscount>
      <itemStatus>1</itemStatus>
      <LastUpdateDate />
      <LastUpdateTime />
    </Product>
    <Product>
      <PriceUpdateDate>2019/08/01 10:43</PriceUpdateDate>
      <ItemCode>7290100704387</ItemCode>
      <ItemType>1</ItemType>
      <ItemName>גרנולה קראנץ 300ג עם פירות טרופיים</ItemName>
      <ManufactureName>סוגת תעשיות בעמ</ManufactureName>
      <ManufactureCountry />
      <ManufactureItemDescription />
      <UnitQty>י"ח</UnitQty>
      <Quantity>300</Quantity>
      <UnitMeasure>ל  גרם</UnitMeasure>
      <BisWeighted>0</BisWeighted>
      <QtyInPackage>1</QtyInPackage>
      <ItemPrice>12.90</ItemPrice>
      <UnitOfMeasurePrice>4.30</UnitOfMeasurePrice>
      <AllowDiscount>1</AllowDiscount>
      <itemStatus>1</itemStatus>
      <LastUpdateDate />
      <LastUpdateTime />
    </Product>
    <Product>
      <PriceUpdateDate>2019/08/01 10:43</PriceUpdateDate>
      <ItemCode>7290100704394</ItemCode>
      <ItemType>1</ItemType>
      <ItemName>גרנולה קראנץ 300ג עם חמוציות/דגנים</ItemName>
      <ManufactureName>סוגת תעשיות בעמ</ManufactureName>
      <ManufactureCountry />
      <ManufactureItemDescription />
      <UnitQty>י"ח</UnitQty>
      <Quantity>300</Quantity>
      <UnitMeasure>ל  גרם</UnitMeasure>
      <BisWeighted>0</BisWeighted>
      <QtyInPackage>1</QtyInPackage>
      <ItemPrice>12.90</ItemPrice>
      <UnitOfMeasurePrice>4.30</UnitOfMeasurePrice>
      <AllowDiscount>1</AllowDiscount>
      <itemStatus>1</itemStatus>
      <LastUpdateDate />
      <LastUpdateTime />
    </Product>
    <Product>
      <PriceUpdateDate>2019/08/01 10:43</PriceUpdateDate>
      <ItemCode>7290100704400</ItemCode>
      <ItemType>1</ItemType>
      <ItemName>גרנולה קראנץ 300ג עם אגוז/דבש</ItemName>
      <ManufactureName>סוגת תעשיות בעמ</ManufactureName>
      <ManufactureCountry />
      <ManufactureItemDescription />
      <UnitQty>י"ח</UnitQty>
      <Quantity>300</Quantity>
      <UnitMeasure>ל  גרם</UnitMeasure>
      <BisWeighted>0</BisWeighted>
      <QtyInPackage>1</QtyInPackage>
      <ItemPrice>12.90</ItemPrice>
      <UnitOfMeasurePrice>4.30</UnitOfMeasurePrice>
      <AllowDiscount>1</AllowDiscount>
      <itemStatus>1</itemStatus>
      <LastUpdateDate />
      <LastUpdateTime />
    </Product>
    <Product>
      <PriceUpdateDate>2019/08/01 10:43</PriceUpdateDate>
      <ItemCode>7290100704417</ItemCode>
      <ItemType>1</ItemType>
      <ItemName>גרנולה קראנץ 300ג עם פירות יבשים</ItemName>
      <ManufactureName>סוגת תעשיות בעמ</ManufactureName>
      <ManufactureCountry />
      <ManufactureItemDescription />
      <UnitQty>י"ח</UnitQty>
      <Quantity>300</Quantity>
      <UnitMeasure>ל  גרם</UnitMeasure>
      <BisWeighted>0</BisWeighted>
      <QtyInPackage>1</QtyInPackage>
      <ItemPrice>12.90</ItemPrice>
      <UnitOfMeasurePrice>4.30</UnitOfMeasurePrice>
      <AllowDiscount>1</AllowDiscount>
      <itemStatus>1</itemStatus>
      <LastUpdateDate />
      <LastUpdateTime />
    </Product>
    <Product>
      <PriceUpdateDate>2016/11/28 08:30</PriceUpdateDate>
      <ItemCode>7290100709900</ItemCode>
      <ItemType>1</ItemType>
      <ItemName>אורז יסמין קלאסי 5ק"ג  סוגת</ItemName>
      <ManufactureName>סוגת תעשיות בעמ</ManufactureName>
      <ManufactureCountry />
      <ManufactureItemDescription />
      <UnitQty>י"ח</UnitQty>
      <Quantity>5</Quantity>
      <UnitMeasure>ק"ג</UnitMeasure>
      <BisWeighted>0</BisWeighted>
      <QtyInPackage>1</QtyInPackage>
      <ItemPrice>34.90</ItemPrice>
      <UnitOfMeasurePrice>6.98</UnitOfMeasurePrice>
      <AllowDiscount>1</AllowDiscount>
      <itemStatus>1</itemStatus>
      <LastUpdateDate />
      <LastUpdateTime />
    </Product>
    <Product>
      <PriceUpdateDate>2018/12/11 16:06</PriceUpdateDate>
      <ItemCode>7290100850008</ItemCode>
      <ItemType>1</ItemType>
      <ItemName>שוקולד רוזמרי חלב</ItemName>
      <ManufactureName>שטראוס גרופ בעמ</ManufactureName>
      <ManufactureCountry />
      <ManufactureItemDescription />
      <UnitQty>י"ח</UnitQty>
      <Quantity>100</Quantity>
      <UnitMeasure>ל  גרם</UnitMeasure>
      <BisWeighted>0</BisWeighted>
      <QtyInPackage>1</QtyInPackage>
      <ItemPrice>5.90</ItemPrice>
      <UnitOfMeasurePrice>5.90</UnitOfMeasurePrice>
      <AllowDiscount>1</AllowDiscount>
      <itemStatus>1</itemStatus>
      <LastUpdateDate />
      <LastUpdateTime />
    </Product>
    <Product>
      <PriceUpdateDate>2017/01/31 11:20</PriceUpdateDate>
      <ItemCode>7290100850459</ItemCode>
      <ItemType>1</ItemType>
      <ItemName>מיקס מעורב 390 גרם</ItemName>
      <ManufactureName>שטראוס גרופ בעמ</ManufactureName>
      <ManufactureCountry />
      <ManufactureItemDescription />
      <UnitQty>י"ח</UnitQty>
      <Quantity>390</Quantity>
      <UnitMeasure>ל  גרם</UnitMeasure>
      <BisWeighted>0</BisWeighted>
      <QtyInPackage>1</QtyInPackage>
      <ItemPrice>23.90</ItemPrice>
      <UnitOfMeasurePrice>6.13</UnitOfMeasurePrice>
      <AllowDiscount>1</AllowDiscount>
      <itemStatus>1</itemStatus>
      <LastUpdateDate />
      <LastUpdateTime />
    </Product>
    <Product>
      <PriceUpdateDate>2019/12/30 14:29</PriceUpdateDate>
      <ItemCode>7290100850909</ItemCode>
      <ItemType>1</ItemType>
      <ItemName>דוריטוס נאצו 70 גרם</ItemName>
      <ManufactureName>שטראוס פריטו ליי בעמ</ManufactureName>
      <ManufactureCountry />
      <ManufactureItemDescription />
      <UnitQty>י"ח</UnitQty>
      <Quantity>70</Quantity>
      <UnitMeasure>ל  גרם</UnitMeasure>
      <BisWeighted>0</BisWeighted>
      <QtyInPackage>1</QtyInPackage>
      <ItemPrice>3.90</ItemPrice>
      <UnitOfMeasurePrice>5.57</UnitOfMeasurePrice>
      <AllowDiscount>1</AllowDiscount>
      <itemStatus>1</itemStatus>
      <LastUpdateDate />
      <LastUpdateTime />
    </Product>
    <Product>
      <PriceUpdateDate>2019/12/30 14:29</PriceUpdateDate>
      <ItemCode>7290100850916</ItemCode>
      <ItemType>1</ItemType>
      <ItemName>דוריטוס חמוץ חריף 70 גרם</ItemName>
      <ManufactureName>שטראוס פריטו ליי בעמ</ManufactureName>
      <ManufactureCountry />
      <ManufactureItemDescription />
      <UnitQty>י"ח</UnitQty>
      <Quantity>70</Quantity>
      <UnitMeasure>ל  גרם</UnitMeasure>
      <BisWeighted>0</BisWeighted>
      <QtyInPackage>1</QtyInPackage>
      <ItemPrice>3.90</ItemPrice>
      <UnitOfMeasurePrice>5.57</UnitOfMeasurePrice>
      <AllowDiscount>1</AllowDiscount>
      <itemStatus>1</itemStatus>
      <LastUpdateDate />
      <LastUpdateTime />
    </Product>
    <Product>
      <PriceUpdateDate>2019/12/30 14:29</PriceUpdateDate>
      <ItemCode>7290100850923</ItemCode>
      <ItemType>1</ItemType>
      <ItemName>דוריטוס גריל 70 גרם</ItemName>
      <ManufactureName>שטראוס פריטו ליי בעמ</ManufactureName>
      <ManufactureCountry />
      <ManufactureItemDescription />
      <UnitQty>י"ח</UnitQty>
      <Quantity>70</Quantity>
      <UnitMeasure>ל  גרם</UnitMeasure>
      <BisWeighted>0</BisWeighted>
      <QtyInPackage>1</QtyInPackage>
      <ItemPrice>3.90</ItemPrice>
      <UnitOfMeasurePrice>5.57</UnitOfMeasurePrice>
      <AllowDiscount>1</AllowDiscount>
      <itemStatus>1</itemStatus>
      <LastUpdateDate />
      <LastUpdateTime />
    </Product>
    <Product>
      <PriceUpdateDate>2019/12/30 14:29</PriceUpdateDate>
      <ItemCode>7290100850930</ItemCode>
      <ItemType>1</ItemType>
      <ItemName>דוריטוס טבעי 70 גרם</ItemName>
      <ManufactureName>שטראוס פריטו ליי בעמ</ManufactureName>
      <ManufactureCountry />
      <ManufactureItemDescription />
      <UnitQty>י"ח</UnitQty>
      <Quantity>70</Quantity>
      <UnitMeasure>ל  גרם</UnitMeasure>
      <BisWeighted>0</BisWeighted>
      <QtyInPackage>1</QtyInPackage>
      <ItemPrice>3.90</ItemPrice>
      <UnitOfMeasurePrice>5.57</UnitOfMeasurePrice>
      <AllowDiscount>1</AllowDiscount>
      <itemStatus>1</itemStatus>
      <LastUpdateDate />
      <LastUpdateTime />
    </Product>
    <Product>
      <PriceUpdateDate>2018/12/11 16:06</PriceUpdateDate>
      <ItemCode>7290100853047</ItemCode>
      <ItemType>1</ItemType>
      <ItemName>שוקולד חלב אוורירי</ItemName>
      <ManufactureName>שטראוס גרופ בעמ</ManufactureName>
      <ManufactureCountry />
      <ManufactureItemDescription />
      <UnitQty>י"ח</UnitQty>
      <Quantity>100</Quantity>
      <UnitMeasure>ל  גרם</UnitMeasure>
      <BisWeighted>0</BisWeighted>
      <QtyInPackage>1</QtyInPackage>
      <ItemPrice>5.90</ItemPrice>
      <UnitOfMeasurePrice>5.90</UnitOfMeasurePrice>
      <AllowDiscount>1</AllowDiscount>
      <itemStatus>1</itemStatus>
      <LastUpdateDate />
      <LastUpdateTime />
    </Product>
    <Product>
      <PriceUpdateDate>2018/12/11 16:06</PriceUpdateDate>
      <ItemCode>7290100853054</ItemCode>
      <ItemType>1</ItemType>
      <ItemName>שוקולד מריר אוורירי</ItemName>
      <ManufactureName>שטראוס גרופ בעמ</ManufactureName>
      <ManufactureCountry />
      <ManufactureItemDescription />
      <UnitQty>י"ח</UnitQty>
      <Quantity>100</Quantity>
      <UnitMeasure>ל  גרם</UnitMeasure>
      <BisWeighted>0</BisWeighted>
      <QtyInPackage>1</QtyInPackage>
      <ItemPrice>5.90</ItemPrice>
      <UnitOfMeasurePrice>5.90</UnitOfMeasurePrice>
      <AllowDiscount>1</AllowDiscount>
      <itemStatus>1</itemStatus>
      <LastUpdateDate />
      <LastUpdateTime />
    </Product>
    <Product>
      <PriceUpdateDate>2018/12/11 16:06</PriceUpdateDate>
      <ItemCode>7290100854754</ItemCode>
      <ItemType>1</ItemType>
      <ItemName>שוקולד חלב עם עדשים</ItemName>
      <ManufactureName>שטראוס גרופ בעמ</ManufactureName>
      <ManufactureCountry />
      <ManufactureItemDescription />
      <UnitQty>י"ח</UnitQty>
      <Quantity>100</Quantity>
      <UnitMeasure>ל  גרם</UnitMeasure>
      <BisWeighted>0</BisWeighted>
      <QtyInPackage>1</QtyInPackage>
      <ItemPrice>5.90</ItemPrice>
      <UnitOfMeasurePrice>5.90</UnitOfMeasurePrice>
      <AllowDiscount>1</AllowDiscount>
      <itemStatus>1</itemStatus>
      <LastUpdateDate />
      <LastUpdateTime />
    </Product>
    <Product>
      <PriceUpdateDate>2018/09/23 08:00</PriceUpdateDate>
      <ItemCode>7290100858608</ItemCode>
      <ItemType>1</ItemType>
      <ItemName>שקית קקאו 500 גרם</ItemName>
      <ManufactureName>שטראוס גרופ בעמ</ManufactureName>
      <ManufactureCountry />
      <ManufactureItemDescription />
      <UnitQty>י"ח</UnitQty>
      <Quantity>500</Quantity>
      <UnitMeasure>ל  גרם</UnitMeasure>
      <BisWeighted>0</BisWeighted>
      <QtyInPackage>1</QtyInPackage>
      <ItemPrice>25.90</ItemPrice>
      <UnitOfMeasurePrice>5.18</UnitOfMeasurePrice>
      <AllowDiscount>1</AllowDiscount>
      <itemStatus>1</itemStatus>
      <LastUpdateDate />
      <LastUpdateTime />
    </Product>
    <Product>
      <PriceUpdateDate>2019/11/05 10:58</PriceUpdateDate>
      <ItemCode>7290100859162</ItemCode>
      <ItemType>1</ItemType>
      <ItemName>מאגדת זוג שוקולד מריר 60%</ItemName>
      <ManufactureName>שטראוס גרופ בעמ</ManufactureName>
      <ManufactureCountry />
      <ManufactureItemDescription />
      <UnitQty>י"ח</UnitQty>
      <Quantity>200</Quantity>
      <UnitMeasure>ל  גרם</UnitMeasure>
      <BisWeighted>0</BisWeighted>
      <QtyInPackage>1</QtyInPackage>
      <ItemPrice>14.90</ItemPrice>
      <UnitOfMeasurePrice>7.45</UnitOfMeasurePrice>
      <AllowDiscount>1</AllowDiscount>
      <itemStatus>1</itemStatus>
      <LastUpdateDate />
      <LastUpdateTime />
    </Product>
    <Product>
      <PriceUpdateDate>2014/04/30 16:55</PriceUpdateDate>
      <ItemCode>7290100921012</ItemCode>
      <ItemType>1</ItemType>
      <ItemName>שמפו הוואי 2 ב -1700 מ"ל</ItemName>
      <ManufactureName>הנקל סוד בעמ</ManufactureName>
      <ManufactureCountry />
      <ManufactureItemDescription />
      <UnitQty>י"ח</UnitQty>
      <Quantity>700</Quantity>
      <UnitMeasure>ל  מ"ל</UnitMeasure>
      <BisWeighted>0</BisWeighted>
      <QtyInPackage>1</QtyInPackage>
      <ItemPrice>12.90</ItemPrice>
      <UnitOfMeasurePrice>1.84</UnitOfMeasurePrice>
      <AllowDiscount>1</AllowDiscount>
      <itemStatus>1</itemStatus>
      <LastUpdateDate />
      <LastUpdateTime />
    </Product>
    <Product>
      <PriceUpdateDate>2014/04/30 16:55</PriceUpdateDate>
      <ItemCode>7290100921111</ItemCode>
      <ItemType>1</ItemType>
      <ItemName>מרכך הוואי גלי/מסולסל</ItemName>
      <ManufactureName>הנקל סוד בעמ</ManufactureName>
      <ManufactureCountry />
      <ManufactureItemDescription />
      <UnitQty>י"ח</UnitQty>
      <Quantity>700</Quantity>
      <UnitMeasure>ל  מ"ל</UnitMeasure>
      <BisWeighted>0</BisWeighted>
      <QtyInPackage>1</QtyInPackage>
      <ItemPrice>12.90</ItemPrice>
      <UnitOfMeasurePrice>1.84</UnitOfMeasurePrice>
      <AllowDiscount>1</AllowDiscount>
      <itemStatus>1</itemStatus>
      <LastUpdateDate />
      <LastUpdateTime />
    </Product>
    <Product>
      <PriceUpdateDate>2014/04/30 16:55</PriceUpdateDate>
      <ItemCode>7290100921135</ItemCode>
      <ItemType>1</ItemType>
      <ItemName>שמפו יוגורט אלוורה</ItemName>
      <ManufactureName>הנקל סוד בעמ</ManufactureName>
      <ManufactureCountry />
      <ManufactureItemDescription />
      <UnitQty>י"ח</UnitQty>
      <Quantity>700</Quantity>
      <UnitMeasure>ל  מ"ל</UnitMeasure>
      <BisWeighted>0</BisWeighted>
      <QtyInPackage>1</QtyInPackage>
      <ItemPrice>12.90</ItemPrice>
      <UnitOfMeasurePrice>1.84</UnitOfMeasurePrice>
      <AllowDiscount>1</AllowDiscount>
      <itemStatus>1</itemStatus>
      <LastUpdateDate />
      <LastUpdateTime />
    </Product>
    <Product>
      <PriceUpdateDate>2014/04/30 16:55</PriceUpdateDate>
      <ItemCode>7290100921142</ItemCode>
      <ItemType>1</ItemType>
      <ItemName>מרכך הוואי 700 יוגורט</ItemName>
      <ManufactureName>הנקל סוד בעמ</ManufactureName>
      <ManufactureCountry />
      <ManufactureItemDescription />
      <UnitQty>י"ח</UnitQty>
      <Quantity>700</Quantity>
      <UnitMeasure>ל  מ"ל</UnitMeasure>
      <BisWeighted>0</BisWeighted>
      <QtyInPackage>1</QtyInPackage>
      <ItemPrice>12.90</ItemPrice>
      <UnitOfMeasurePrice>1.84</UnitOfMeasurePrice>
      <AllowDiscount>1</AllowDiscount>
      <itemStatus>1</itemStatus>
      <LastUpdateDate />
      <LastUpdateTime />
    </Product>
    <Product>
      <PriceUpdateDate>2014/04/30 16:55</PriceUpdateDate>
      <ItemCode>7290100921166</ItemCode>
      <ItemType>1</ItemType>
      <ItemName>הוואי קונדישנר סטרייט אנד גלוסי</ItemName>
      <ManufactureName>הנקל סוד בעמ</ManufactureName>
      <ManufactureCountry />
      <ManufactureItemDescription />
      <UnitQty>י"ח</UnitQty>
      <Quantity>700</Quantity>
      <UnitMeasure>ל  מ"ל</UnitMeasure>
      <BisWeighted>0</BisWeighted>
      <QtyInPackage>1</QtyInPackage>
      <ItemPrice>12.90</ItemPrice>
      <UnitOfMeasurePrice>1.84</UnitOfMeasurePrice>
      <AllowDiscount>1</AllowDiscount>
      <itemStatus>1</itemStatus>
      <LastUpdateDate />
      <LastUpdateTime />
    </Product>
    <Product>
      <PriceUpdateDate>2014/04/30 16:55</PriceUpdateDate>
      <ItemCode>7290100921173</ItemCode>
      <ItemType>1</ItemType>
      <ItemName>שמפו הוואי שמני הזנה 700מ"ל</ItemName>
      <ManufactureName>הנקל סוד בעמ</ManufactureName>
      <ManufactureCountry />
      <ManufactureItemDescription />
      <UnitQty>י"ח</UnitQty>
      <Quantity>700</Quantity>
      <UnitMeasure>ל  מ"ל</UnitMeasure>
      <BisWeighted>0</BisWeighted>
      <QtyInPackage>1</QtyInPackage>
      <ItemPrice>12.90</ItemPrice>
      <UnitOfMeasurePrice>1.84</UnitOfMeasurePrice>
      <AllowDiscount>1</AllowDiscount>
      <itemStatus>1</itemStatus>
      <LastUpdateDate />
      <LastUpdateTime />
    </Product>
    <Product>
      <PriceUpdateDate>2014/04/30 16:55</PriceUpdateDate>
      <ItemCode>7290100921180</ItemCode>
      <ItemType>1</ItemType>
      <ItemName>מרכך הוואי הזנה 700גר`</ItemName>
      <ManufactureName>הנקל סוד בעמ</ManufactureName>
      <ManufactureCountry />
      <ManufactureItemDescription />
      <UnitQty>י"ח</UnitQty>
      <Quantity>700</Quantity>
      <UnitMeasure>ל  מ"ל</UnitMeasure>
      <BisWeighted>0</BisWeighted>
      <QtyInPackage>1</QtyInPackage>
      <ItemPrice>12.90</ItemPrice>
      <UnitOfMeasurePrice>1.84</UnitOfMeasurePrice>
      <AllowDiscount>1</AllowDiscount>
      <itemStatus>1</itemStatus>
      <LastUpdateDate />
      <LastUpdateTime />
    </Product>
    <Product>
      <PriceUpdateDate>2014/04/30 16:55</PriceUpdateDate>
      <ItemCode>7290100921197</ItemCode>
      <ItemType>1</ItemType>
      <ItemName>שמפו הוואי 700מ"ל ביו רימון</ItemName>
      <ManufactureName>הנקל סוד בעמ</ManufactureName>
      <ManufactureCountry />
      <ManufactureItemDescription />
      <UnitQty>י"ח</UnitQty>
      <Quantity>700</Quantity>
      <UnitMeasure>ל  מ"ל</UnitMeasure>
      <BisWeighted>0</BisWeighted>
      <QtyInPackage>1</QtyInPackage>
      <ItemPrice>12.90</ItemPrice>
      <UnitOfMeasurePrice>1.84</UnitOfMeasurePrice>
      <AllowDiscount>1</AllowDiscount>
      <itemStatus>1</itemStatus>
      <LastUpdateDate />
      <LastUpdateTime />
    </Product>
    <Product>
      <PriceUpdateDate>2014/04/30 16:55</PriceUpdateDate>
      <ItemCode>7290100921203</ItemCode>
      <ItemType>1</ItemType>
      <ItemName>מרכך הוואי 700מ"ל ביו רימון</ItemName>
      <ManufactureName>הנקל סוד בעמ</ManufactureName>
      <ManufactureCountry />
      <ManufactureItemDescription />
      <UnitQty>י"ח</UnitQty>
      <Quantity>700</Quantity>
      <UnitMeasure>ל  מ"ל</UnitMeasure>
      <BisWeighted>0</BisWeighted>
      <QtyInPackage>1</QtyInPackage>
      <ItemPrice>12.90</ItemPrice>
      <UnitOfMeasurePrice>1.84</UnitOfMeasurePrice>
      <AllowDiscount>1</AllowDiscount>
      <itemStatus>1</itemStatus>
      <LastUpdateDate />
      <LastUpdateTime />
    </Product>
    <Product>
      <PriceUpdateDate>2014/04/30 16:55</PriceUpdateDate>
      <ItemCode>7290100921210</ItemCode>
      <ItemType>1</ItemType>
      <ItemName>שמפו סטרייט סופרפרוט 700מ"ל</ItemName>
      <ManufactureName>הנקל סוד בעמ</ManufactureName>
      <ManufactureCountry />
      <ManufactureItemDescription />
      <UnitQty>י"ח</UnitQty>
      <Quantity>700</Quantity>
      <UnitMeasure>ל  מ"ל</UnitMeasure>
      <BisWeighted>0</BisWeighted>
      <QtyInPackage>1</QtyInPackage>
      <ItemPrice>12.90</ItemPrice>
      <UnitOfMeasurePrice>1.84</UnitOfMeasurePrice>
      <AllowDiscount>1</AllowDiscount>
      <itemStatus>1</itemStatus>
      <LastUpdateDate />
      <LastUpdateTime />
    </Product>
    <Product>
      <PriceUpdateDate>2014/04/30 16:55</PriceUpdateDate>
      <ItemCode>7290100921258</ItemCode>
      <ItemType>1</ItemType>
      <ItemName>שמפו הוואי לשורשים 700מ"ל</ItemName>
      <ManufactureName>הנקל סוד בעמ</ManufactureName>
      <ManufactureCountry />
      <ManufactureItemDescription />
      <UnitQty>י"ח</UnitQty>
      <Quantity>700</Quantity>
      <UnitMeasure>ל  מ"ל</UnitMeasure>
      <BisWeighted>0</BisWeighted>
      <QtyInPackage>1</QtyInPackage>
      <ItemPrice>12.90</ItemPrice>
      <UnitOfMeasurePrice>1.84</UnitOfMeasurePrice>
      <AllowDiscount>1</AllowDiscount>
      <itemStatus>1</itemStatus>
      <LastUpdateDate />
      <LastUpdateTime />
    </Product>
    <Product>
      <PriceUpdateDate>2014/04/30 16:55</PriceUpdateDate>
      <ItemCode>7290100921265</ItemCode>
      <ItemType>1</ItemType>
      <ItemName>מרכך לשורשים 700מ"ל</ItemName>
      <ManufactureName>הנקל סוד בעמ</ManufactureName>
      <ManufactureCountry />
      <ManufactureItemDescription />
      <UnitQty>י"ח</UnitQty>
      <Quantity>700</Quantity>
      <UnitMeasure>ל  מ"ל</UnitMeasure>
      <BisWeighted>0</BisWeighted>
      <QtyInPackage>1</QtyInPackage>
      <ItemPrice>12.90</ItemPrice>
      <UnitOfMeasurePrice>1.84</UnitOfMeasurePrice>
      <AllowDiscount>1</AllowDiscount>
      <itemStatus>1</itemStatus>
      <LastUpdateDate />
      <LastUpdateTime />
    </Product>
    <Product>
      <PriceUpdateDate>2014/04/30 16:55</PriceUpdateDate>
      <ItemCode>7290100921517</ItemCode>
      <ItemType>1</ItemType>
      <ItemName>שמפו הוואי repair 700</ItemName>
      <ManufactureName>הנקל סוד בעמ</ManufactureName>
      <ManufactureCountry />
      <ManufactureItemDescription />
      <UnitQty>י"ח</UnitQty>
      <Quantity>700</Quantity>
      <UnitMeasure>ל  מ"ל</UnitMeasure>
      <BisWeighted>0</BisWeighted>
      <QtyInPackage>1</QtyInPackage>
      <ItemPrice>12.90</ItemPrice>
      <UnitOfMeasurePrice>1.84</UnitOfMeasurePrice>
      <AllowDiscount>1</AllowDiscount>
      <itemStatus>1</itemStatus>
      <LastUpdateDate />
      <LastUpdateTime />
    </Product>
    <Product>
      <PriceUpdateDate>2014/04/30 16:55</PriceUpdateDate>
      <ItemCode>7290100921524</ItemCode>
      <ItemType>1</ItemType>
      <ItemName>מרכך הוואי מפתח ומשקם 700</ItemName>
      <ManufactureName>הנקל סוד בעמ</ManufactureName>
      <ManufactureCountry />
      <ManufactureItemDescription />
      <UnitQty>י"ח</UnitQty>
      <Quantity>700</Quantity>
      <UnitMeasure>ל  מ"ל</UnitMeasure>
      <BisWeighted>0</BisWeighted>
      <QtyInPackage>1</QtyInPackage>
      <ItemPrice>12.90</ItemPrice>
      <UnitOfMeasurePrice>1.84</UnitOfMeasurePrice>
      <AllowDiscount>1</AllowDiscount>
      <itemStatus>1</itemStatus>
      <LastUpdateDate />
      <LastUpdateTime />
    </Product>
    <Product>
      <PriceUpdateDate>2015/02/18 08:25</PriceUpdateDate>
      <ItemCode>7290100921531</ItemCode>
      <ItemType>1</ItemType>
      <ItemName>תחליב רחצה חמאת שיאה</ItemName>
      <ManufactureName>הנקל סוד בעמ</ManufactureName>
      <ManufactureCountry />
      <ManufactureItemDescription />
      <UnitQty>י"ח</UnitQty>
      <Quantity>750</Quantity>
      <UnitMeasure>ל  מ"ל</UnitMeasure>
      <BisWeighted>0</BisWeighted>
      <QtyInPackage>1</QtyInPackage>
      <ItemPrice>11.90</ItemPrice>
      <UnitOfMeasurePrice>1.59</UnitOfMeasurePrice>
      <AllowDiscount>1</AllowDiscount>
      <itemStatus>1</itemStatus>
      <LastUpdateDate />
      <LastUpdateTime />
    </Product>
    <Product>
      <PriceUpdateDate>2015/01/25 10:01</PriceUpdateDate>
      <ItemCode>7290100921548</ItemCode>
      <ItemType>1</ItemType>
      <ItemName>תחליב רחצה הוואי פטל רימון 750 מ"ל</ItemName>
      <ManufactureName>הנקל סוד בעמ</ManufactureName>
      <ManufactureCountry />
      <ManufactureItemDescription />
      <UnitQty>י"ח</UnitQty>
      <Quantity>750</Quantity>
      <UnitMeasure>ל  מ"ל</UnitMeasure>
      <BisWeighted>0</BisWeighted>
      <QtyInPackage>1</QtyInPackage>
      <ItemPrice>11.90</ItemPrice>
      <UnitOfMeasurePrice>1.59</UnitOfMeasurePrice>
      <AllowDiscount>1</AllowDiscount>
      <itemStatus>1</itemStatus>
      <LastUpdateDate />
      <LastUpdateTime />
    </Product>
    <Product>
      <PriceUpdateDate>2014/12/17 10:36</PriceUpdateDate>
      <ItemCode>7290100921555</ItemCode>
      <ItemType>1</ItemType>
      <ItemName>תחליב רחצה  הוואי פסיפלורה 750 מ"ל</ItemName>
      <ManufactureName>הנקל סוד בעמ</ManufactureName>
      <ManufactureCountry />
      <ManufactureItemDescription />
      <UnitQty>י"ח</UnitQty>
      <Quantity>750</Quantity>
      <UnitMeasure>ל  מ"ל</UnitMeasure>
      <BisWeighted>0</BisWeighted>
      <QtyInPackage>1</QtyInPackage>
      <ItemPrice>10.90</ItemPrice>
      <UnitOfMeasurePrice>1.45</UnitOfMeasurePrice>
      <AllowDiscount>1</AllowDiscount>
      <itemStatus>1</itemStatus>
      <LastUpdateDate />
      <LastUpdateTime />
    </Product>
    <Product>
      <PriceUpdateDate>2018/12/21 09:36</PriceUpdateDate>
      <ItemCode>7290100921692</ItemCode>
      <ItemType>1</ItemType>
      <ItemName>מרכך מרוכז ארומתרפי אדום 900מ"ל</ItemName>
      <ManufactureName>גורי שיווק בעמ</ManufactureName>
      <ManufactureCountry />
      <ManufactureItemDescription />
      <UnitQty>י"ח</UnitQty>
      <Quantity>900</Quantity>
      <UnitMeasure>ל  מ"ל</UnitMeasure>
      <BisWeighted>0</BisWeighted>
      <QtyInPackage>1</QtyInPackage>
      <ItemPrice>12.90</ItemPrice>
      <UnitOfMeasurePrice>1.43</UnitOfMeasurePrice>
      <AllowDiscount>1</AllowDiscount>
      <itemStatus>1</itemStatus>
      <LastUpdateDate />
      <LastUpdateTime />
    </Product>
    <Product>
      <PriceUpdateDate>2013/12/24 14:34</PriceUpdateDate>
      <ItemCode>7290100921715</ItemCode>
      <ItemType>1</ItemType>
      <ItemName>סבון מוצק הוואי רבעייה קוקוס וחמאת קקא</ItemName>
      <ManufactureName>הנקל סוד בעמ</ManufactureName>
      <ManufactureCountry />
      <ManufactureItemDescription />
      <UnitQty>י"ח</UnitQty>
      <Quantity>400</Quantity>
      <UnitMeasure>ל  גרם</UnitMeasure>
      <BisWeighted>0</BisWeighted>
      <QtyInPackage>1</QtyInPackage>
      <ItemPrice>15</ItemPrice>
      <UnitOfMeasurePrice>3.75</UnitOfMeasurePrice>
      <AllowDiscount>1</AllowDiscount>
      <itemStatus>1</itemStatus>
      <LastUpdateDate />
      <LastUpdateTime />
    </Product>
    <Product>
      <PriceUpdateDate>2013/12/24 14:34</PriceUpdateDate>
      <ItemCode>7290100921722</ItemCode>
      <ItemType>1</ItemType>
      <ItemName>סבון מוצק הוואי רבעייה שמני הנה מגנול</ItemName>
      <ManufactureName>הנקל סוד בעמ</ManufactureName>
      <ManufactureCountry />
      <ManufactureItemDescription />
      <UnitQty>י"ח</UnitQty>
      <Quantity>400</Quantity>
      <UnitMeasure>ל  גרם</UnitMeasure>
      <BisWeighted>0</BisWeighted>
      <QtyInPackage>1</QtyInPackage>
      <ItemPrice>15</ItemPrice>
      <UnitOfMeasurePrice>3.75</UnitOfMeasurePrice>
      <AllowDiscount>1</AllowDiscount>
      <itemStatus>1</itemStatus>
      <LastUpdateDate />
      <LastUpdateTime />
    </Product>
    <Product>
      <PriceUpdateDate>2015/01/25 10:01</PriceUpdateDate>
      <ItemCode>7290100921784</ItemCode>
      <ItemType>1</ItemType>
      <ItemName>ג`ל רחצה ויטמינים מטפחים 750 מ"ל</ItemName>
      <ManufactureName>הנקל סוד בעמ</ManufactureName>
      <ManufactureCountry />
      <ManufactureItemDescription />
      <UnitQty>י"ח</UnitQty>
      <Quantity>750</Quantity>
      <UnitMeasure>ל  מ"ל</UnitMeasure>
      <BisWeighted>0</BisWeighted>
      <QtyInPackage>1</QtyInPackage>
      <ItemPrice>11.90</ItemPrice>
      <UnitOfMeasurePrice>1.59</UnitOfMeasurePrice>
      <AllowDiscount>1</AllowDiscount>
      <itemStatus>1</itemStatus>
      <LastUpdateDate />
      <LastUpdateTime />
    </Product>
    <Product>
      <PriceUpdateDate>2015/01/25 10:01</PriceUpdateDate>
      <ItemCode>7290100921791</ItemCode>
      <ItemType>1</ItemType>
      <ItemName>ג`ל רחצה בניחוח ויטמינים מטפחים 750 מ"</ItemName>
      <ManufactureName>הנקל סוד בעמ</ManufactureName>
      <ManufactureCountry />
      <ManufactureItemDescription />
      <UnitQty>י"ח</UnitQty>
      <Quantity>750</Quantity>
      <UnitMeasure>ל  מ"ל</UnitMeasure>
      <BisWeighted>0</BisWeighted>
      <QtyInPackage>1</QtyInPackage>
      <ItemPrice>11.90</ItemPrice>
      <UnitOfMeasurePrice>1.59</UnitOfMeasurePrice>
      <AllowDiscount>1</AllowDiscount>
      <itemStatus>1</itemStatus>
      <LastUpdateDate />
      <LastUpdateTime />
    </Product>
    <Product>
      <PriceUpdateDate>2014/10/01 13:41</PriceUpdateDate>
      <ItemCode>7290100921807</ItemCode>
      <ItemType>1</ItemType>
      <ItemName>רביעה סבון הוואי בניחוח אשכולית א 100 ג`</ItemName>
      <ManufactureName>הנקל סוד בעמ</ManufactureName>
      <ManufactureCountry />
      <ManufactureItemDescription />
      <UnitQty>י"ח</UnitQty>
      <Quantity>400</Quantity>
      <UnitMeasure>ל  גרם</UnitMeasure>
      <BisWeighted>0</BisWeighted>
      <QtyInPackage>1</QtyInPackage>
      <ItemPrice>15</ItemPrice>
      <UnitOfMeasurePrice>3.75</UnitOfMeasurePrice>
      <AllowDiscount>1</AllowDiscount>
      <itemStatus>1</itemStatus>
      <LastUpdateDate />
      <LastUpdateTime />
    </Product>
    <Product>
      <PriceUpdateDate>2016/03/07 14:34</PriceUpdateDate>
      <ItemCode>7290100921814</ItemCode>
      <ItemType>1</ItemType>
      <ItemName>רבעיה סבון הוואי מוצק אשכולית אדומה</ItemName>
      <ManufactureName>הנקל סוד בעמ</ManufactureName>
      <ManufactureCountry />
      <ManufactureItemDescription />
      <UnitQty>י"ח</UnitQty>
      <Quantity>400</Quantity>
      <UnitMeasure>ל  גרם</UnitMeasure>
      <BisWeighted>0</BisWeighted>
      <QtyInPackage>1</QtyInPackage>
      <ItemPrice>14</ItemPrice>
      <UnitOfMeasurePrice>3.50</UnitOfMeasurePrice>
      <AllowDiscount>1</AllowDiscount>
      <itemStatus>1</itemStatus>
      <LastUpdateDate />
      <LastUpdateTime />
    </Product>
    <Product>
      <PriceUpdateDate>2015/01/25 10:01</PriceUpdateDate>
      <ItemCode>7290100921937</ItemCode>
      <ItemType>1</ItemType>
      <ItemName>תחליב רחצה הוואי 1ליטר</ItemName>
      <ManufactureName>הנקל סוד בעמ</ManufactureName>
      <ManufactureCountry />
      <ManufactureItemDescription />
      <UnitQty>י"ח</UnitQty>
      <Quantity>1</Quantity>
      <UnitMeasure>ליטר</UnitMeasure>
      <BisWeighted>0</BisWeighted>
      <QtyInPackage>1</QtyInPackage>
      <ItemPrice>11.90</ItemPrice>
      <UnitOfMeasurePrice>11.90</UnitOfMeasurePrice>
      <AllowDiscount>1</AllowDiscount>
      <itemStatus>1</itemStatus>
      <LastUpdateDate />
      <LastUpdateTime />
    </Product>
    <Product>
      <PriceUpdateDate>2013/12/24 14:34</PriceUpdateDate>
      <ItemCode>7290100922118</ItemCode>
      <ItemType>1</ItemType>
      <ItemName>רביעה סבון הוואי יוגורט וניל דבש 100 ג</ItemName>
      <ManufactureName>הנקל סוד בעמ</ManufactureName>
      <ManufactureCountry />
      <ManufactureItemDescription />
      <UnitQty>י"ח</UnitQty>
      <Quantity>400</Quantity>
      <UnitMeasure>ל  גרם</UnitMeasure>
      <BisWeighted>0</BisWeighted>
      <QtyInPackage>1</QtyInPackage>
      <ItemPrice>15</ItemPrice>
      <UnitOfMeasurePrice>3.75</UnitOfMeasurePrice>
      <AllowDiscount>1</AllowDiscount>
      <itemStatus>1</itemStatus>
      <LastUpdateDate />
      <LastUpdateTime />
    </Product>
    <Product>
      <PriceUpdateDate>2013/12/24 14:34</PriceUpdateDate>
      <ItemCode>7290100922125</ItemCode>
      <ItemType>1</ItemType>
      <ItemName>רבעיה סבון הוואי אלוורה</ItemName>
      <ManufactureName>הנקל סוד בעמ</ManufactureName>
      <ManufactureCountry />
      <ManufactureItemDescription />
      <UnitQty>י"ח</UnitQty>
      <Quantity>400</Quantity>
      <UnitMeasure>ל  גרם</UnitMeasure>
      <BisWeighted>0</BisWeighted>
      <QtyInPackage>1</QtyInPackage>
      <ItemPrice>15</ItemPrice>
      <UnitOfMeasurePrice>3.75</UnitOfMeasurePrice>
      <AllowDiscount>1</AllowDiscount>
      <itemStatus>1</itemStatus>
      <LastUpdateDate />
      <LastUpdateTime />
    </Product>
    <Product>
      <PriceUpdateDate>2013/12/24 14:34</PriceUpdateDate>
      <ItemCode>7290100922132</ItemCode>
      <ItemType>1</ItemType>
      <ItemName>סבון מוצק רבעייה הוואי  יוגורט קוקוס</ItemName>
      <ManufactureName>הנקל סוד בעמ</ManufactureName>
      <ManufactureCountry />
      <ManufactureItemDescription />
      <UnitQty>י"ח</UnitQty>
      <Quantity>400</Quantity>
      <UnitMeasure>ל  גרם</UnitMeasure>
      <BisWeighted>0</BisWeighted>
      <QtyInPackage>1</QtyInPackage>
      <ItemPrice>15</ItemPrice>
      <UnitOfMeasurePrice>3.75</UnitOfMeasurePrice>
      <AllowDiscount>1</AllowDiscount>
      <itemStatus>1</itemStatus>
      <LastUpdateDate />
      <LastUpdateTime />
    </Product>
    <Product>
      <PriceUpdateDate>2014/10/01 13:41</PriceUpdateDate>
      <ItemCode>7290100922309</ItemCode>
      <ItemType>1</ItemType>
      <ItemName>סבון מוצק הוואי רבעייה PINK PASSION</ItemName>
      <ManufactureName>הנקל סוד בעמ</ManufactureName>
      <ManufactureCountry />
      <ManufactureItemDescription />
      <UnitQty>י"ח</UnitQty>
      <Quantity>400</Quantity>
      <UnitMeasure>ל  גרם</UnitMeasure>
      <BisWeighted>0</BisWeighted>
      <QtyInPackage>1</QtyInPackage>
      <ItemPrice>15</ItemPrice>
      <UnitOfMeasurePrice>3.75</UnitOfMeasurePrice>
      <AllowDiscount>1</AllowDiscount>
      <itemStatus>1</itemStatus>
      <LastUpdateDate />
      <LastUpdateTime />
    </Product>
    <Product>
      <PriceUpdateDate>2015/01/25 10:01</PriceUpdateDate>
      <ItemCode>7290100922316</ItemCode>
      <ItemType>1</ItemType>
      <ItemName>ג`ל רחצה לטיפול אינטנסיבי PINK PASSION</ItemName>
      <ManufactureName>הנקל סוד בעמ</ManufactureName>
      <ManufactureCountry />
      <ManufactureItemDescription />
      <UnitQty>י"ח</UnitQty>
      <Quantity>750</Quantity>
      <UnitMeasure>ל  מ"ל</UnitMeasure>
      <BisWeighted>0</BisWeighted>
      <QtyInPackage>1</QtyInPackage>
      <ItemPrice>11.90</ItemPrice>
      <UnitOfMeasurePrice>1.59</UnitOfMeasurePrice>
      <AllowDiscount>1</AllowDiscount>
      <itemStatus>1</itemStatus>
      <LastUpdateDate />
      <LastUpdateTime />
    </Product>
    <Product>
      <PriceUpdateDate>2014/10/01 13:41</PriceUpdateDate>
      <ItemCode>7290100922354</ItemCode>
      <ItemType>1</ItemType>
      <ItemName>סבון מוצק רבעיה הוואי PINK PASSION</ItemName>
      <ManufactureName>הנקל סוד בעמ</ManufactureName>
      <ManufactureCountry />
      <ManufactureItemDescription />
      <UnitQty>י"ח</UnitQty>
      <Quantity>400</Quantity>
      <UnitMeasure>ל  גרם</UnitMeasure>
      <BisWeighted>0</BisWeighted>
      <QtyInPackage>1</QtyInPackage>
      <ItemPrice>15</ItemPrice>
      <UnitOfMeasurePrice>3.75</UnitOfMeasurePrice>
      <AllowDiscount>1</AllowDiscount>
      <itemStatus>1</itemStatus>
      <LastUpdateDate />
      <LastUpdateTime />
    </Product>
    <Product>
      <PriceUpdateDate>2015/02/17 07:57</PriceUpdateDate>
      <ItemCode>7290100922408</ItemCode>
      <ItemType>1</ItemType>
      <ItemName>ג`ל רחצה הוואי נקטר  750 מ"ל</ItemName>
      <ManufactureName>הנקל סוד בעמ</ManufactureName>
      <ManufactureCountry />
      <ManufactureItemDescription />
      <UnitQty>י"ח</UnitQty>
      <Quantity>750</Quantity>
      <UnitMeasure>ל  מ"ל</UnitMeasure>
      <BisWeighted>0</BisWeighted>
      <QtyInPackage>1</QtyInPackage>
      <ItemPrice>11.90</ItemPrice>
      <UnitOfMeasurePrice>1.59</UnitOfMeasurePrice>
      <AllowDiscount>1</AllowDiscount>
      <itemStatus>1</itemStatus>
      <LastUpdateDate />
      <LastUpdateTime />
    </Product>
    <Product>
      <PriceUpdateDate>2014/04/30 16:55</PriceUpdateDate>
      <ItemCode>7290100922507</ItemCode>
      <ItemType>1</ItemType>
      <ItemName>שמפו הוואי קוטון  פרש 700מ"ל</ItemName>
      <ManufactureName>הנקל סוד בעמ</ManufactureName>
      <ManufactureCountry />
      <ManufactureItemDescription />
      <UnitQty>י"ח</UnitQty>
      <Quantity>700</Quantity>
      <UnitMeasure>ל  מ"ל</UnitMeasure>
      <BisWeighted>0</BisWeighted>
      <QtyInPackage>1</QtyInPackage>
      <ItemPrice>12.90</ItemPrice>
      <UnitOfMeasurePrice>1.84</UnitOfMeasurePrice>
      <AllowDiscount>1</AllowDiscount>
      <itemStatus>1</itemStatus>
      <LastUpdateDate />
      <LastUpdateTime />
    </Product>
    <Product>
      <PriceUpdateDate>2015/02/17 07:57</PriceUpdateDate>
      <ItemCode>7290100922514</ItemCode>
      <ItemType>1</ItemType>
      <ItemName>תחליב רחצה יוגורט שקדים</ItemName>
      <ManufactureName>הנקל סוד בעמ</ManufactureName>
      <ManufactureCountry />
      <ManufactureItemDescription />
      <UnitQty>י"ח</UnitQty>
      <Quantity>750</Quantity>
      <UnitMeasure>ל  מ"ל</UnitMeasure>
      <BisWeighted>0</BisWeighted>
      <QtyInPackage>1</QtyInPackage>
      <ItemPrice>11.90</ItemPrice>
      <UnitOfMeasurePrice>1.59</UnitOfMeasurePrice>
      <AllowDiscount>1</AllowDiscount>
      <itemStatus>1</itemStatus>
      <LastUpdateDate />
      <LastUpdateTime />
    </Product>
    <Product>
      <PriceUpdateDate>2016/03/07 14:34</PriceUpdateDate>
      <ItemCode>7290100922538</ItemCode>
      <ItemType>1</ItemType>
      <ItemName>רבעיה סבון הוואי יוגורט אלמונד</ItemName>
      <ManufactureName>הנקל סוד בעמ</ManufactureName>
      <ManufactureCountry />
      <ManufactureItemDescription />
      <UnitQty>י"ח</UnitQty>
      <Quantity>400</Quantity>
      <UnitMeasure>ל  גרם</UnitMeasure>
      <BisWeighted>0</BisWeighted>
      <QtyInPackage>1</QtyInPackage>
      <ItemPrice>14</ItemPrice>
      <UnitOfMeasurePrice>3.50</UnitOfMeasurePrice>
      <AllowDiscount>1</AllowDiscount>
      <itemStatus>1</itemStatus>
      <LastUpdateDate />
      <LastUpdateTime />
    </Product>
    <Product>
      <PriceUpdateDate>2016/04/11 14:47</PriceUpdateDate>
      <ItemCode>7290100922620</ItemCode>
      <ItemType>1</ItemType>
      <ItemName>תחליב ג`ל רחצה מי קוקוס</ItemName>
      <ManufactureName>הנקל סוד בעמ</ManufactureName>
      <ManufactureCountry />
      <ManufactureItemDescription />
      <UnitQty>י"ח</UnitQty>
      <Quantity>750</Quantity>
      <UnitMeasure>ל  מ"ל</UnitMeasure>
      <BisWeighted>0</BisWeighted>
      <QtyInPackage>1</QtyInPackage>
      <ItemPrice>10.90</ItemPrice>
      <UnitOfMeasurePrice>1.45</UnitOfMeasurePrice>
      <AllowDiscount>1</AllowDiscount>
      <itemStatus>1</itemStatus>
      <LastUpdateDate />
      <LastUpdateTime />
    </Product>
    <Product>
      <PriceUpdateDate>2019/02/10 11:26</PriceUpdateDate>
      <ItemCode>7290100922637</ItemCode>
      <ItemType>1</ItemType>
      <ItemName>הוואי אל סבון נוזלי מי קוקוס 3*500מ"ל</ItemName>
      <ManufactureName>הנקל סוד בעמ</ManufactureName>
      <ManufactureCountry />
      <ManufactureItemDescription />
      <UnitQty>י"ח</UnitQty>
      <Quantity>1.50</Quantity>
      <UnitMeasure>ליטר</UnitMeasure>
      <BisWeighted>0</BisWeighted>
      <QtyInPackage>1</QtyInPackage>
      <ItemPrice>17.90</ItemPrice>
      <UnitOfMeasurePrice>11.93</UnitOfMeasurePrice>
      <AllowDiscount>1</AllowDiscount>
      <itemStatus>1</itemStatus>
      <LastUpdateDate />
      <LastUpdateTime />
    </Product>
    <Product>
      <PriceUpdateDate>2016/11/08 09:25</PriceUpdateDate>
      <ItemCode>7290100922651</ItemCode>
      <ItemType>1</ItemType>
      <ItemName>סבון מוצק הוואי  רבעייה מי קוקוס 100</ItemName>
      <ManufactureName>הנקל סוד בעמ</ManufactureName>
      <ManufactureCountry />
      <ManufactureItemDescription />
      <UnitQty>י"ח</UnitQty>
      <Quantity>400</Quantity>
      <UnitMeasure>ל  גרם</UnitMeasure>
      <BisWeighted>0</BisWeighted>
      <QtyInPackage>1</QtyInPackage>
      <ItemPrice>14</ItemPrice>
      <UnitOfMeasurePrice>3.50</UnitOfMeasurePrice>
      <AllowDiscount>1</AllowDiscount>
      <itemStatus>1</itemStatus>
      <LastUpdateDate />
      <LastUpdateTime />
    </Product>
    <Product>
      <PriceUpdateDate>2016/08/17 11:00</PriceUpdateDate>
      <ItemCode>7290100922668</ItemCode>
      <ItemType>1</ItemType>
      <ItemName>הוואי קרם רחצה רגעים בגן עדן</ItemName>
      <ManufactureName>הנקל סוד בעמ</ManufactureName>
      <ManufactureCountry />
      <ManufactureItemDescription />
      <UnitQty>י"ח</UnitQty>
      <Quantity>750</Quantity>
      <UnitMeasure>ל  מ"ל</UnitMeasure>
      <BisWeighted>0</BisWeighted>
      <QtyInPackage>1</QtyInPackage>
      <ItemPrice>10.90</ItemPrice>
      <UnitOfMeasurePrice>1.45</UnitOfMeasurePrice>
      <AllowDiscount>1</AllowDiscount>
      <itemStatus>1</itemStatus>
      <LastUpdateDate />
      <LastUpdateTime />
    </Product>
    <Product>
      <PriceUpdateDate>2016/10/20 07:04</PriceUpdateDate>
      <ItemCode>7290100922699</ItemCode>
      <ItemType>1</ItemType>
      <ItemName>אל סבון הוואי לבנות 700</ItemName>
      <ManufactureName>הנקל סוד בעמ</ManufactureName>
      <ManufactureCountry />
      <ManufactureItemDescription />
      <UnitQty>י"ח</UnitQty>
      <Quantity>700</Quantity>
      <UnitMeasure>ל  מ"ל</UnitMeasure>
      <BisWeighted>0</BisWeighted>
      <QtyInPackage>1</QtyInPackage>
      <ItemPrice>14.90</ItemPrice>
      <UnitOfMeasurePrice>2.13</UnitOfMeasurePrice>
      <AllowDiscount>1</AllowDiscount>
      <itemStatus>1</itemStatus>
      <LastUpdateDate />
      <LastUpdateTime />
    </Product>
    <Product>
      <PriceUpdateDate>2016/10/20 07:04</PriceUpdateDate>
      <ItemCode>7290100922705</ItemCode>
      <ItemType>1</ItemType>
      <ItemName>אל סבון הוואי לבנים 700</ItemName>
      <ManufactureName>הנקל סוד בעמ</ManufactureName>
      <ManufactureCountry />
      <ManufactureItemDescription />
      <UnitQty>י"ח</UnitQty>
      <Quantity>700</Quantity>
      <UnitMeasure>ל  מ"ל</UnitMeasure>
      <BisWeighted>0</BisWeighted>
      <QtyInPackage>1</QtyInPackage>
      <ItemPrice>14.90</ItemPrice>
      <UnitOfMeasurePrice>2.13</UnitOfMeasurePrice>
      <AllowDiscount>1</AllowDiscount>
      <itemStatus>1</itemStatus>
      <LastUpdateDate />
      <LastUpdateTime />
    </Product>
    <Product>
      <PriceUpdateDate>2014/12/18 10:09</PriceUpdateDate>
      <ItemCode>7290100923108</ItemCode>
      <ItemType>1</ItemType>
      <ItemName>תחליב רחצה יוגורט וניל</ItemName>
      <ManufactureName>הנקל סוד בעמ</ManufactureName>
      <ManufactureCountry />
      <ManufactureItemDescription />
      <UnitQty>י"ח</UnitQty>
      <Quantity>750</Quantity>
      <UnitMeasure>ל  מ"ל</UnitMeasure>
      <BisWeighted>0</BisWeighted>
      <QtyInPackage>1</QtyInPackage>
      <ItemPrice>10.90</ItemPrice>
      <UnitOfMeasurePrice>1.45</UnitOfMeasurePrice>
      <AllowDiscount>1</AllowDiscount>
      <itemStatus>1</itemStatus>
      <LastUpdateDate />
      <LastUpdateTime />
    </Product>
    <Product>
      <PriceUpdateDate>2015/02/18 08:25</PriceUpdateDate>
      <ItemCode>7290100923115</ItemCode>
      <ItemType>1</ItemType>
      <ItemName>תחליב רחצה יוגורט אלוורה</ItemName>
      <ManufactureName>הנקל סוד בעמ</ManufactureName>
      <ManufactureCountry />
      <ManufactureItemDescription />
      <UnitQty>י"ח</UnitQty>
      <Quantity>750</Quantity>
      <UnitMeasure>ל  מ"ל</UnitMeasure>
      <BisWeighted>0</BisWeighted>
      <QtyInPackage>1</QtyInPackage>
      <ItemPrice>11.90</ItemPrice>
      <UnitOfMeasurePrice>1.59</UnitOfMeasurePrice>
      <AllowDiscount>1</AllowDiscount>
      <itemStatus>1</itemStatus>
      <LastUpdateDate />
      <LastUpdateTime />
    </Product>
    <Product>
      <PriceUpdateDate>2015/01/25 10:01</PriceUpdateDate>
      <ItemCode>7290100923122</ItemCode>
      <ItemType>1</ItemType>
      <ItemName>תחליב רחצה יוגורט קוקוס</ItemName>
      <ManufactureName>הנקל סוד בעמ</ManufactureName>
      <ManufactureCountry />
      <ManufactureItemDescription />
      <UnitQty>י"ח</UnitQty>
      <Quantity>750</Quantity>
      <UnitMeasure>ל  מ"ל</UnitMeasure>
      <BisWeighted>0</BisWeighted>
      <QtyInPackage>1</QtyInPackage>
      <ItemPrice>11.90</ItemPrice>
      <UnitOfMeasurePrice>1.59</UnitOfMeasurePrice>
      <AllowDiscount>1</AllowDiscount>
      <itemStatus>1</itemStatus>
      <LastUpdateDate />
      <LastUpdateTime />
    </Product>
    <Product>
      <PriceUpdateDate>2015/02/18 08:25</PriceUpdateDate>
      <ItemCode>7290100923139</ItemCode>
      <ItemType>1</ItemType>
      <ItemName>תחליב רחצה יוגורט אפרסק</ItemName>
      <ManufactureName>הנקל סוד בעמ</ManufactureName>
      <ManufactureCountry />
      <ManufactureItemDescription />
      <UnitQty>י"ח</UnitQty>
      <Quantity>750</Quantity>
      <UnitMeasure>ל  מ"ל</UnitMeasure>
      <BisWeighted>0</BisWeighted>
      <QtyInPackage>1</QtyInPackage>
      <ItemPrice>11.90</ItemPrice>
      <UnitOfMeasurePrice>1.59</UnitOfMeasurePrice>
      <AllowDiscount>1</AllowDiscount>
      <itemStatus>1</itemStatus>
      <LastUpdateDate />
      <LastUpdateTime />
    </Product>
    <Product>
      <PriceUpdateDate>2015/01/25 10:01</PriceUpdateDate>
      <ItemCode>7290100923146</ItemCode>
      <ItemType>1</ItemType>
      <ItemName>תחליב רחצה 750מ"ל מגנוליה ופרוטאין משי</ItemName>
      <ManufactureName>הנקל סוד בעמ</ManufactureName>
      <ManufactureCountry />
      <ManufactureItemDescription />
      <UnitQty>י"ח</UnitQty>
      <Quantity>750</Quantity>
      <UnitMeasure>ל  מ"ל</UnitMeasure>
      <BisWeighted>0</BisWeighted>
      <QtyInPackage>1</QtyInPackage>
      <ItemPrice>11.90</ItemPrice>
      <UnitOfMeasurePrice>1.59</UnitOfMeasurePrice>
      <AllowDiscount>1</AllowDiscount>
      <itemStatus>1</itemStatus>
      <LastUpdateDate />
      <LastUpdateTime />
    </Product>
    <Product>
      <PriceUpdateDate>2015/01/25 10:01</PriceUpdateDate>
      <ItemCode>7290100923153</ItemCode>
      <ItemType>1</ItemType>
      <ItemName>תחליב רחצה הוואי קוקוס וחמאת קקאו 750</ItemName>
      <ManufactureName>הנקל סוד בעמ</ManufactureName>
      <ManufactureCountry />
      <ManufactureItemDescription />
      <UnitQty>י"ח</UnitQty>
      <Quantity>750</Quantity>
      <UnitMeasure>ל  מ"ל</UnitMeasure>
      <BisWeighted>0</BisWeighted>
      <QtyInPackage>1</QtyInPackage>
      <ItemPrice>11.90</ItemPrice>
      <UnitOfMeasurePrice>1.59</UnitOfMeasurePrice>
      <AllowDiscount>1</AllowDiscount>
      <itemStatus>1</itemStatus>
      <LastUpdateDate />
      <LastUpdateTime />
    </Product>
    <Product>
      <PriceUpdateDate>2015/02/18 08:25</PriceUpdateDate>
      <ItemCode>7290100923160</ItemCode>
      <ItemType>1</ItemType>
      <ItemName>גל רחצה הוואי רויאל</ItemName>
      <ManufactureName>הנקל סוד בעמ</ManufactureName>
      <ManufactureCountry />
      <ManufactureItemDescription />
      <UnitQty>י"ח</UnitQty>
      <Quantity>750</Quantity>
      <UnitMeasure>ל  מ"ל</UnitMeasure>
      <BisWeighted>0</BisWeighted>
      <QtyInPackage>1</QtyInPackage>
      <ItemPrice>11.90</ItemPrice>
      <UnitOfMeasurePrice>1.59</UnitOfMeasurePrice>
      <AllowDiscount>1</AllowDiscount>
      <itemStatus>1</itemStatus>
      <LastUpdateDate />
      <LastUpdateTime />
    </Product>
    <Product>
      <PriceUpdateDate>2015/01/25 10:01</PriceUpdateDate>
      <ItemCode>7290100923177</ItemCode>
      <ItemType>1</ItemType>
      <ItemName>גל רחצה הוואי רויאל</ItemName>
      <ManufactureName>הנקל סוד בעמ</ManufactureName>
      <ManufactureCountry />
      <ManufactureItemDescription />
      <UnitQty>י"ח</UnitQty>
      <Quantity>750</Quantity>
      <UnitMeasure>ל  מ"ל</UnitMeasure>
      <BisWeighted>0</BisWeighted>
      <QtyInPackage>1</QtyInPackage>
      <ItemPrice>11.90</ItemPrice>
      <UnitOfMeasurePrice>1.59</UnitOfMeasurePrice>
      <AllowDiscount>1</AllowDiscount>
      <itemStatus>1</itemStatus>
      <LastUpdateDate />
      <LastUpdateTime />
    </Product>
    <Product>
      <PriceUpdateDate>2017/07/17 08:27</PriceUpdateDate>
      <ItemCode>7290100924457</ItemCode>
      <ItemType>1</ItemType>
      <ItemName>סוד סבון אסלה מארז 1/3 לימון</ItemName>
      <ManufactureName>גורי שיווק בעמ</ManufactureName>
      <ManufactureCountry />
      <ManufactureItemDescription />
      <UnitQty>י"ח</UnitQty>
      <Quantity>750</Quantity>
      <UnitMeasure>ל  מ"ל</UnitMeasure>
      <BisWeighted>0</BisWeighted>
      <QtyInPackage>1</QtyInPackage>
      <ItemPrice>19.90</ItemPrice>
      <UnitOfMeasurePrice>2.65</UnitOfMeasurePrice>
      <AllowDiscount>1</AllowDiscount>
      <itemStatus>1</itemStatus>
      <LastUpdateDate />
      <LastUpdateTime />
    </Product>
    <Product>
      <PriceUpdateDate>2017/07/17 08:27</PriceUpdateDate>
      <ItemCode>7290100924464</ItemCode>
      <ItemType>1</ItemType>
      <ItemName>סוד סבון אסלה מארז 1/3 אקונומיקה</ItemName>
      <ManufactureName>גורי שיווק בעמ</ManufactureName>
      <ManufactureCountry />
      <ManufactureItemDescription />
      <UnitQty>י"ח</UnitQty>
      <Quantity>750</Quantity>
      <UnitMeasure>ל  מ"ל</UnitMeasure>
      <BisWeighted>0</BisWeighted>
      <QtyInPackage>1</QtyInPackage>
      <ItemPrice>19.90</ItemPrice>
      <UnitOfMeasurePrice>2.65</UnitOfMeasurePrice>
      <AllowDiscount>1</AllowDiscount>
      <itemStatus>1</itemStatus>
      <LastUpdateDate />
      <LastUpdateTime />
    </Product>
    <Product>
      <PriceUpdateDate>2016/05/11 11:18</PriceUpdateDate>
      <ItemCode>7290100924549</ItemCode>
      <ItemType>1</ItemType>
      <ItemName>סוד נוזל רצפות ורוד בריליאנט 1.250ליטר</ItemName>
      <ManufactureName>גורי שיווק בעמ</ManufactureName>
      <ManufactureCountry />
      <ManufactureItemDescription />
      <UnitQty>י"ח</UnitQty>
      <Quantity>1.50</Quantity>
      <UnitMeasure>ליטר</UnitMeasure>
      <BisWeighted>0</BisWeighted>
      <QtyInPackage>1</QtyInPackage>
      <ItemPrice>17.90</ItemPrice>
      <UnitOfMeasurePrice>11.93</UnitOfMeasurePrice>
      <AllowDiscount>1</AllowDiscount>
      <itemStatus>1</itemStatus>
      <LastUpdateDate />
      <LastUpdateTime />
    </Product>
    <Product>
      <PriceUpdateDate>2016/05/11 11:18</PriceUpdateDate>
      <ItemCode>7290100924556</ItemCode>
      <ItemType>1</ItemType>
      <ItemName>סוד נוזל רצפות כחול בריליאנט 1.250ליטר</ItemName>
      <ManufactureName>גורי שיווק בעמ</ManufactureName>
      <ManufactureCountry />
      <ManufactureItemDescription />
      <UnitQty>י"ח</UnitQty>
      <Quantity>1.50</Quantity>
      <UnitMeasure>ליטר</UnitMeasure>
      <BisWeighted>0</BisWeighted>
      <QtyInPackage>1</QtyInPackage>
      <ItemPrice>17.90</ItemPrice>
      <UnitOfMeasurePrice>11.93</UnitOfMeasurePrice>
      <AllowDiscount>1</AllowDiscount>
      <itemStatus>1</itemStatus>
      <LastUpdateDate />
      <LastUpdateTime />
    </Product>
    <Product>
      <PriceUpdateDate>2018/12/21 09:36</PriceUpdateDate>
      <ItemCode>7290100924594</ItemCode>
      <ItemType>1</ItemType>
      <ItemName>מרכך מרוכז ורוד 900מ"ל</ItemName>
      <ManufactureName>גורי שיווק בעמ</ManufactureName>
      <ManufactureCountry />
      <ManufactureItemDescription />
      <UnitQty>י"ח</UnitQty>
      <Quantity>900</Quantity>
      <UnitMeasure>ל  מ"ל</UnitMeasure>
      <BisWeighted>0</BisWeighted>
      <QtyInPackage>1</QtyInPackage>
      <ItemPrice>12.90</ItemPrice>
      <UnitOfMeasurePrice>1.43</UnitOfMeasurePrice>
      <AllowDiscount>1</AllowDiscount>
      <itemStatus>1</itemStatus>
      <LastUpdateDate />
      <LastUpdateTime />
    </Product>
    <Product>
      <PriceUpdateDate>2018/12/21 09:36</PriceUpdateDate>
      <ItemCode>7290100924600</ItemCode>
      <ItemType>1</ItemType>
      <ItemName>מרכך מרוכז כחול 900מ"ל</ItemName>
      <ManufactureName>גורי שיווק בעמ</ManufactureName>
      <ManufactureCountry />
      <ManufactureItemDescription />
      <UnitQty>י"ח</UnitQty>
      <Quantity>900</Quantity>
      <UnitMeasure>ל  מ"ל</UnitMeasure>
      <BisWeighted>0</BisWeighted>
      <QtyInPackage>1</QtyInPackage>
      <ItemPrice>12.90</ItemPrice>
      <UnitOfMeasurePrice>1.43</UnitOfMeasurePrice>
      <AllowDiscount>1</AllowDiscount>
      <itemStatus>1</itemStatus>
      <LastUpdateDate />
      <LastUpdateTime />
    </Product>
    <Product>
      <PriceUpdateDate>2018/12/21 09:36</PriceUpdateDate>
      <ItemCode>7290100924617</ItemCode>
      <ItemType>1</ItemType>
      <ItemName>מרכך מרוכז סגול 900מ"ל</ItemName>
      <ManufactureName>גורי שיווק בעמ</ManufactureName>
      <ManufactureCountry />
      <ManufactureItemDescription />
      <UnitQty>י"ח</UnitQty>
      <Quantity>900</Quantity>
      <UnitMeasure>ל  מ"ל</UnitMeasure>
      <BisWeighted>0</BisWeighted>
      <QtyInPackage>1</QtyInPackage>
      <ItemPrice>12.90</ItemPrice>
      <UnitOfMeasurePrice>1.43</UnitOfMeasurePrice>
      <AllowDiscount>1</AllowDiscount>
      <itemStatus>1</itemStatus>
      <LastUpdateDate />
      <LastUpdateTime />
    </Product>
    <Product>
      <PriceUpdateDate>2018/12/21 09:36</PriceUpdateDate>
      <ItemCode>7290100924631</ItemCode>
      <ItemType>1</ItemType>
      <ItemName>מרכך מרוכז בייבי 900מ"ל</ItemName>
      <ManufactureName>גורי שיווק בעמ</ManufactureName>
      <ManufactureCountry />
      <ManufactureItemDescription />
      <UnitQty>י"ח</UnitQty>
      <Quantity>900</Quantity>
      <UnitMeasure>ל  מ"ל</UnitMeasure>
      <BisWeighted>0</BisWeighted>
      <QtyInPackage>1</QtyInPackage>
      <ItemPrice>12.90</ItemPrice>
      <UnitOfMeasurePrice>1.43</UnitOfMeasurePrice>
      <AllowDiscount>1</AllowDiscount>
      <itemStatus>1</itemStatus>
      <LastUpdateDate />
      <LastUpdateTime />
    </Product>
    <Product>
      <PriceUpdateDate>2016/06/14 08:15</PriceUpdateDate>
      <ItemCode>7290100925232</ItemCode>
      <ItemType>1</ItemType>
      <ItemName>סוד נוזל רצפות ירוק בריליאנט 1.250ליטר</ItemName>
      <ManufactureName>גורי שיווק בעמ</ManufactureName>
      <ManufactureCountry />
      <ManufactureItemDescription />
      <UnitQty>י"ח</UnitQty>
      <Quantity>1.50</Quantity>
      <UnitMeasure>ליטר</UnitMeasure>
      <BisWeighted>0</BisWeighted>
      <QtyInPackage>1</QtyInPackage>
      <ItemPrice>17.90</ItemPrice>
      <UnitOfMeasurePrice>11.93</UnitOfMeasurePrice>
      <AllowDiscount>1</AllowDiscount>
      <itemStatus>1</itemStatus>
      <LastUpdateDate />
      <LastUpdateTime />
    </Product>
    <Product>
      <PriceUpdateDate>2019/09/02 08:10</PriceUpdateDate>
      <ItemCode>7290100925300</ItemCode>
      <ItemType>1</ItemType>
      <ItemName>מרכך כביסה כחול 4+1 ליטר ורוד</ItemName>
      <ManufactureName>גורי שיווק בעמ</ManufactureName>
      <ManufactureCountry />
      <ManufactureItemDescription />
      <UnitQty>י"ח</UnitQty>
      <Quantity>4</Quantity>
      <UnitMeasure>ליטר</UnitMeasure>
      <BisWeighted>0</BisWeighted>
      <QtyInPackage>1</QtyInPackage>
      <ItemPrice>18.90</ItemPrice>
      <UnitOfMeasurePrice>4.73</UnitOfMeasurePrice>
      <AllowDiscount>1</AllowDiscount>
      <itemStatus>1</itemStatus>
      <LastUpdateDate />
      <LastUpdateTime />
    </Product>
    <Product>
      <PriceUpdateDate>2019/09/02 08:10</PriceUpdateDate>
      <ItemCode>7290100925317</ItemCode>
      <ItemType>1</ItemType>
      <ItemName>מרכך כביסה כחול 4+1 ליטר כחול</ItemName>
      <ManufactureName>גורי שיווק בעמ</ManufactureName>
      <ManufactureCountry />
      <ManufactureItemDescription />
      <UnitQty>י"ח</UnitQty>
      <Quantity>4</Quantity>
      <UnitMeasure>ליטר</UnitMeasure>
      <BisWeighted>0</BisWeighted>
      <QtyInPackage>1</QtyInPackage>
      <ItemPrice>18.90</ItemPrice>
      <UnitOfMeasurePrice>4.73</UnitOfMeasurePrice>
      <AllowDiscount>1</AllowDiscount>
      <itemStatus>1</itemStatus>
      <LastUpdateDate />
      <LastUpdateTime />
    </Product>
    <Product>
      <PriceUpdateDate>2019/09/02 08:10</PriceUpdateDate>
      <ItemCode>7290100925324</ItemCode>
      <ItemType>1</ItemType>
      <ItemName>מרכך כביסה כחול 4+1 ליטר סגול</ItemName>
      <ManufactureName>גורי שיווק בעמ</ManufactureName>
      <ManufactureCountry />
      <ManufactureItemDescription />
      <UnitQty>י"ח</UnitQty>
      <Quantity>4</Quantity>
      <UnitMeasure>ליטר</UnitMeasure>
      <BisWeighted>0</BisWeighted>
      <QtyInPackage>1</QtyInPackage>
      <ItemPrice>18.90</ItemPrice>
      <UnitOfMeasurePrice>4.73</UnitOfMeasurePrice>
      <AllowDiscount>1</AllowDiscount>
      <itemStatus>1</itemStatus>
      <LastUpdateDate />
      <LastUpdateTime />
    </Product>
    <Product>
      <PriceUpdateDate>2019/09/02 08:10</PriceUpdateDate>
      <ItemCode>7290100925331</ItemCode>
      <ItemType>1</ItemType>
      <ItemName>מרכך כביסה כחול 4+1 ליטר סנסיישן</ItemName>
      <ManufactureName>גורי שיווק בעמ</ManufactureName>
      <ManufactureCountry />
      <ManufactureItemDescription />
      <UnitQty>י"ח</UnitQty>
      <Quantity>4</Quantity>
      <UnitMeasure>ליטר</UnitMeasure>
      <BisWeighted>0</BisWeighted>
      <QtyInPackage>1</QtyInPackage>
      <ItemPrice>18.90</ItemPrice>
      <UnitOfMeasurePrice>4.73</UnitOfMeasurePrice>
      <AllowDiscount>1</AllowDiscount>
      <itemStatus>1</itemStatus>
      <LastUpdateDate />
      <LastUpdateTime />
    </Product>
    <Product>
      <PriceUpdateDate>2016/07/10 14:30</PriceUpdateDate>
      <ItemCode>7290100925669</ItemCode>
      <ItemType>1</ItemType>
      <ItemName>דפים למכונת כביסה קולור קאצ`ר 10יח</ItemName>
      <ManufactureName>גורי שיווק בעמ</ManufactureName>
      <ManufactureCountry />
      <ManufactureItemDescription />
      <UnitQty>י"ח</UnitQty>
      <Quantity>10</Quantity>
      <UnitMeasure>י"ח</UnitMeasure>
      <BisWeighted>0</BisWeighted>
      <QtyInPackage>1</QtyInPackage>
      <ItemPrice>13.90</ItemPrice>
      <UnitOfMeasurePrice>1.39</UnitOfMeasurePrice>
      <AllowDiscount>1</AllowDiscount>
      <itemStatus>1</itemStatus>
      <LastUpdateDate />
      <LastUpdateTime />
    </Product>
    <Product>
      <PriceUpdateDate>2019/09/02 08:10</PriceUpdateDate>
      <ItemCode>7290100926000</ItemCode>
      <ItemType>1</ItemType>
      <ItemName>מרכך כביסה סוד 4 ליטר</ItemName>
      <ManufactureName>גורי שיווק בעמ</ManufactureName>
      <ManufactureCountry />
      <ManufactureItemDescription />
      <UnitQty>י"ח</UnitQty>
      <Quantity>4</Quantity>
      <UnitMeasure>ליטר</UnitMeasure>
      <BisWeighted>0</BisWeighted>
      <QtyInPackage>1</QtyInPackage>
      <ItemPrice>18.90</ItemPrice>
      <UnitOfMeasurePrice>4.73</UnitOfMeasurePrice>
      <AllowDiscount>1</AllowDiscount>
      <itemStatus>1</itemStatus>
      <LastUpdateDate />
      <LastUpdateTime />
    </Product>
    <Product>
      <PriceUpdateDate>2019/09/02 08:10</PriceUpdateDate>
      <ItemCode>7290100926109</ItemCode>
      <ItemType>1</ItemType>
      <ItemName>מרכך כביסה סוד 4ל  האהבה</ItemName>
      <ManufactureName>גורי שיווק בעמ</ManufactureName>
      <ManufactureCountry />
      <ManufactureItemDescription />
      <UnitQty>י"ח</UnitQty>
      <Quantity>4</Quantity>
      <UnitMeasure>ליטר</UnitMeasure>
      <BisWeighted>0</BisWeighted>
      <QtyInPackage>1</QtyInPackage>
      <ItemPrice>18.90</ItemPrice>
      <UnitOfMeasurePrice>4.73</UnitOfMeasurePrice>
      <AllowDiscount>1</AllowDiscount>
      <itemStatus>1</itemStatus>
      <LastUpdateDate />
      <LastUpdateTime />
    </Product>
    <Product>
      <PriceUpdateDate>2014/04/30 16:55</PriceUpdateDate>
      <ItemCode>7290100926796</ItemCode>
      <ItemType>1</ItemType>
      <ItemName>שמפו הוואי קרם ו שמן</ItemName>
      <ManufactureName>הנקל סוד בעמ</ManufactureName>
      <ManufactureCountry />
      <ManufactureItemDescription />
      <UnitQty>י"ח</UnitQty>
      <Quantity>700</Quantity>
      <UnitMeasure>ל  מ"ל</UnitMeasure>
      <BisWeighted>0</BisWeighted>
      <QtyInPackage>1</QtyInPackage>
      <ItemPrice>12.90</ItemPrice>
      <UnitOfMeasurePrice>1.84</UnitOfMeasurePrice>
      <AllowDiscount>1</AllowDiscount>
      <itemStatus>1</itemStatus>
      <LastUpdateDate />
      <LastUpdateTime />
    </Product>
    <Product>
      <PriceUpdateDate>2014/04/30 16:55</PriceUpdateDate>
      <ItemCode>7290100926802</ItemCode>
      <ItemType>1</ItemType>
      <ItemName>מרכך הוואי קרם ו שמן</ItemName>
      <ManufactureName>הנקל סוד בעמ</ManufactureName>
      <ManufactureCountry />
      <ManufactureItemDescription />
      <UnitQty>י"ח</UnitQty>
      <Quantity>700</Quantity>
      <UnitMeasure>ל  מ"ל</UnitMeasure>
      <BisWeighted>0</BisWeighted>
      <QtyInPackage>1</QtyInPackage>
      <ItemPrice>12.90</ItemPrice>
      <UnitOfMeasurePrice>1.84</UnitOfMeasurePrice>
      <AllowDiscount>1</AllowDiscount>
      <itemStatus>1</itemStatus>
      <LastUpdateDate />
      <LastUpdateTime />
    </Product>
    <Product>
      <PriceUpdateDate>2014/04/30 16:55</PriceUpdateDate>
      <ItemCode>7290100928820</ItemCode>
      <ItemType>1</ItemType>
      <ItemName>שמפו הוואי לברק קורן</ItemName>
      <ManufactureName>הנקל סוד בעמ</ManufactureName>
      <ManufactureCountry />
      <ManufactureItemDescription />
      <UnitQty>י"ח</UnitQty>
      <Quantity>700</Quantity>
      <UnitMeasure>ל  מ"ל</UnitMeasure>
      <BisWeighted>0</BisWeighted>
      <QtyInPackage>1</QtyInPackage>
      <ItemPrice>12.90</ItemPrice>
      <UnitOfMeasurePrice>1.84</UnitOfMeasurePrice>
      <AllowDiscount>1</AllowDiscount>
      <itemStatus>1</itemStatus>
      <LastUpdateDate />
      <LastUpdateTime />
    </Product>
    <Product>
      <PriceUpdateDate>2014/04/30 16:55</PriceUpdateDate>
      <ItemCode>7290100928837</ItemCode>
      <ItemType>1</ItemType>
      <ItemName>מרכך הוואי לברק קורן</ItemName>
      <ManufactureName>הנקל סוד בעמ</ManufactureName>
      <ManufactureCountry />
      <ManufactureItemDescription />
      <UnitQty>י"ח</UnitQty>
      <Quantity>700</Quantity>
      <UnitMeasure>ל  מ"ל</UnitMeasure>
      <BisWeighted>0</BisWeighted>
      <QtyInPackage>1</QtyInPackage>
      <ItemPrice>12.90</ItemPrice>
      <UnitOfMeasurePrice>1.84</UnitOfMeasurePrice>
      <AllowDiscount>1</AllowDiscount>
      <itemStatus>1</itemStatus>
      <LastUpdateDate />
      <LastUpdateTime />
    </Product>
    <Product>
      <PriceUpdateDate>2015/01/25 10:01</PriceUpdateDate>
      <ItemCode>7290100928844</ItemCode>
      <ItemType>1</ItemType>
      <ItemName>ג`ל רחצה בניחוח וילה ורודה   750 מ"ל</ItemName>
      <ManufactureName>הנקל סוד בעמ</ManufactureName>
      <ManufactureCountry />
      <ManufactureItemDescription />
      <UnitQty>י"ח</UnitQty>
      <Quantity>750</Quantity>
      <UnitMeasure>ל  מ"ל</UnitMeasure>
      <BisWeighted>0</BisWeighted>
      <QtyInPackage>1</QtyInPackage>
      <ItemPrice>11.90</ItemPrice>
      <UnitOfMeasurePrice>1.59</UnitOfMeasurePrice>
      <AllowDiscount>1</AllowDiscount>
      <itemStatus>1</itemStatus>
      <LastUpdateDate />
      <LastUpdateTime />
    </Product>
    <Product>
      <PriceUpdateDate>2015/01/25 10:01</PriceUpdateDate>
      <ItemCode>7290100928851</ItemCode>
      <ItemType>1</ItemType>
      <ItemName>ג`ל רחצה בניחוח ענבים ירוקים  750 מ"ל</ItemName>
      <ManufactureName>הנקל סוד בעמ</ManufactureName>
      <ManufactureCountry />
      <ManufactureItemDescription />
      <UnitQty>י"ח</UnitQty>
      <Quantity>750</Quantity>
      <UnitMeasure>ל  מ"ל</UnitMeasure>
      <BisWeighted>0</BisWeighted>
      <QtyInPackage>1</QtyInPackage>
      <ItemPrice>11.90</ItemPrice>
      <UnitOfMeasurePrice>1.59</UnitOfMeasurePrice>
      <AllowDiscount>1</AllowDiscount>
      <itemStatus>1</itemStatus>
      <LastUpdateDate />
      <LastUpdateTime />
    </Product>
    <Product>
      <PriceUpdateDate>2015/02/18 08:25</PriceUpdateDate>
      <ItemCode>7290100929667</ItemCode>
      <ItemType>1</ItemType>
      <ItemName>ג`ל רחצה סנשואל ואויל וניל 750 מ"ל</ItemName>
      <ManufactureName>הנקל סוד בעמ</ManufactureName>
      <ManufactureCountry />
      <ManufactureItemDescription />
      <UnitQty>י"ח</UnitQty>
      <Quantity>750</Quantity>
      <UnitMeasure>ל  מ"ל</UnitMeasure>
      <BisWeighted>0</BisWeighted>
      <QtyInPackage>1</QtyInPackage>
      <ItemPrice>11.90</ItemPrice>
      <UnitOfMeasurePrice>1.59</UnitOfMeasurePrice>
      <AllowDiscount>1</AllowDiscount>
      <itemStatus>1</itemStatus>
      <LastUpdateDate />
      <LastUpdateTime />
    </Product>
    <Product>
      <PriceUpdateDate>2015/01/25 10:01</PriceUpdateDate>
      <ItemCode>7290100929681</ItemCode>
      <ItemType>1</ItemType>
      <ItemName>תחליב רחצה הוואי פטל רימון 750 מ"ל</ItemName>
      <ManufactureName>הנקל סוד בעמ</ManufactureName>
      <ManufactureCountry />
      <ManufactureItemDescription />
      <UnitQty>י"ח</UnitQty>
      <Quantity>750</Quantity>
      <UnitMeasure>ל  מ"ל</UnitMeasure>
      <BisWeighted>0</BisWeighted>
      <QtyInPackage>1</QtyInPackage>
      <ItemPrice>11.90</ItemPrice>
      <UnitOfMeasurePrice>1.59</UnitOfMeasurePrice>
      <AllowDiscount>1</AllowDiscount>
      <itemStatus>1</itemStatus>
      <LastUpdateDate />
      <LastUpdateTime />
    </Product>
    <Product>
      <PriceUpdateDate>2015/01/25 10:01</PriceUpdateDate>
      <ItemCode>7290100929698</ItemCode>
      <ItemType>1</ItemType>
      <ItemName>תחליב רחצה הוואי 750מ</ItemName>
      <ManufactureName>הנקל סוד בעמ</ManufactureName>
      <ManufactureCountry />
      <ManufactureItemDescription />
      <UnitQty>י"ח</UnitQty>
      <Quantity>750</Quantity>
      <UnitMeasure>ל  מ"ל</UnitMeasure>
      <BisWeighted>0</BisWeighted>
      <QtyInPackage>1</QtyInPackage>
      <ItemPrice>11.90</ItemPrice>
      <UnitOfMeasurePrice>1.59</UnitOfMeasurePrice>
      <AllowDiscount>1</AllowDiscount>
      <itemStatus>1</itemStatus>
      <LastUpdateDate />
      <LastUpdateTime />
    </Product>
    <Product>
      <PriceUpdateDate>2018/12/21 09:36</PriceUpdateDate>
      <ItemCode>7290100929728</ItemCode>
      <ItemType>1</ItemType>
      <ItemName>מרכך מרוכז ארומה סגול 900מ"ל</ItemName>
      <ManufactureName>גורי שיווק בעמ</ManufactureName>
      <ManufactureCountry />
      <ManufactureItemDescription />
      <UnitQty>י"ח</UnitQty>
      <Quantity>900</Quantity>
      <UnitMeasure>ל  מ"ל</UnitMeasure>
      <BisWeighted>0</BisWeighted>
      <QtyInPackage>1</QtyInPackage>
      <ItemPrice>12.90</ItemPrice>
      <UnitOfMeasurePrice>1.43</UnitOfMeasurePrice>
      <AllowDiscount>1</AllowDiscount>
      <itemStatus>1</itemStatus>
      <LastUpdateDate />
      <LastUpdateTime />
    </Product>
    <Product>
      <PriceUpdateDate>2018/12/21 09:36</PriceUpdateDate>
      <ItemCode>7290100929735</ItemCode>
      <ItemType>1</ItemType>
      <ItemName>מרכך מרוכז ארומה כחול 900מ"ל</ItemName>
      <ManufactureName>גורי שיווק בעמ</ManufactureName>
      <ManufactureCountry />
      <ManufactureItemDescription />
      <UnitQty>י"ח</UnitQty>
      <Quantity>900</Quantity>
      <UnitMeasure>ל  מ"ל</UnitMeasure>
      <BisWeighted>0</BisWeighted>
      <QtyInPackage>1</QtyInPackage>
      <ItemPrice>12.90</ItemPrice>
      <UnitOfMeasurePrice>1.43</UnitOfMeasurePrice>
      <AllowDiscount>1</AllowDiscount>
      <itemStatus>1</itemStatus>
      <LastUpdateDate />
      <LastUpdateTime />
    </Product>
    <Product>
      <PriceUpdateDate>2018/12/21 09:36</PriceUpdateDate>
      <ItemCode>7290100929742</ItemCode>
      <ItemType>1</ItemType>
      <ItemName>מרכך מרוכז ארומה זהב 900מ"ל</ItemName>
      <ManufactureName>גורי שיווק בעמ</ManufactureName>
      <ManufactureCountry />
      <ManufactureItemDescription />
      <UnitQty>י"ח</UnitQty>
      <Quantity>900</Quantity>
      <UnitMeasure>ל  מ"ל</UnitMeasure>
      <BisWeighted>0</BisWeighted>
      <QtyInPackage>1</QtyInPackage>
      <ItemPrice>12.90</ItemPrice>
      <UnitOfMeasurePrice>1.43</UnitOfMeasurePrice>
      <AllowDiscount>1</AllowDiscount>
      <itemStatus>1</itemStatus>
      <LastUpdateDate />
      <LastUpdateTime />
    </Product>
    <Product>
      <PriceUpdateDate>2015/06/11 10:37</PriceUpdateDate>
      <ItemCode>7290101486688</ItemCode>
      <ItemType>1</ItemType>
      <ItemName>פרי חטיפי בריאות שוקולד מארז 5 יח</ItemName>
      <ManufactureName>ש.שסטוביץ בעמ</ManufactureName>
      <ManufactureCountry />
      <ManufactureItemDescription />
      <UnitQty>י"ח</UnitQty>
      <Quantity>90</Quantity>
      <UnitMeasure>ל  גרם</UnitMeasure>
      <BisWeighted>0</BisWeighted>
      <QtyInPackage>1</QtyInPackage>
      <ItemPrice>16.90</ItemPrice>
      <UnitOfMeasurePrice>18.78</UnitOfMeasurePrice>
      <AllowDiscount>1</AllowDiscount>
      <itemStatus>1</itemStatus>
      <LastUpdateDate />
      <LastUpdateTime />
    </Product>
    <Product>
      <PriceUpdateDate>2015/12/20 13:41</PriceUpdateDate>
      <ItemCode>7290101488286</ItemCode>
      <ItemType>1</ItemType>
      <ItemName>ליידי ספיד סטיק 24/7 ספריי ורוד</ItemName>
      <ManufactureName>ש.שסטוביץ בעמ</ManufactureName>
      <ManufactureCountry />
      <ManufactureItemDescription />
      <UnitQty>י"ח</UnitQty>
      <Quantity>1</Quantity>
      <UnitMeasure />
      <BisWeighted>0</BisWeighted>
      <QtyInPackage>1</QtyInPackage>
      <ItemPrice>21.90</ItemPrice>
      <UnitOfMeasurePrice>21.90</UnitOfMeasurePrice>
      <AllowDiscount>1</AllowDiscount>
      <itemStatus>1</itemStatus>
      <LastUpdateDate />
      <LastUpdateTime />
    </Product>
    <Product>
      <PriceUpdateDate>2015/12/03 11:49</PriceUpdateDate>
      <ItemCode>7290101488316</ItemCode>
      <ItemType>1</ItemType>
      <ItemName>ליידי ספיד סטיק ללא סימן</ItemName>
      <ManufactureName>ש.שסטוביץ בעמ</ManufactureName>
      <ManufactureCountry />
      <ManufactureItemDescription />
      <UnitQty>י"ח</UnitQty>
      <Quantity>50</Quantity>
      <UnitMeasure>ל  מ"ל</UnitMeasure>
      <BisWeighted>0</BisWeighted>
      <QtyInPackage>1</QtyInPackage>
      <ItemPrice>24.90</ItemPrice>
      <UnitOfMeasurePrice>49.80</UnitOfMeasurePrice>
      <AllowDiscount>1</AllowDiscount>
      <itemStatus>1</itemStatus>
      <LastUpdateDate />
      <LastUpdateTime />
    </Product>
    <Product>
      <PriceUpdateDate>2015/12/03 11:49</PriceUpdateDate>
      <ItemCode>7290101488323</ItemCode>
      <ItemType>1</ItemType>
      <ItemName>ליידי ספיד סטיק ללא סימן</ItemName>
      <ManufactureName>ש.שסטוביץ בעמ</ManufactureName>
      <ManufactureCountry />
      <ManufactureItemDescription />
      <UnitQty>י"ח</UnitQty>
      <Quantity>65</Quantity>
      <UnitMeasure>ל  מ"ל</UnitMeasure>
      <BisWeighted>0</BisWeighted>
      <QtyInPackage>1</QtyInPackage>
      <ItemPrice>24.90</ItemPrice>
      <UnitOfMeasurePrice>38.31</UnitOfMeasurePrice>
      <AllowDiscount>1</AllowDiscount>
      <itemStatus>1</itemStatus>
      <LastUpdateDate />
      <LastUpdateTime />
    </Product>
    <Product>
      <PriceUpdateDate>2019/01/30 10:12</PriceUpdateDate>
      <ItemCode>7290101551027</ItemCode>
      <ItemType>1</ItemType>
      <ItemName>קפסולות אספרסו חזק עלית 14יח כשל"פ</ItemName>
      <ManufactureName>שטראוס גרופ בעמ</ManufactureName>
      <ManufactureCountry />
      <ManufactureItemDescription />
      <UnitQty>י"ח</UnitQty>
      <Quantity>50</Quantity>
      <UnitMeasure>ל  גרם</UnitMeasure>
      <BisWeighted>0</BisWeighted>
      <QtyInPackage>1</QtyInPackage>
      <ItemPrice>17.90</ItemPrice>
      <UnitOfMeasurePrice>35.80</UnitOfMeasurePrice>
      <AllowDiscount>1</AllowDiscount>
      <itemStatus>1</itemStatus>
      <LastUpdateDate />
      <LastUpdateTime />
    </Product>
    <Product>
      <PriceUpdateDate>2019/12/30 14:29</PriceUpdateDate>
      <ItemCode>7290101552819</ItemCode>
      <ItemType>1</ItemType>
      <ItemName>דוריטוס סלסה  70 גרם</ItemName>
      <ManufactureName>שטראוס פריטו ליי בעמ</ManufactureName>
      <ManufactureCountry />
      <ManufactureItemDescription />
      <UnitQty>י"ח</UnitQty>
      <Quantity>70</Quantity>
      <UnitMeasure>ל  גרם</UnitMeasure>
      <BisWeighted>0</BisWeighted>
      <QtyInPackage>1</QtyInPackage>
      <ItemPrice>3.90</ItemPrice>
      <UnitOfMeasurePrice>5.57</UnitOfMeasurePrice>
      <AllowDiscount>1</AllowDiscount>
      <itemStatus>1</itemStatus>
      <LastUpdateDate />
      <LastUpdateTime />
    </Product>
    <Product>
      <PriceUpdateDate>2019/12/30 14:29</PriceUpdateDate>
      <ItemCode>7290101552833</ItemCode>
      <ItemType>1</ItemType>
      <ItemName>דוריטוס מוקפץ  70 גרם</ItemName>
      <ManufactureName>שטראוס פריטו ליי בעמ</ManufactureName>
      <ManufactureCountry />
      <ManufactureItemDescription />
      <UnitQty>י"ח</UnitQty>
      <Quantity>70</Quantity>
      <UnitMeasure>ל  גרם</UnitMeasure>
      <BisWeighted>0</BisWeighted>
      <QtyInPackage>1</QtyInPackage>
      <ItemPrice>3.90</ItemPrice>
      <UnitOfMeasurePrice>5.57</UnitOfMeasurePrice>
      <AllowDiscount>1</AllowDiscount>
      <itemStatus>1</itemStatus>
      <LastUpdateDate />
      <LastUpdateTime />
    </Product>
    <Product>
      <PriceUpdateDate>2020/01/16 08:24</PriceUpdateDate>
      <ItemCode>7290101860914</ItemCode>
      <ItemType>1</ItemType>
      <ItemName>קולון 101 6 ק"ג</ItemName>
      <ManufactureName>רקיט בנקיזר (ניר איסט) בעמ</ManufactureName>
      <ManufactureCountry />
      <ManufactureItemDescription />
      <UnitQty>י"ח</UnitQty>
      <Quantity>6</Quantity>
      <UnitMeasure>ק"ג</UnitMeasure>
      <BisWeighted>0</BisWeighted>
      <QtyInPackage>1</QtyInPackage>
      <ItemPrice>35.90</ItemPrice>
      <UnitOfMeasurePrice>5.98</UnitOfMeasurePrice>
      <AllowDiscount>1</AllowDiscount>
      <itemStatus>1</itemStatus>
      <LastUpdateDate />
      <LastUpdateTime />
    </Product>
    <Product>
      <PriceUpdateDate>2019/03/11 08:35</PriceUpdateDate>
      <ItemCode>7290101863410</ItemCode>
      <ItemType>1</ItemType>
      <ItemName>סיליט ספריי אקונומיקה</ItemName>
      <ManufactureName>רקיט בנקיזר (ניר איסט) בעמ</ManufactureName>
      <ManufactureCountry />
      <ManufactureItemDescription />
      <UnitQty>י"ח</UnitQty>
      <Quantity>1</Quantity>
      <UnitMeasure />
      <BisWeighted>0</BisWeighted>
      <QtyInPackage>1</QtyInPackage>
      <ItemPrice>12.90</ItemPrice>
      <UnitOfMeasurePrice>12.90</UnitOfMeasurePrice>
      <AllowDiscount>1</AllowDiscount>
      <itemStatus>1</itemStatus>
      <LastUpdateDate />
      <LastUpdateTime />
    </Product>
    <Product>
      <PriceUpdateDate>2019/02/12 09:13</PriceUpdateDate>
      <ItemCode>7290101865261</ItemCode>
      <ItemType>1</ItemType>
      <ItemName>פיניש הברקה 800מ"ל</ItemName>
      <ManufactureName>רקיט בנקיזר (ניר איסט) בעמ</ManufactureName>
      <ManufactureCountry />
      <ManufactureItemDescription />
      <UnitQty>י"ח</UnitQty>
      <Quantity>800</Quantity>
      <UnitMeasure>ל  מ"ל</UnitMeasure>
      <BisWeighted>0</BisWeighted>
      <QtyInPackage>1</QtyInPackage>
      <ItemPrice>27.90</ItemPrice>
      <UnitOfMeasurePrice>3.49</UnitOfMeasurePrice>
      <AllowDiscount>1</AllowDiscount>
      <itemStatus>1</itemStatus>
      <LastUpdateDate />
      <LastUpdateTime />
    </Product>
    <Product>
      <PriceUpdateDate>2013/11/28 13:30</PriceUpdateDate>
      <ItemCode>7290101866589</ItemCode>
      <ItemType>1</ItemType>
      <ItemName>אירוויק נטול גז טל השחר</ItemName>
      <ManufactureName>רקיט בנקיזר (ניר איסט) בעמ</ManufactureName>
      <ManufactureCountry />
      <ManufactureItemDescription />
      <UnitQty>י"ח</UnitQty>
      <Quantity>345</Quantity>
      <UnitMeasure>ל  מ"ל</UnitMeasure>
      <BisWeighted>0</BisWeighted>
      <QtyInPackage>1</QtyInPackage>
      <ItemPrice>19.90</ItemPrice>
      <UnitOfMeasurePrice>5.77</UnitOfMeasurePrice>
      <AllowDiscount>1</AllowDiscount>
      <itemStatus>1</itemStatus>
      <LastUpdateDate />
      <LastUpdateTime />
    </Product>
    <Product>
      <PriceUpdateDate>2016/01/17 13:55</PriceUpdateDate>
      <ItemCode>7290101866633</ItemCode>
      <ItemType>1</ItemType>
      <ItemName>קליה ג`ל 3ל</ItemName>
      <ManufactureName>רקיט בנקיזר (ניר איסט) בעמ</ManufactureName>
      <ManufactureCountry />
      <ManufactureItemDescription />
      <UnitQty>י"ח</UnitQty>
      <Quantity>1.70</Quantity>
      <UnitMeasure>ליטר</UnitMeasure>
      <BisWeighted>0</BisWeighted>
      <QtyInPackage>1</QtyInPackage>
      <ItemPrice>29.90</ItemPrice>
      <UnitOfMeasurePrice>17.59</UnitOfMeasurePrice>
      <AllowDiscount>1</AllowDiscount>
      <itemStatus>1</itemStatus>
      <LastUpdateDate />
      <LastUpdateTime />
    </Product>
    <Product>
      <PriceUpdateDate>2016/09/27 19:29</PriceUpdateDate>
      <ItemCode>7290101866787</ItemCode>
      <ItemType>1</ItemType>
      <ItemName>קליה ג`ל 3ל לבן</ItemName>
      <ManufactureName>רקיט בנקיזר (ניר איסט) בעמ</ManufactureName>
      <ManufactureCountry />
      <ManufactureItemDescription />
      <UnitQty>י"ח</UnitQty>
      <Quantity>3</Quantity>
      <UnitMeasure>ליטר</UnitMeasure>
      <BisWeighted>0</BisWeighted>
      <QtyInPackage>1</QtyInPackage>
      <ItemPrice>29.90</ItemPrice>
      <UnitOfMeasurePrice>9.97</UnitOfMeasurePrice>
      <AllowDiscount>1</AllowDiscount>
      <itemStatus>1</itemStatus>
      <LastUpdateDate />
      <LastUpdateTime />
    </Product>
    <Product>
      <PriceUpdateDate>2016/09/06 13:48</PriceUpdateDate>
      <ItemCode>7290101866909</ItemCode>
      <ItemType>1</ItemType>
      <ItemName>קולון 101 צבעוני  6ק"ג</ItemName>
      <ManufactureName>רקיט בנקיזר (ניר איסט) בעמ</ManufactureName>
      <ManufactureCountry />
      <ManufactureItemDescription />
      <UnitQty>י"ח</UnitQty>
      <Quantity>6</Quantity>
      <UnitMeasure>ק"ג</UnitMeasure>
      <BisWeighted>0</BisWeighted>
      <QtyInPackage>1</QtyInPackage>
      <ItemPrice>37.90</ItemPrice>
      <UnitOfMeasurePrice>6.32</UnitOfMeasurePrice>
      <AllowDiscount>1</AllowDiscount>
      <itemStatus>1</itemStatus>
      <LastUpdateDate />
      <LastUpdateTime />
    </Product>
    <Product>
      <PriceUpdateDate>2017/06/27 08:31</PriceUpdateDate>
      <ItemCode>7290101868460</ItemCode>
      <ItemType>1</ItemType>
      <ItemName>קולון 101 8ק"ג</ItemName>
      <ManufactureName>רקיט בנקיזר (ניר איסט) בעמ</ManufactureName>
      <ManufactureCountry />
      <ManufactureItemDescription />
      <UnitQty>י"ח</UnitQty>
      <Quantity>8</Quantity>
      <UnitMeasure>ק"ג</UnitMeasure>
      <BisWeighted>0</BisWeighted>
      <QtyInPackage>1</QtyInPackage>
      <ItemPrice>45.90</ItemPrice>
      <UnitOfMeasurePrice>5.74</UnitOfMeasurePrice>
      <AllowDiscount>1</AllowDiscount>
      <itemStatus>1</itemStatus>
      <LastUpdateDate />
      <LastUpdateTime />
    </Product>
    <Product>
      <PriceUpdateDate>2019/02/12 09:13</PriceUpdateDate>
      <ItemCode>7290101868958</ItemCode>
      <ItemType>1</ItemType>
      <ItemName>פיניש הברקה לימון 800מ"ל</ItemName>
      <ManufactureName>רקיט בנקיזר (ניר איסט) בעמ</ManufactureName>
      <ManufactureCountry />
      <ManufactureItemDescription />
      <UnitQty>י"ח</UnitQty>
      <Quantity>800</Quantity>
      <UnitMeasure>ל  מ"ל</UnitMeasure>
      <BisWeighted>0</BisWeighted>
      <QtyInPackage>1</QtyInPackage>
      <ItemPrice>27.90</ItemPrice>
      <UnitOfMeasurePrice>3.49</UnitOfMeasurePrice>
      <AllowDiscount>1</AllowDiscount>
      <itemStatus>1</itemStatus>
      <LastUpdateDate />
      <LastUpdateTime />
    </Product>
    <Product>
      <PriceUpdateDate>2015/05/21 09:11</PriceUpdateDate>
      <ItemCode>7290101869719</ItemCode>
      <ItemType>1</ItemType>
      <ItemName>פיניש ג ל לימון 600מ"ל AIO</ItemName>
      <ManufactureName>רקיט בנקיזר (ניר איסט) בעמ</ManufactureName>
      <ManufactureCountry />
      <ManufactureItemDescription />
      <UnitQty>י"ח</UnitQty>
      <Quantity>600</Quantity>
      <UnitMeasure>ל  מ"ל</UnitMeasure>
      <BisWeighted>0</BisWeighted>
      <QtyInPackage>1</QtyInPackage>
      <ItemPrice>34.90</ItemPrice>
      <UnitOfMeasurePrice>5.82</UnitOfMeasurePrice>
      <AllowDiscount>1</AllowDiscount>
      <itemStatus>1</itemStatus>
      <LastUpdateDate />
      <LastUpdateTime />
    </Product>
    <Product>
      <PriceUpdateDate>2019/11/13 08:25</PriceUpdateDate>
      <ItemCode>7290101869726</ItemCode>
      <ItemType>1</ItemType>
      <ItemName>פיניש ג ל 1ל  AIO</ItemName>
      <ManufactureName>רקיט בנקיזר (ניר איסט) בעמ</ManufactureName>
      <ManufactureCountry />
      <ManufactureItemDescription />
      <UnitQty>י"ח</UnitQty>
      <Quantity>1</Quantity>
      <UnitMeasure>ליטר</UnitMeasure>
      <BisWeighted>0</BisWeighted>
      <QtyInPackage>1</QtyInPackage>
      <ItemPrice>44.90</ItemPrice>
      <UnitOfMeasurePrice>44.90</UnitOfMeasurePrice>
      <AllowDiscount>1</AllowDiscount>
      <itemStatus>1</itemStatus>
      <LastUpdateDate />
      <LastUpdateTime />
    </Product>
    <Product>
      <PriceUpdateDate>2015/05/21 09:11</PriceUpdateDate>
      <ItemCode>7290101869733</ItemCode>
      <ItemType>1</ItemType>
      <ItemName>פיניש ג ל 1ל  AIO לימון</ItemName>
      <ManufactureName>רקיט בנקיזר (ניר איסט) בעמ</ManufactureName>
      <ManufactureCountry />
      <ManufactureItemDescription />
      <UnitQty>י"ח</UnitQty>
      <Quantity>1</Quantity>
      <UnitMeasure>ליטר</UnitMeasure>
      <BisWeighted>0</BisWeighted>
      <QtyInPackage>1</QtyInPackage>
      <ItemPrice>44.90</ItemPrice>
      <UnitOfMeasurePrice>44.90</UnitOfMeasurePrice>
      <AllowDiscount>1</AllowDiscount>
      <itemStatus>1</itemStatus>
      <LastUpdateDate />
      <LastUpdateTime />
    </Product>
    <Product>
      <PriceUpdateDate>2019/09/17 08:23</PriceUpdateDate>
      <ItemCode>7290101869771</ItemCode>
      <ItemType>1</ItemType>
      <ItemName>מילוי מבשם אוטומטי חטאים מתוקים</ItemName>
      <ManufactureName>רקיט בנקיזר (ניר איסט) בעמ</ManufactureName>
      <ManufactureCountry />
      <ManufactureItemDescription />
      <UnitQty>י"ח</UnitQty>
      <Quantity>1</Quantity>
      <UnitMeasure />
      <BisWeighted>0</BisWeighted>
      <QtyInPackage>1</QtyInPackage>
      <ItemPrice>19.90</ItemPrice>
      <UnitOfMeasurePrice>19.90</UnitOfMeasurePrice>
      <AllowDiscount>1</AllowDiscount>
      <itemStatus>1</itemStatus>
      <LastUpdateDate />
      <LastUpdateTime />
    </Product>
    <Product>
      <PriceUpdateDate>2019/09/17 08:23</PriceUpdateDate>
      <ItemCode>7290101869788</ItemCode>
      <ItemType>1</ItemType>
      <ItemName>מילוי מבשם אוטומטי אואזיס</ItemName>
      <ManufactureName>רקיט בנקיזר (ניר איסט) בעמ</ManufactureName>
      <ManufactureCountry />
      <ManufactureItemDescription />
      <UnitQty>י"ח</UnitQty>
      <Quantity>1</Quantity>
      <UnitMeasure />
      <BisWeighted>0</BisWeighted>
      <QtyInPackage>1</QtyInPackage>
      <ItemPrice>19.90</ItemPrice>
      <UnitOfMeasurePrice>19.90</UnitOfMeasurePrice>
      <AllowDiscount>1</AllowDiscount>
      <itemStatus>1</itemStatus>
      <LastUpdateDate />
      <LastUpdateTime />
    </Product>
    <Product>
      <PriceUpdateDate>2019/09/17 08:23</PriceUpdateDate>
      <ItemCode>7290101869795</ItemCode>
      <ItemType>1</ItemType>
      <ItemName>מילוי מבשם אוטומטי ליל קיץ</ItemName>
      <ManufactureName>רקיט בנקיזר (ניר איסט) בעמ</ManufactureName>
      <ManufactureCountry />
      <ManufactureItemDescription />
      <UnitQty>י"ח</UnitQty>
      <Quantity>1</Quantity>
      <UnitMeasure />
      <BisWeighted>0</BisWeighted>
      <QtyInPackage>1</QtyInPackage>
      <ItemPrice>19.90</ItemPrice>
      <UnitOfMeasurePrice>19.90</UnitOfMeasurePrice>
      <AllowDiscount>1</AllowDiscount>
      <itemStatus>1</itemStatus>
      <LastUpdateDate />
      <LastUpdateTime />
    </Product>
    <Product>
      <PriceUpdateDate>2015/05/11 10:28</PriceUpdateDate>
      <ItemCode>7290101869801</ItemCode>
      <ItemType>1</ItemType>
      <ItemName>מבשם אויר חשמלי מכשיר אואזיס</ItemName>
      <ManufactureName>רקיט בנקיזר (ניר איסט) בעמ</ManufactureName>
      <ManufactureCountry />
      <ManufactureItemDescription />
      <UnitQty>י"ח</UnitQty>
      <Quantity>1</Quantity>
      <UnitMeasure>י"ח</UnitMeasure>
      <BisWeighted>0</BisWeighted>
      <QtyInPackage>1</QtyInPackage>
      <ItemPrice>29.90</ItemPrice>
      <UnitOfMeasurePrice>29.90</UnitOfMeasurePrice>
      <AllowDiscount>1</AllowDiscount>
      <itemStatus>1</itemStatus>
      <LastUpdateDate />
      <LastUpdateTime />
    </Product>
    <Product>
      <PriceUpdateDate>2015/05/11 10:28</PriceUpdateDate>
      <ItemCode>7290101869818</ItemCode>
      <ItemType>1</ItemType>
      <ItemName>מבשם אויר חשמלי מכשיר חלום ליל קיץ</ItemName>
      <ManufactureName>רקיט בנקיזר (ניר איסט) בעמ</ManufactureName>
      <ManufactureCountry />
      <ManufactureItemDescription />
      <UnitQty>י"ח</UnitQty>
      <Quantity>1</Quantity>
      <UnitMeasure>י"ח</UnitMeasure>
      <BisWeighted>0</BisWeighted>
      <QtyInPackage>1</QtyInPackage>
      <ItemPrice>29.90</ItemPrice>
      <UnitOfMeasurePrice>29.90</UnitOfMeasurePrice>
      <AllowDiscount>1</AllowDiscount>
      <itemStatus>1</itemStatus>
      <LastUpdateDate />
      <LastUpdateTime />
    </Product>
    <Product>
      <PriceUpdateDate>2015/04/17 08:22</PriceUpdateDate>
      <ItemCode>7290101869825</ItemCode>
      <ItemType>1</ItemType>
      <ItemName>מילוי מבשם אויר חשמלי אואזיס</ItemName>
      <ManufactureName>רקיט בנקיזר (ניר איסט) בעמ</ManufactureName>
      <ManufactureCountry />
      <ManufactureItemDescription />
      <UnitQty>י"ח</UnitQty>
      <Quantity>1</Quantity>
      <UnitMeasure />
      <BisWeighted>0</BisWeighted>
      <QtyInPackage>1</QtyInPackage>
      <ItemPrice>26.90</ItemPrice>
      <UnitOfMeasurePrice>26.90</UnitOfMeasurePrice>
      <AllowDiscount>1</AllowDiscount>
      <itemStatus>1</itemStatus>
      <LastUpdateDate />
      <LastUpdateTime />
    </Product>
    <Product>
      <PriceUpdateDate>2015/04/17 08:22</PriceUpdateDate>
      <ItemCode>7290101869832</ItemCode>
      <ItemType>1</ItemType>
      <ItemName>מילוי מבשם אויר חשמלי חלום ליל קיץ</ItemName>
      <ManufactureName>רקיט בנקיזר (ניר איסט) בעמ</ManufactureName>
      <ManufactureCountry />
      <ManufactureItemDescription />
      <UnitQty>י"ח</UnitQty>
      <Quantity>1</Quantity>
      <UnitMeasure />
      <BisWeighted>0</BisWeighted>
      <QtyInPackage>1</QtyInPackage>
      <ItemPrice>26.90</ItemPrice>
      <UnitOfMeasurePrice>26.90</UnitOfMeasurePrice>
      <AllowDiscount>1</AllowDiscount>
      <itemStatus>1</itemStatus>
      <LastUpdateDate />
      <LastUpdateTime />
    </Product>
    <Product>
      <PriceUpdateDate>2015/04/17 08:22</PriceUpdateDate>
      <ItemCode>7290101869849</ItemCode>
      <ItemType>1</ItemType>
      <ItemName>מילוי מבשם אויר חשמלי חטאים מתוקים</ItemName>
      <ManufactureName>רקיט בנקיזר (ניר איסט) בעמ</ManufactureName>
      <ManufactureCountry />
      <ManufactureItemDescription />
      <UnitQty>י"ח</UnitQty>
      <Quantity>1</Quantity>
      <UnitMeasure />
      <BisWeighted>0</BisWeighted>
      <QtyInPackage>1</QtyInPackage>
      <ItemPrice>26.90</ItemPrice>
      <UnitOfMeasurePrice>26.90</UnitOfMeasurePrice>
      <AllowDiscount>1</AllowDiscount>
      <itemStatus>1</itemStatus>
      <LastUpdateDate />
      <LastUpdateTime />
    </Product>
    <Product>
      <PriceUpdateDate>2019/09/17 08:23</PriceUpdateDate>
      <ItemCode>7290101869900</ItemCode>
      <ItemType>1</ItemType>
      <ItemName>מילוי מבשם אוטומטי מסתור אקזוטי</ItemName>
      <ManufactureName>רקיט בנקיזר (ניר איסט) בעמ</ManufactureName>
      <ManufactureCountry />
      <ManufactureItemDescription />
      <UnitQty>י"ח</UnitQty>
      <Quantity>1</Quantity>
      <UnitMeasure />
      <BisWeighted>0</BisWeighted>
      <QtyInPackage>1</QtyInPackage>
      <ItemPrice>19.90</ItemPrice>
      <UnitOfMeasurePrice>19.90</UnitOfMeasurePrice>
      <AllowDiscount>1</AllowDiscount>
      <itemStatus>1</itemStatus>
      <LastUpdateDate />
      <LastUpdateTime />
    </Product>
    <Product>
      <PriceUpdateDate>2019/09/17 08:23</PriceUpdateDate>
      <ItemCode>7290101869917</ItemCode>
      <ItemType>1</ItemType>
      <ItemName>מילוי מבשם אוטומטי היער הקסום</ItemName>
      <ManufactureName>רקיט בנקיזר (ניר איסט) בעמ</ManufactureName>
      <ManufactureCountry />
      <ManufactureItemDescription />
      <UnitQty>י"ח</UnitQty>
      <Quantity>1</Quantity>
      <UnitMeasure />
      <BisWeighted>0</BisWeighted>
      <QtyInPackage>1</QtyInPackage>
      <ItemPrice>19.90</ItemPrice>
      <UnitOfMeasurePrice>19.90</UnitOfMeasurePrice>
      <AllowDiscount>1</AllowDiscount>
      <itemStatus>1</itemStatus>
      <LastUpdateDate />
      <LastUpdateTime />
    </Product>
    <Product>
      <PriceUpdateDate>2015/04/17 08:22</PriceUpdateDate>
      <ItemCode>7290101869924</ItemCode>
      <ItemType>1</ItemType>
      <ItemName>מילוי מבשם אויר חשמלי מסתור אקזוטי</ItemName>
      <ManufactureName>רקיט בנקיזר (ניר איסט) בעמ</ManufactureName>
      <ManufactureCountry />
      <ManufactureItemDescription />
      <UnitQty>י"ח</UnitQty>
      <Quantity>1</Quantity>
      <UnitMeasure />
      <BisWeighted>0</BisWeighted>
      <QtyInPackage>1</QtyInPackage>
      <ItemPrice>26.90</ItemPrice>
      <UnitOfMeasurePrice>26.90</UnitOfMeasurePrice>
      <AllowDiscount>1</AllowDiscount>
      <itemStatus>1</itemStatus>
      <LastUpdateDate />
      <LastUpdateTime />
    </Product>
    <Product>
      <PriceUpdateDate>2015/04/17 08:22</PriceUpdateDate>
      <ItemCode>7290101869931</ItemCode>
      <ItemType>1</ItemType>
      <ItemName>מילוי מבשם אויר חשמלי היער הקסום</ItemName>
      <ManufactureName>רקיט בנקיזר (ניר איסט) בעמ</ManufactureName>
      <ManufactureCountry />
      <ManufactureItemDescription />
      <UnitQty>י"ח</UnitQty>
      <Quantity>1</Quantity>
      <UnitMeasure />
      <BisWeighted>0</BisWeighted>
      <QtyInPackage>1</QtyInPackage>
      <ItemPrice>26.90</ItemPrice>
      <UnitOfMeasurePrice>26.90</UnitOfMeasurePrice>
      <AllowDiscount>1</AllowDiscount>
      <itemStatus>1</itemStatus>
      <LastUpdateDate />
      <LastUpdateTime />
    </Product>
    <Product>
      <PriceUpdateDate>2015/05/11 10:28</PriceUpdateDate>
      <ItemCode>7290101869948</ItemCode>
      <ItemType>1</ItemType>
      <ItemName>מבשם אויר חשמלי מכשיר חטאים מתוקים</ItemName>
      <ManufactureName>רקיט בנקיזר (ניר איסט) בעמ</ManufactureName>
      <ManufactureCountry />
      <ManufactureItemDescription />
      <UnitQty>י"ח</UnitQty>
      <Quantity>1</Quantity>
      <UnitMeasure>י"ח</UnitMeasure>
      <BisWeighted>0</BisWeighted>
      <QtyInPackage>1</QtyInPackage>
      <ItemPrice>29.90</ItemPrice>
      <UnitOfMeasurePrice>29.90</UnitOfMeasurePrice>
      <AllowDiscount>1</AllowDiscount>
      <itemStatus>1</itemStatus>
      <LastUpdateDate />
      <LastUpdateTime />
    </Product>
    <Product>
      <PriceUpdateDate>2017/07/03 08:19</PriceUpdateDate>
      <ItemCode>7290101869962</ItemCode>
      <ItemType>1</ItemType>
      <ItemName>מקלות ריחניים חלום ליל קיץ</ItemName>
      <ManufactureName>רקיט בנקיזר (ניר איסט) בעמ</ManufactureName>
      <ManufactureCountry />
      <ManufactureItemDescription />
      <UnitQty>י"ח</UnitQty>
      <Quantity>1</Quantity>
      <UnitMeasure />
      <BisWeighted>0</BisWeighted>
      <QtyInPackage>1</QtyInPackage>
      <ItemPrice>19.90</ItemPrice>
      <UnitOfMeasurePrice>19.90</UnitOfMeasurePrice>
      <AllowDiscount>1</AllowDiscount>
      <itemStatus>1</itemStatus>
      <LastUpdateDate />
      <LastUpdateTime />
    </Product>
    <Product>
      <PriceUpdateDate>2019/04/01 07:41</PriceUpdateDate>
      <ItemCode>7290102030057</ItemCode>
      <ItemType>1</ItemType>
      <ItemName>שוש 65ג</ItemName>
      <ManufactureName>שטראוס פריטו ליי בעמ</ManufactureName>
      <ManufactureCountry />
      <ManufactureItemDescription />
      <UnitQty>י"ח</UnitQty>
      <Quantity>65</Quantity>
      <UnitMeasure>ל  גרם</UnitMeasure>
      <BisWeighted>0</BisWeighted>
      <QtyInPackage>1</QtyInPackage>
      <ItemPrice>2.90</ItemPrice>
      <UnitOfMeasurePrice>4.46</UnitOfMeasurePrice>
      <AllowDiscount>1</AllowDiscount>
      <itemStatus>1</itemStatus>
      <LastUpdateDate />
      <LastUpdateTime />
    </Product>
    <Product>
      <PriceUpdateDate>2018/12/11 16:06</PriceUpdateDate>
      <ItemCode>7290102038169</ItemCode>
      <ItemType>1</ItemType>
      <ItemName>טבלת ש.פרה סוכריות קפצות 100גר מגדים</ItemName>
      <ManufactureName>שטראוס גרופ בעמ</ManufactureName>
      <ManufactureCountry />
      <ManufactureItemDescription />
      <UnitQty>י"ח</UnitQty>
      <Quantity>100</Quantity>
      <UnitMeasure>ל  גרם</UnitMeasure>
      <BisWeighted>0</BisWeighted>
      <QtyInPackage>1</QtyInPackage>
      <ItemPrice>5.90</ItemPrice>
      <UnitOfMeasurePrice>5.90</UnitOfMeasurePrice>
      <AllowDiscount>1</AllowDiscount>
      <itemStatus>1</itemStatus>
      <LastUpdateDate />
      <LastUpdateTime />
    </Product>
    <Product>
      <PriceUpdateDate>2018/12/11 16:06</PriceUpdateDate>
      <ItemCode>7290102038374</ItemCode>
      <ItemType>1</ItemType>
      <ItemName>שוקולד פרה חלב עם שברי אגוזים 100גר`</ItemName>
      <ManufactureName>שטראוס גרופ בעמ</ManufactureName>
      <ManufactureCountry />
      <ManufactureItemDescription />
      <UnitQty>י"ח</UnitQty>
      <Quantity>100</Quantity>
      <UnitMeasure>ל  גרם</UnitMeasure>
      <BisWeighted>0</BisWeighted>
      <QtyInPackage>1</QtyInPackage>
      <ItemPrice>5.90</ItemPrice>
      <UnitOfMeasurePrice>5.90</UnitOfMeasurePrice>
      <AllowDiscount>1</AllowDiscount>
      <itemStatus>1</itemStatus>
      <LastUpdateDate />
      <LastUpdateTime />
    </Product>
    <Product>
      <PriceUpdateDate>2020/04/05 09:35</PriceUpdateDate>
      <ItemCode>7290102060764</ItemCode>
      <ItemType>1</ItemType>
      <ItemName>מרידול מברשת שיניים זוג</ItemName>
      <ManufactureName>ש.שסטוביץ בעמ</ManufactureName>
      <ManufactureCountry />
      <ManufactureItemDescription />
      <UnitQty>י"ח</UnitQty>
      <Quantity>1</Quantity>
      <UnitMeasure />
      <BisWeighted>0</BisWeighted>
      <QtyInPackage>1</QtyInPackage>
      <ItemPrice>32.90</ItemPrice>
      <UnitOfMeasurePrice>32.90</UnitOfMeasurePrice>
      <AllowDiscount>1</AllowDiscount>
      <itemStatus>1</itemStatus>
      <LastUpdateDate />
      <LastUpdateTime />
    </Product>
    <Product>
      <PriceUpdateDate>2017/07/12 07:56</PriceUpdateDate>
      <ItemCode>7290102062195</ItemCode>
      <ItemType>1</ItemType>
      <ItemName>משחת שיניים אלמקס ג`וניור</ItemName>
      <ManufactureName>ש.שסטוביץ בעמ</ManufactureName>
      <ManufactureCountry />
      <ManufactureItemDescription />
      <UnitQty>י"ח</UnitQty>
      <Quantity>1</Quantity>
      <UnitMeasure />
      <BisWeighted>0</BisWeighted>
      <QtyInPackage>1</QtyInPackage>
      <ItemPrice>14.90</ItemPrice>
      <UnitOfMeasurePrice>14.90</UnitOfMeasurePrice>
      <AllowDiscount>1</AllowDiscount>
      <itemStatus>1</itemStatus>
      <LastUpdateDate />
      <LastUpdateTime />
    </Product>
    <Product>
      <PriceUpdateDate>2014/04/30 13:02</PriceUpdateDate>
      <ItemCode>7290102300815</ItemCode>
      <ItemType>1</ItemType>
      <ItemName>צדר פרוס כתום  200ג</ItemName>
      <ManufactureName>נטו מלינדה סחר בעמ</ManufactureName>
      <ManufactureCountry />
      <ManufactureItemDescription />
      <UnitQty>י"ח</UnitQty>
      <Quantity>200</Quantity>
      <UnitMeasure>ל  גרם</UnitMeasure>
      <BisWeighted>0</BisWeighted>
      <QtyInPackage>1</QtyInPackage>
      <ItemPrice>21.90</ItemPrice>
      <UnitOfMeasurePrice>10.95</UnitOfMeasurePrice>
      <AllowDiscount>1</AllowDiscount>
      <itemStatus>1</itemStatus>
      <LastUpdateDate />
      <LastUpdateTime />
    </Product>
    <Product>
      <PriceUpdateDate>2014/04/30 13:02</PriceUpdateDate>
      <ItemCode>7290102300822</ItemCode>
      <ItemType>1</ItemType>
      <ItemName>צדר אנגלי  כתום  200ג נטו</ItemName>
      <ManufactureName>נטו מלינדה סחר בעמ</ManufactureName>
      <ManufactureCountry />
      <ManufactureItemDescription />
      <UnitQty>י"ח</UnitQty>
      <Quantity>200</Quantity>
      <UnitMeasure>ל  גרם</UnitMeasure>
      <BisWeighted>0</BisWeighted>
      <QtyInPackage>1</QtyInPackage>
      <ItemPrice>19.90</ItemPrice>
      <UnitOfMeasurePrice>9.95</UnitOfMeasurePrice>
      <AllowDiscount>1</AllowDiscount>
      <itemStatus>1</itemStatus>
      <LastUpdateDate />
      <LastUpdateTime />
    </Product>
    <Product>
      <PriceUpdateDate>2014/04/30 13:02</PriceUpdateDate>
      <ItemCode>7290102300860</ItemCode>
      <ItemType>1</ItemType>
      <ItemName>צדר אנגלי לבן 200ג</ItemName>
      <ManufactureName>נטו מלינדה סחר בעמ</ManufactureName>
      <ManufactureCountry />
      <ManufactureItemDescription />
      <UnitQty>י"ח</UnitQty>
      <Quantity>200</Quantity>
      <UnitMeasure>ל  גרם</UnitMeasure>
      <BisWeighted>0</BisWeighted>
      <QtyInPackage>1</QtyInPackage>
      <ItemPrice>19.90</ItemPrice>
      <UnitOfMeasurePrice>9.95</UnitOfMeasurePrice>
      <AllowDiscount>1</AllowDiscount>
      <itemStatus>1</itemStatus>
      <LastUpdateDate />
      <LastUpdateTime />
    </Product>
    <Product>
      <PriceUpdateDate>2020/01/26 09:51</PriceUpdateDate>
      <ItemCode>7290102302857</ItemCode>
      <ItemType>1</ItemType>
      <ItemName>גאודה עגבניות וזיתים 200גר נטו</ItemName>
      <ManufactureName>נטו מלינדה סחר בעמ</ManufactureName>
      <ManufactureCountry />
      <ManufactureItemDescription />
      <UnitQty>י"ח</UnitQty>
      <Quantity>200</Quantity>
      <UnitMeasure>ל  גרם</UnitMeasure>
      <BisWeighted>0</BisWeighted>
      <QtyInPackage>1</QtyInPackage>
      <ItemPrice>25.90</ItemPrice>
      <UnitOfMeasurePrice>12.95</UnitOfMeasurePrice>
      <AllowDiscount>1</AllowDiscount>
      <itemStatus>1</itemStatus>
      <LastUpdateDate />
      <LastUpdateTime />
    </Product>
    <Product>
      <PriceUpdateDate>2020/01/26 09:51</PriceUpdateDate>
      <ItemCode>7290102302864</ItemCode>
      <ItemType>1</ItemType>
      <ItemName>גאודה פסטו ירוק 200גר נטו</ItemName>
      <ManufactureName>נטו מלינדה סחר בעמ</ManufactureName>
      <ManufactureCountry />
      <ManufactureItemDescription />
      <UnitQty>י"ח</UnitQty>
      <Quantity>200</Quantity>
      <UnitMeasure>ל  גרם</UnitMeasure>
      <BisWeighted>0</BisWeighted>
      <QtyInPackage>1</QtyInPackage>
      <ItemPrice>32.90</ItemPrice>
      <UnitOfMeasurePrice>16.45</UnitOfMeasurePrice>
      <AllowDiscount>1</AllowDiscount>
      <itemStatus>1</itemStatus>
      <LastUpdateDate />
      <LastUpdateTime />
    </Product>
    <Product>
      <PriceUpdateDate>2020/01/26 09:51</PriceUpdateDate>
      <ItemCode>7290102302871</ItemCode>
      <ItemType>1</ItemType>
      <ItemName>גאודה פסטו אדום 200גר נטו</ItemName>
      <ManufactureName>נטו מלינדה סחר בעמ</ManufactureName>
      <ManufactureCountry />
      <ManufactureItemDescription />
      <UnitQty>י"ח</UnitQty>
      <Quantity>200</Quantity>
      <UnitMeasure>ל  גרם</UnitMeasure>
      <BisWeighted>0</BisWeighted>
      <QtyInPackage>1</QtyInPackage>
      <ItemPrice>32.90</ItemPrice>
      <UnitOfMeasurePrice>16.45</UnitOfMeasurePrice>
      <AllowDiscount>1</AllowDiscount>
      <itemStatus>1</itemStatus>
      <LastUpdateDate />
      <LastUpdateTime />
    </Product>
    <Product>
      <PriceUpdateDate>2020/01/26 09:51</PriceUpdateDate>
      <ItemCode>7290102302888</ItemCode>
      <ItemType>1</ItemType>
      <ItemName>גאודה כמון 200גר נטו</ItemName>
      <ManufactureName>נטו מלינדה סחר בעמ</ManufactureName>
      <ManufactureCountry />
      <ManufactureItemDescription />
      <UnitQty>י"ח</UnitQty>
      <Quantity>200</Quantity>
      <UnitMeasure>ל  גרם</UnitMeasure>
      <BisWeighted>0</BisWeighted>
      <QtyInPackage>1</QtyInPackage>
      <ItemPrice>25.90</ItemPrice>
      <UnitOfMeasurePrice>12.95</UnitOfMeasurePrice>
      <AllowDiscount>1</AllowDiscount>
      <itemStatus>1</itemStatus>
      <LastUpdateDate />
      <LastUpdateTime />
    </Product>
    <Product>
      <PriceUpdateDate>2016/02/08 08:33</PriceUpdateDate>
      <ItemCode>7290103120658</ItemCode>
      <ItemType>1</ItemType>
      <ItemName>ספיד סטיק 24/7 שחור ג ל</ItemName>
      <ManufactureName>ש.שסטוביץ בעמ</ManufactureName>
      <ManufactureCountry />
      <ManufactureItemDescription />
      <UnitQty>י"ח</UnitQty>
      <Quantity>1</Quantity>
      <UnitMeasure>י"ח</UnitMeasure>
      <BisWeighted>0</BisWeighted>
      <QtyInPackage>1</QtyInPackage>
      <ItemPrice>24.90</ItemPrice>
      <UnitOfMeasurePrice>24.90</UnitOfMeasurePrice>
      <AllowDiscount>1</AllowDiscount>
      <itemStatus>1</itemStatus>
      <LastUpdateDate />
      <LastUpdateTime />
    </Product>
    <Product>
      <PriceUpdateDate>2015/12/20 13:41</PriceUpdateDate>
      <ItemCode>7290103121600</ItemCode>
      <ItemType>1</ItemType>
      <ItemName>ספיד סטיק 24/7 ספריי כתום</ItemName>
      <ManufactureName>ש.שסטוביץ בעמ</ManufactureName>
      <ManufactureCountry />
      <ManufactureItemDescription />
      <UnitQty>י"ח</UnitQty>
      <Quantity>150</Quantity>
      <UnitMeasure>ל  מ"ל</UnitMeasure>
      <BisWeighted>0</BisWeighted>
      <QtyInPackage>1</QtyInPackage>
      <ItemPrice>21.90</ItemPrice>
      <UnitOfMeasurePrice>14.60</UnitOfMeasurePrice>
      <AllowDiscount>1</AllowDiscount>
      <itemStatus>1</itemStatus>
      <LastUpdateDate />
      <LastUpdateTime />
    </Product>
    <Product>
      <PriceUpdateDate>2015/12/20 13:41</PriceUpdateDate>
      <ItemCode>7290103121631</ItemCode>
      <ItemType>1</ItemType>
      <ItemName>ספיד סטיק 24/7 ספריי שחור</ItemName>
      <ManufactureName>ש.שסטוביץ בעמ</ManufactureName>
      <ManufactureCountry />
      <ManufactureItemDescription />
      <UnitQty>י"ח</UnitQty>
      <Quantity>165</Quantity>
      <UnitMeasure>ל  מ"ל</UnitMeasure>
      <BisWeighted>0</BisWeighted>
      <QtyInPackage>1</QtyInPackage>
      <ItemPrice>21.90</ItemPrice>
      <UnitOfMeasurePrice>13.27</UnitOfMeasurePrice>
      <AllowDiscount>1</AllowDiscount>
      <itemStatus>1</itemStatus>
      <LastUpdateDate />
      <LastUpdateTime />
    </Product>
    <Product>
      <PriceUpdateDate>2018/05/03 09:19</PriceUpdateDate>
      <ItemCode>7290103124571</ItemCode>
      <ItemType>1</ItemType>
      <ItemName>פלמוליב סבון נוזלי שרי משאבה 750 מ"ל</ItemName>
      <ManufactureName>ש.שסטוביץ בעמ</ManufactureName>
      <ManufactureCountry />
      <ManufactureItemDescription />
      <UnitQty>י"ח</UnitQty>
      <Quantity>750</Quantity>
      <UnitMeasure>ל  מ"ל</UnitMeasure>
      <BisWeighted>0</BisWeighted>
      <QtyInPackage>1</QtyInPackage>
      <ItemPrice>17.90</ItemPrice>
      <UnitOfMeasurePrice>2.39</UnitOfMeasurePrice>
      <AllowDiscount>1</AllowDiscount>
      <itemStatus>1</itemStatus>
      <LastUpdateDate />
      <LastUpdateTime />
    </Product>
    <Product>
      <PriceUpdateDate>2018/05/03 09:19</PriceUpdateDate>
      <ItemCode>7290103124588</ItemCode>
      <ItemType>1</ItemType>
      <ItemName>פלמוליב סבון נוזלי סגול משאבה 750 מ"ל</ItemName>
      <ManufactureName>ש.שסטוביץ בעמ</ManufactureName>
      <ManufactureCountry />
      <ManufactureItemDescription />
      <UnitQty>י"ח</UnitQty>
      <Quantity>750</Quantity>
      <UnitMeasure>ל  מ"ל</UnitMeasure>
      <BisWeighted>0</BisWeighted>
      <QtyInPackage>1</QtyInPackage>
      <ItemPrice>17.90</ItemPrice>
      <UnitOfMeasurePrice>2.39</UnitOfMeasurePrice>
      <AllowDiscount>1</AllowDiscount>
      <itemStatus>1</itemStatus>
      <LastUpdateDate />
      <LastUpdateTime />
    </Product>
    <Product>
      <PriceUpdateDate>2018/05/03 09:19</PriceUpdateDate>
      <ItemCode>7290103124595</ItemCode>
      <ItemType>1</ItemType>
      <ItemName>פלמוליב סבון נוזלי אדום משאבה 750 מ"ל</ItemName>
      <ManufactureName>ש.שסטוביץ בעמ</ManufactureName>
      <ManufactureCountry />
      <ManufactureItemDescription />
      <UnitQty>י"ח</UnitQty>
      <Quantity>750</Quantity>
      <UnitMeasure>ל  מ"ל</UnitMeasure>
      <BisWeighted>0</BisWeighted>
      <QtyInPackage>1</QtyInPackage>
      <ItemPrice>17.90</ItemPrice>
      <UnitOfMeasurePrice>2.39</UnitOfMeasurePrice>
      <AllowDiscount>1</AllowDiscount>
      <itemStatus>1</itemStatus>
      <LastUpdateDate />
      <LastUpdateTime />
    </Product>
    <Product>
      <PriceUpdateDate>2018/05/03 09:19</PriceUpdateDate>
      <ItemCode>7290103124601</ItemCode>
      <ItemType>1</ItemType>
      <ItemName>פלמוליב סבון נוזלי חלב משאבה 750 מ"ל</ItemName>
      <ManufactureName>ש.שסטוביץ בעמ</ManufactureName>
      <ManufactureCountry />
      <ManufactureItemDescription />
      <UnitQty>י"ח</UnitQty>
      <Quantity>750</Quantity>
      <UnitMeasure>ל  מ"ל</UnitMeasure>
      <BisWeighted>0</BisWeighted>
      <QtyInPackage>1</QtyInPackage>
      <ItemPrice>17.90</ItemPrice>
      <UnitOfMeasurePrice>2.39</UnitOfMeasurePrice>
      <AllowDiscount>1</AllowDiscount>
      <itemStatus>1</itemStatus>
      <LastUpdateDate />
      <LastUpdateTime />
    </Product>
    <Product>
      <PriceUpdateDate>2015/12/20 13:41</PriceUpdateDate>
      <ItemCode>7290103124878</ItemCode>
      <ItemType>1</ItemType>
      <ItemName>ספיד ססטיק ספריי עמיד במים</ItemName>
      <ManufactureName>ש.שסטוביץ בעמ</ManufactureName>
      <ManufactureCountry />
      <ManufactureItemDescription />
      <UnitQty>י"ח</UnitQty>
      <Quantity>1</Quantity>
      <UnitMeasure />
      <BisWeighted>0</BisWeighted>
      <QtyInPackage>1</QtyInPackage>
      <ItemPrice>21.90</ItemPrice>
      <UnitOfMeasurePrice>21.90</UnitOfMeasurePrice>
      <AllowDiscount>1</AllowDiscount>
      <itemStatus>1</itemStatus>
      <LastUpdateDate />
      <LastUpdateTime />
    </Product>
    <Product>
      <PriceUpdateDate>2019/02/03 09:34</PriceUpdateDate>
      <ItemCode>7290103129316</ItemCode>
      <ItemType>1</ItemType>
      <ItemName>פלמוליב סחלב שחור  500</ItemName>
      <ManufactureName>ש.שסטוביץ בעמ</ManufactureName>
      <ManufactureCountry />
      <ManufactureItemDescription />
      <UnitQty>י"ח</UnitQty>
      <Quantity>500</Quantity>
      <UnitMeasure>ל  מ"ל</UnitMeasure>
      <BisWeighted>0</BisWeighted>
      <QtyInPackage>1</QtyInPackage>
      <ItemPrice>15.90</ItemPrice>
      <UnitOfMeasurePrice>3.18</UnitOfMeasurePrice>
      <AllowDiscount>1</AllowDiscount>
      <itemStatus>1</itemStatus>
      <LastUpdateDate />
      <LastUpdateTime />
    </Product>
    <Product>
      <PriceUpdateDate>2015/12/20 13:41</PriceUpdateDate>
      <ItemCode>7290103129361</ItemCode>
      <ItemType>1</ItemType>
      <ItemName>ספיד סטיק 5X ספריי</ItemName>
      <ManufactureName>ש.שסטוביץ בעמ</ManufactureName>
      <ManufactureCountry />
      <ManufactureItemDescription />
      <UnitQty>י"ח</UnitQty>
      <Quantity>100</Quantity>
      <UnitMeasure>ל  גרם</UnitMeasure>
      <BisWeighted>0</BisWeighted>
      <QtyInPackage>1</QtyInPackage>
      <ItemPrice>21.90</ItemPrice>
      <UnitOfMeasurePrice>21.90</UnitOfMeasurePrice>
      <AllowDiscount>1</AllowDiscount>
      <itemStatus>1</itemStatus>
      <LastUpdateDate />
      <LastUpdateTime />
    </Product>
    <Product>
      <PriceUpdateDate>2015/12/03 11:49</PriceUpdateDate>
      <ItemCode>7290103129378</ItemCode>
      <ItemType>1</ItemType>
      <ItemName>ספיד סטיק 5X ג`ל</ItemName>
      <ManufactureName>ש.שסטוביץ בעמ</ManufactureName>
      <ManufactureCountry />
      <ManufactureItemDescription />
      <UnitQty>י"ח</UnitQty>
      <Quantity>100</Quantity>
      <UnitMeasure>ל  גרם</UnitMeasure>
      <BisWeighted>0</BisWeighted>
      <QtyInPackage>1</QtyInPackage>
      <ItemPrice>25.90</ItemPrice>
      <UnitOfMeasurePrice>25.90</UnitOfMeasurePrice>
      <AllowDiscount>1</AllowDiscount>
      <itemStatus>1</itemStatus>
      <LastUpdateDate />
      <LastUpdateTime />
    </Product>
    <Product>
      <PriceUpdateDate>2015/12/03 11:49</PriceUpdateDate>
      <ItemCode>7290103129392</ItemCode>
      <ItemType>1</ItemType>
      <ItemName>ליידי ספיד סטיק</ItemName>
      <ManufactureName>ש.שסטוביץ בעמ</ManufactureName>
      <ManufactureCountry />
      <ManufactureItemDescription />
      <UnitQty>י"ח</UnitQty>
      <Quantity>65</Quantity>
      <UnitMeasure>ל  גרם</UnitMeasure>
      <BisWeighted>0</BisWeighted>
      <QtyInPackage>1</QtyInPackage>
      <ItemPrice>24.90</ItemPrice>
      <UnitOfMeasurePrice>38.31</UnitOfMeasurePrice>
      <AllowDiscount>1</AllowDiscount>
      <itemStatus>1</itemStatus>
      <LastUpdateDate />
      <LastUpdateTime />
    </Product>
    <Product>
      <PriceUpdateDate>2015/12/03 11:49</PriceUpdateDate>
      <ItemCode>7290103129408</ItemCode>
      <ItemType>1</ItemType>
      <ItemName>ליידי ספיד סטיק</ItemName>
      <ManufactureName>ש.שסטוביץ בעמ</ManufactureName>
      <ManufactureCountry />
      <ManufactureItemDescription />
      <UnitQty>י"ח</UnitQty>
      <Quantity>65</Quantity>
      <UnitMeasure>ל  גרם</UnitMeasure>
      <BisWeighted>0</BisWeighted>
      <QtyInPackage>1</QtyInPackage>
      <ItemPrice>24.90</ItemPrice>
      <UnitOfMeasurePrice>38.31</UnitOfMeasurePrice>
      <AllowDiscount>1</AllowDiscount>
      <itemStatus>1</itemStatus>
      <LastUpdateDate />
      <LastUpdateTime />
    </Product>
    <Product>
      <PriceUpdateDate>2019/07/31 11:09</PriceUpdateDate>
      <ItemCode>7290103401276</ItemCode>
      <ItemType>1</ItemType>
      <ItemName>מעדן תאנים %100 250גר</ItemName>
      <ManufactureName>שטראוס גרופ בעמ</ManufactureName>
      <ManufactureCountry />
      <ManufactureItemDescription />
      <UnitQty>י"ח</UnitQty>
      <Quantity>250</Quantity>
      <UnitMeasure>ל  גרם</UnitMeasure>
      <BisWeighted>0</BisWeighted>
      <QtyInPackage>1</QtyInPackage>
      <ItemPrice>14.90</ItemPrice>
      <UnitOfMeasurePrice>5.96</UnitOfMeasurePrice>
      <AllowDiscount>1</AllowDiscount>
      <itemStatus>1</itemStatus>
      <LastUpdateDate />
      <LastUpdateTime />
    </Product>
    <Product>
      <PriceUpdateDate>2018/12/11 16:06</PriceUpdateDate>
      <ItemCode>7290103405724</ItemCode>
      <ItemType>1</ItemType>
      <ItemName>שוקולד חלב עם שברי אגוזים כשל"פ</ItemName>
      <ManufactureName>שטראוס גרופ בעמ</ManufactureName>
      <ManufactureCountry />
      <ManufactureItemDescription />
      <UnitQty>י"ח</UnitQty>
      <Quantity>100</Quantity>
      <UnitMeasure>ל  גרם</UnitMeasure>
      <BisWeighted>0</BisWeighted>
      <QtyInPackage>1</QtyInPackage>
      <ItemPrice>5.90</ItemPrice>
      <UnitOfMeasurePrice>5.90</UnitOfMeasurePrice>
      <AllowDiscount>1</AllowDiscount>
      <itemStatus>1</itemStatus>
      <LastUpdateDate />
      <LastUpdateTime />
    </Product>
    <Product>
      <PriceUpdateDate>2014/01/29 10:36</PriceUpdateDate>
      <ItemCode>7290103407506</ItemCode>
      <ItemType>1</ItemType>
      <ItemName>מקופלת XL חלב כשל"פ 33גר</ItemName>
      <ManufactureName>שטראוס גרופ בעמ</ManufactureName>
      <ManufactureCountry />
      <ManufactureItemDescription />
      <UnitQty>י"ח</UnitQty>
      <Quantity>33</Quantity>
      <UnitMeasure>ל  גרם</UnitMeasure>
      <BisWeighted>0</BisWeighted>
      <QtyInPackage>1</QtyInPackage>
      <ItemPrice>4.90</ItemPrice>
      <UnitOfMeasurePrice>14.85</UnitOfMeasurePrice>
      <AllowDiscount>1</AllowDiscount>
      <itemStatus>1</itemStatus>
      <LastUpdateDate />
      <LastUpdateTime />
    </Product>
    <Product>
      <PriceUpdateDate>2019/07/29 11:22</PriceUpdateDate>
      <ItemCode>7290103680022</ItemCode>
      <ItemType>1</ItemType>
      <ItemName>יין אדום תבור הר שירז 750מ"ל</ItemName>
      <ManufactureName>חברה המרכזית להפצת משקאות בעמ</ManufactureName>
      <ManufactureCountry />
      <ManufactureItemDescription />
      <UnitQty>י"ח</UnitQty>
      <Quantity>750</Quantity>
      <UnitMeasure>ל  מ"ל</UnitMeasure>
      <BisWeighted>0</BisWeighted>
      <QtyInPackage>1</QtyInPackage>
      <ItemPrice>35.90</ItemPrice>
      <UnitOfMeasurePrice>4.75</UnitOfMeasurePrice>
      <AllowDiscount>1</AllowDiscount>
      <itemStatus>1</itemStatus>
      <LastUpdateDate />
      <LastUpdateTime />
    </Product>
    <Product>
      <PriceUpdateDate>2019/07/29 11:22</PriceUpdateDate>
      <ItemCode>7290103680039</ItemCode>
      <ItemType>1</ItemType>
      <ItemName>יין אדום תבור הר מרלו 750מ"ל</ItemName>
      <ManufactureName>חברה המרכזית להפצת משקאות בעמ</ManufactureName>
      <ManufactureCountry />
      <ManufactureItemDescription />
      <UnitQty>י"ח</UnitQty>
      <Quantity>750</Quantity>
      <UnitMeasure>ל  מ"ל</UnitMeasure>
      <BisWeighted>0</BisWeighted>
      <QtyInPackage>1</QtyInPackage>
      <ItemPrice>35.90</ItemPrice>
      <UnitOfMeasurePrice>4.75</UnitOfMeasurePrice>
      <AllowDiscount>1</AllowDiscount>
      <itemStatus>1</itemStatus>
      <LastUpdateDate />
      <LastUpdateTime />
    </Product>
    <Product>
      <PriceUpdateDate>2019/07/29 11:22</PriceUpdateDate>
      <ItemCode>7290103680046</ItemCode>
      <ItemType>1</ItemType>
      <ItemName>יין אדום תבור הר קברנה סובניון 750מ"ל</ItemName>
      <ManufactureName>חברה המרכזית להפצת משקאות בעמ</ManufactureName>
      <ManufactureCountry />
      <ManufactureItemDescription />
      <UnitQty>י"ח</UnitQty>
      <Quantity>750</Quantity>
      <UnitMeasure>ל  מ"ל</UnitMeasure>
      <BisWeighted>0</BisWeighted>
      <QtyInPackage>1</QtyInPackage>
      <ItemPrice>35.90</ItemPrice>
      <UnitOfMeasurePrice>4.75</UnitOfMeasurePrice>
      <AllowDiscount>1</AllowDiscount>
      <itemStatus>1</itemStatus>
      <LastUpdateDate />
      <LastUpdateTime />
    </Product>
    <Product>
      <PriceUpdateDate>2019/07/29 11:22</PriceUpdateDate>
      <ItemCode>7290103680244</ItemCode>
      <ItemType>1</ItemType>
      <ItemName>יין פנינים רוזה</ItemName>
      <ManufactureName>חברה המרכזית להפצת משקאות בעמ</ManufactureName>
      <ManufactureCountry />
      <ManufactureItemDescription />
      <UnitQty>י"ח</UnitQty>
      <Quantity>1</Quantity>
      <UnitMeasure />
      <BisWeighted>0</BisWeighted>
      <QtyInPackage>1</QtyInPackage>
      <ItemPrice>35.90</ItemPrice>
      <UnitOfMeasurePrice>35.90</UnitOfMeasurePrice>
      <AllowDiscount>1</AllowDiscount>
      <itemStatus>1</itemStatus>
      <LastUpdateDate />
      <LastUpdateTime />
    </Product>
    <Product>
      <PriceUpdateDate>2019/07/29 11:22</PriceUpdateDate>
      <ItemCode>7290103680701</ItemCode>
      <ItemType>1</ItemType>
      <ItemName>יין הר גוורצטרמינר לבן חצי יבש</ItemName>
      <ManufactureName>חברה המרכזית להפצת משקאות בעמ</ManufactureName>
      <ManufactureCountry />
      <ManufactureItemDescription />
      <UnitQty>י"ח</UnitQty>
      <Quantity>1</Quantity>
      <UnitMeasure />
      <BisWeighted>0</BisWeighted>
      <QtyInPackage>1</QtyInPackage>
      <ItemPrice>35.90</ItemPrice>
      <UnitOfMeasurePrice>35.90</UnitOfMeasurePrice>
      <AllowDiscount>1</AllowDiscount>
      <itemStatus>1</itemStatus>
      <LastUpdateDate />
      <LastUpdateTime />
    </Product>
    <Product>
      <PriceUpdateDate>2019/07/29 11:22</PriceUpdateDate>
      <ItemCode>7290103680961</ItemCode>
      <ItemType>1</ItemType>
      <ItemName>יין אדום תבור הר רוזה 750מ"ל</ItemName>
      <ManufactureName>חברה המרכזית להפצת משקאות בעמ</ManufactureName>
      <ManufactureCountry />
      <ManufactureItemDescription />
      <UnitQty>י"ח</UnitQty>
      <Quantity>750</Quantity>
      <UnitMeasure>ל  מ"ל</UnitMeasure>
      <BisWeighted>0</BisWeighted>
      <QtyInPackage>1</QtyInPackage>
      <ItemPrice>35.90</ItemPrice>
      <UnitOfMeasurePrice>4.75</UnitOfMeasurePrice>
      <AllowDiscount>1</AllowDiscount>
      <itemStatus>1</itemStatus>
      <LastUpdateDate />
      <LastUpdateTime />
    </Product>
    <Product>
      <PriceUpdateDate>2019/07/29 11:22</PriceUpdateDate>
      <ItemCode>7290103681012</ItemCode>
      <ItemType>1</ItemType>
      <ItemName>יין אדום תבור הר קברנה סובניון 750מ"ל</ItemName>
      <ManufactureName>חברה המרכזית להפצת משקאות בעמ</ManufactureName>
      <ManufactureCountry />
      <ManufactureItemDescription />
      <UnitQty>י"ח</UnitQty>
      <Quantity>750</Quantity>
      <UnitMeasure>ל  מ"ל</UnitMeasure>
      <BisWeighted>0</BisWeighted>
      <QtyInPackage>1</QtyInPackage>
      <ItemPrice>35.90</ItemPrice>
      <UnitOfMeasurePrice>4.75</UnitOfMeasurePrice>
      <AllowDiscount>1</AllowDiscount>
      <itemStatus>1</itemStatus>
      <LastUpdateDate />
      <LastUpdateTime />
    </Product>
    <Product>
      <PriceUpdateDate>2019/07/29 11:22</PriceUpdateDate>
      <ItemCode>7290103681173</ItemCode>
      <ItemType>1</ItemType>
      <ItemName>יין אדום תבור הר ק.סוביניון 750מ"ל</ItemName>
      <ManufactureName>חברה המרכזית להפצת משקאות בעמ</ManufactureName>
      <ManufactureCountry />
      <ManufactureItemDescription />
      <UnitQty>י"ח</UnitQty>
      <Quantity>750</Quantity>
      <UnitMeasure>ל  מ"ל</UnitMeasure>
      <BisWeighted>0</BisWeighted>
      <QtyInPackage>1</QtyInPackage>
      <ItemPrice>35.90</ItemPrice>
      <UnitOfMeasurePrice>4.75</UnitOfMeasurePrice>
      <AllowDiscount>1</AllowDiscount>
      <itemStatus>1</itemStatus>
      <LastUpdateDate />
      <LastUpdateTime />
    </Product>
    <Product>
      <PriceUpdateDate>2019/07/29 11:22</PriceUpdateDate>
      <ItemCode>7290103681180</ItemCode>
      <ItemType>1</ItemType>
      <ItemName>יין אדום תבור הר מרלו 750מ"ל</ItemName>
      <ManufactureName>חברה המרכזית להפצת משקאות בעמ</ManufactureName>
      <ManufactureCountry />
      <ManufactureItemDescription />
      <UnitQty>י"ח</UnitQty>
      <Quantity>750</Quantity>
      <UnitMeasure>ל  מ"ל</UnitMeasure>
      <BisWeighted>0</BisWeighted>
      <QtyInPackage>1</QtyInPackage>
      <ItemPrice>35.90</ItemPrice>
      <UnitOfMeasurePrice>4.75</UnitOfMeasurePrice>
      <AllowDiscount>1</AllowDiscount>
      <itemStatus>1</itemStatus>
      <LastUpdateDate />
      <LastUpdateTime />
    </Product>
    <Product>
      <PriceUpdateDate>2019/07/29 11:22</PriceUpdateDate>
      <ItemCode>7290103681197</ItemCode>
      <ItemType>1</ItemType>
      <ItemName>יין אדום תבור הר שיראז 750מ"ל</ItemName>
      <ManufactureName>חברה המרכזית להפצת משקאות בעמ</ManufactureName>
      <ManufactureCountry />
      <ManufactureItemDescription />
      <UnitQty>י"ח</UnitQty>
      <Quantity>750</Quantity>
      <UnitMeasure>ל  מ"ל</UnitMeasure>
      <BisWeighted>0</BisWeighted>
      <QtyInPackage>1</QtyInPackage>
      <ItemPrice>35.90</ItemPrice>
      <UnitOfMeasurePrice>4.75</UnitOfMeasurePrice>
      <AllowDiscount>1</AllowDiscount>
      <itemStatus>1</itemStatus>
      <LastUpdateDate />
      <LastUpdateTime />
    </Product>
    <Product>
      <PriceUpdateDate>2019/07/29 11:22</PriceUpdateDate>
      <ItemCode>7290103681210</ItemCode>
      <ItemType>1</ItemType>
      <ItemName>יין אדום תבור הר שרדונה 750מ"ל</ItemName>
      <ManufactureName>חברה המרכזית להפצת משקאות בעמ</ManufactureName>
      <ManufactureCountry />
      <ManufactureItemDescription />
      <UnitQty>י"ח</UnitQty>
      <Quantity>750</Quantity>
      <UnitMeasure>ל  מ"ל</UnitMeasure>
      <BisWeighted>0</BisWeighted>
      <QtyInPackage>1</QtyInPackage>
      <ItemPrice>35.90</ItemPrice>
      <UnitOfMeasurePrice>4.75</UnitOfMeasurePrice>
      <AllowDiscount>1</AllowDiscount>
      <itemStatus>1</itemStatus>
      <LastUpdateDate />
      <LastUpdateTime />
    </Product>
    <Product>
      <PriceUpdateDate>2019/07/29 11:22</PriceUpdateDate>
      <ItemCode>7290103681227</ItemCode>
      <ItemType>1</ItemType>
      <ItemName>יין אדום תבור הר גוורצטרמינר 750מ"ל</ItemName>
      <ManufactureName>חברה המרכזית להפצת משקאות בעמ</ManufactureName>
      <ManufactureCountry />
      <ManufactureItemDescription />
      <UnitQty>י"ח</UnitQty>
      <Quantity>750</Quantity>
      <UnitMeasure>ל  מ"ל</UnitMeasure>
      <BisWeighted>0</BisWeighted>
      <QtyInPackage>1</QtyInPackage>
      <ItemPrice>35.90</ItemPrice>
      <UnitOfMeasurePrice>4.75</UnitOfMeasurePrice>
      <AllowDiscount>1</AllowDiscount>
      <itemStatus>1</itemStatus>
      <LastUpdateDate />
      <LastUpdateTime />
    </Product>
    <Product>
      <PriceUpdateDate>2019/07/29 11:22</PriceUpdateDate>
      <ItemCode>7290103681234</ItemCode>
      <ItemType>1</ItemType>
      <ItemName>יין אדום תבור הר רוזה 750מ"ל</ItemName>
      <ManufactureName>חברה המרכזית להפצת משקאות בעמ</ManufactureName>
      <ManufactureCountry />
      <ManufactureItemDescription />
      <UnitQty>י"ח</UnitQty>
      <Quantity>750</Quantity>
      <UnitMeasure>ל  מ"ל</UnitMeasure>
      <BisWeighted>0</BisWeighted>
      <QtyInPackage>1</QtyInPackage>
      <ItemPrice>35.90</ItemPrice>
      <UnitOfMeasurePrice>4.75</UnitOfMeasurePrice>
      <AllowDiscount>1</AllowDiscount>
      <itemStatus>1</itemStatus>
      <LastUpdateDate />
      <LastUpdateTime />
    </Product>
    <Product>
      <PriceUpdateDate>2019/07/29 11:22</PriceUpdateDate>
      <ItemCode>7290103681241</ItemCode>
      <ItemType>1</ItemType>
      <ItemName>יין אדום תבור הר מוסקטו 750מ"ל</ItemName>
      <ManufactureName>חברה המרכזית להפצת משקאות בעמ</ManufactureName>
      <ManufactureCountry />
      <ManufactureItemDescription />
      <UnitQty>י"ח</UnitQty>
      <Quantity>750</Quantity>
      <UnitMeasure>ל  מ"ל</UnitMeasure>
      <BisWeighted>0</BisWeighted>
      <QtyInPackage>1</QtyInPackage>
      <ItemPrice>35.90</ItemPrice>
      <UnitOfMeasurePrice>4.75</UnitOfMeasurePrice>
      <AllowDiscount>1</AllowDiscount>
      <itemStatus>1</itemStatus>
      <LastUpdateDate />
      <LastUpdateTime />
    </Product>
    <Product>
      <PriceUpdateDate>2019/02/21 08:29</PriceUpdateDate>
      <ItemCode>7290103681364</ItemCode>
      <ItemType>1</ItemType>
      <ItemName>קברנה סוביניון  750מ"ל תבור אדמה</ItemName>
      <ManufactureName>חברה המרכזית להפצת משקאות בעמ</ManufactureName>
      <ManufactureCountry />
      <ManufactureItemDescription />
      <UnitQty>י"ח</UnitQty>
      <Quantity>750</Quantity>
      <UnitMeasure>ל  מ"ל</UnitMeasure>
      <BisWeighted>0</BisWeighted>
      <QtyInPackage>1</QtyInPackage>
      <ItemPrice>50.20</ItemPrice>
      <UnitOfMeasurePrice>6.65</UnitOfMeasurePrice>
      <AllowDiscount>1</AllowDiscount>
      <itemStatus>1</itemStatus>
      <LastUpdateDate />
      <LastUpdateTime />
    </Product>
    <Product>
      <PriceUpdateDate>2019/02/21 08:29</PriceUpdateDate>
      <ItemCode>7290103681371</ItemCode>
      <ItemType>1</ItemType>
      <ItemName>מרלו 750מ"ל תבור אדמה</ItemName>
      <ManufactureName>חברה המרכזית להפצת משקאות בעמ</ManufactureName>
      <ManufactureCountry />
      <ManufactureItemDescription />
      <UnitQty>י"ח</UnitQty>
      <Quantity>750</Quantity>
      <UnitMeasure>ל  מ"ל</UnitMeasure>
      <BisWeighted>0</BisWeighted>
      <QtyInPackage>1</QtyInPackage>
      <ItemPrice>50.20</ItemPrice>
      <UnitOfMeasurePrice>6.65</UnitOfMeasurePrice>
      <AllowDiscount>1</AllowDiscount>
      <itemStatus>1</itemStatus>
      <LastUpdateDate />
      <LastUpdateTime />
    </Product>
    <Product>
      <PriceUpdateDate>2019/02/21 08:29</PriceUpdateDate>
      <ItemCode>7290103681388</ItemCode>
      <ItemType>1</ItemType>
      <ItemName>שרדונה  750מ"ל תבור אדמה</ItemName>
      <ManufactureName>חברה המרכזית להפצת משקאות בעמ</ManufactureName>
      <ManufactureCountry />
      <ManufactureItemDescription />
      <UnitQty>י"ח</UnitQty>
      <Quantity>750</Quantity>
      <UnitMeasure>ל  מ"ל</UnitMeasure>
      <BisWeighted>0</BisWeighted>
      <QtyInPackage>1</QtyInPackage>
      <ItemPrice>50.20</ItemPrice>
      <UnitOfMeasurePrice>6.65</UnitOfMeasurePrice>
      <AllowDiscount>1</AllowDiscount>
      <itemStatus>1</itemStatus>
      <LastUpdateDate />
      <LastUpdateTime />
    </Product>
    <Product>
      <PriceUpdateDate>2019/04/02 10:07</PriceUpdateDate>
      <ItemCode>7290103681395</ItemCode>
      <ItemType>1</ItemType>
      <ItemName>יין טיפסי לבן 750מ"ל</ItemName>
      <ManufactureName>חברה המרכזית להפצת משקאות בעמ</ManufactureName>
      <ManufactureCountry />
      <ManufactureItemDescription />
      <UnitQty>י"ח</UnitQty>
      <Quantity>750</Quantity>
      <UnitMeasure>ל  מ"ל</UnitMeasure>
      <BisWeighted>0</BisWeighted>
      <QtyInPackage>1</QtyInPackage>
      <ItemPrice>35.20</ItemPrice>
      <UnitOfMeasurePrice>4.65</UnitOfMeasurePrice>
      <AllowDiscount>1</AllowDiscount>
      <itemStatus>1</itemStatus>
      <LastUpdateDate />
      <LastUpdateTime />
    </Product>
    <Product>
      <PriceUpdateDate>2019/04/02 10:07</PriceUpdateDate>
      <ItemCode>7290103681401</ItemCode>
      <ItemType>1</ItemType>
      <ItemName>יין טיפסי אדום 750מ"ל</ItemName>
      <ManufactureName>חברה המרכזית להפצת משקאות בעמ</ManufactureName>
      <ManufactureCountry />
      <ManufactureItemDescription />
      <UnitQty>י"ח</UnitQty>
      <Quantity>750</Quantity>
      <UnitMeasure>ל  מ"ל</UnitMeasure>
      <BisWeighted>0</BisWeighted>
      <QtyInPackage>1</QtyInPackage>
      <ItemPrice>35.20</ItemPrice>
      <UnitOfMeasurePrice>4.65</UnitOfMeasurePrice>
      <AllowDiscount>1</AllowDiscount>
      <itemStatus>1</itemStatus>
      <LastUpdateDate />
      <LastUpdateTime />
    </Product>
    <Product>
      <PriceUpdateDate>2019/09/04 09:04</PriceUpdateDate>
      <ItemCode>7290103700041</ItemCode>
      <ItemType>1</ItemType>
      <ItemName> טאצ`מטליות רב שימושיות מארז תשיעייה</ItemName>
      <ManufactureName>שניב תעשיות נייר בעמ</ManufactureName>
      <ManufactureCountry />
      <ManufactureItemDescription />
      <UnitQty>י"ח</UnitQty>
      <Quantity>1</Quantity>
      <UnitMeasure />
      <BisWeighted>0</BisWeighted>
      <QtyInPackage>1</QtyInPackage>
      <ItemPrice>8.90</ItemPrice>
      <UnitOfMeasurePrice>8.90</UnitOfMeasurePrice>
      <AllowDiscount>1</AllowDiscount>
      <itemStatus>1</itemStatus>
      <LastUpdateDate />
      <LastUpdateTime />
    </Product>
    <Product>
      <PriceUpdateDate>2019/09/04 09:04</PriceUpdateDate>
      <ItemCode>7290103700072</ItemCode>
      <ItemType>1</ItemType>
      <ItemName> טאצ`מטליות זיז זג מארז 3יח</ItemName>
      <ManufactureName>שניב תעשיות נייר בעמ</ManufactureName>
      <ManufactureCountry />
      <ManufactureItemDescription />
      <UnitQty>י"ח</UnitQty>
      <Quantity>1</Quantity>
      <UnitMeasure />
      <BisWeighted>0</BisWeighted>
      <QtyInPackage>1</QtyInPackage>
      <ItemPrice>8.90</ItemPrice>
      <UnitOfMeasurePrice>8.90</UnitOfMeasurePrice>
      <AllowDiscount>1</AllowDiscount>
      <itemStatus>1</itemStatus>
      <LastUpdateDate />
      <LastUpdateTime />
    </Product>
    <Product>
      <PriceUpdateDate>2018/12/07 08:41</PriceUpdateDate>
      <ItemCode>7290103700089</ItemCode>
      <ItemType>1</ItemType>
      <ItemName>מגבות מטבח המותג  שישייה</ItemName>
      <ManufactureName>שניב תעשיות נייר בעמ</ManufactureName>
      <ManufactureCountry />
      <ManufactureItemDescription />
      <UnitQty>י"ח</UnitQty>
      <Quantity>63</Quantity>
      <UnitMeasure>מטר</UnitMeasure>
      <BisWeighted>0</BisWeighted>
      <QtyInPackage>1</QtyInPackage>
      <ItemPrice>11.90</ItemPrice>
      <UnitOfMeasurePrice>0.19</UnitOfMeasurePrice>
      <AllowDiscount>1</AllowDiscount>
      <itemStatus>1</itemStatus>
      <LastUpdateDate />
      <LastUpdateTime />
    </Product>
    <Product>
      <PriceUpdateDate>2014/02/23 17:45</PriceUpdateDate>
      <ItemCode>7290103700102</ItemCode>
      <ItemType>1</ItemType>
      <ItemName>מגבות מטבח  טאץ` שמינייה</ItemName>
      <ManufactureName>שניב תעשיות נייר בעמ</ManufactureName>
      <ManufactureCountry />
      <ManufactureItemDescription />
      <UnitQty>י"ח</UnitQty>
      <Quantity>1</Quantity>
      <UnitMeasure />
      <BisWeighted>0</BisWeighted>
      <QtyInPackage>1</QtyInPackage>
      <ItemPrice>14.90</ItemPrice>
      <UnitOfMeasurePrice>14.90</UnitOfMeasurePrice>
      <AllowDiscount>1</AllowDiscount>
      <itemStatus>1</itemStatus>
      <LastUpdateDate />
      <LastUpdateTime />
    </Product>
    <Product>
      <PriceUpdateDate>2015/01/25 08:51</PriceUpdateDate>
      <ItemCode>7290103700225</ItemCode>
      <ItemType>1</ItemType>
      <ItemName>טאצ`רדיד אלומיניום ארוך זוג</ItemName>
      <ManufactureName>שניב תעשיות נייר בעמ</ManufactureName>
      <ManufactureCountry />
      <ManufactureItemDescription />
      <UnitQty>י"ח</UnitQty>
      <Quantity>1</Quantity>
      <UnitMeasure />
      <BisWeighted>0</BisWeighted>
      <QtyInPackage>1</QtyInPackage>
      <ItemPrice>16.90</ItemPrice>
      <UnitOfMeasurePrice>16.90</UnitOfMeasurePrice>
      <AllowDiscount>1</AllowDiscount>
      <itemStatus>1</itemStatus>
      <LastUpdateDate />
      <LastUpdateTime />
    </Product>
    <Product>
      <PriceUpdateDate>2014/11/30 09:37</PriceUpdateDate>
      <ItemCode>7290103700379</ItemCode>
      <ItemType>1</ItemType>
      <ItemName>טאצ`כריות ענקיות שלישיה</ItemName>
      <ManufactureName>שניב תעשיות נייר בעמ</ManufactureName>
      <ManufactureCountry />
      <ManufactureItemDescription />
      <UnitQty>י"ח</UnitQty>
      <Quantity>1</Quantity>
      <UnitMeasure />
      <BisWeighted>0</BisWeighted>
      <QtyInPackage>1</QtyInPackage>
      <ItemPrice>9.90</ItemPrice>
      <UnitOfMeasurePrice>9.90</UnitOfMeasurePrice>
      <AllowDiscount>1</AllowDiscount>
      <itemStatus>1</itemStatus>
      <LastUpdateDate />
      <LastUpdateTime />
    </Product>
    <Product>
      <PriceUpdateDate>2014/11/30 09:37</PriceUpdateDate>
      <ItemCode>7290103700386</ItemCode>
      <ItemType>1</ItemType>
      <ItemName>טאצ`כריות קרצוף שישיה</ItemName>
      <ManufactureName>שניב תעשיות נייר בעמ</ManufactureName>
      <ManufactureCountry />
      <ManufactureItemDescription />
      <UnitQty>י"ח</UnitQty>
      <Quantity>1</Quantity>
      <UnitMeasure />
      <BisWeighted>0</BisWeighted>
      <QtyInPackage>1</QtyInPackage>
      <ItemPrice>9.90</ItemPrice>
      <UnitOfMeasurePrice>9.90</UnitOfMeasurePrice>
      <AllowDiscount>1</AllowDiscount>
      <itemStatus>1</itemStatus>
      <LastUpdateDate />
      <LastUpdateTime />
    </Product>
    <Product>
      <PriceUpdateDate>2014/11/30 09:37</PriceUpdateDate>
      <ItemCode>7290103700393</ItemCode>
      <ItemType>1</ItemType>
      <ItemName>טאצ`כריות קרצוף רביעייה</ItemName>
      <ManufactureName>שניב תעשיות נייר בעמ</ManufactureName>
      <ManufactureCountry />
      <ManufactureItemDescription />
      <UnitQty>י"ח</UnitQty>
      <Quantity>1</Quantity>
      <UnitMeasure />
      <BisWeighted>0</BisWeighted>
      <QtyInPackage>1</QtyInPackage>
      <ItemPrice>9.90</ItemPrice>
      <UnitOfMeasurePrice>9.90</UnitOfMeasurePrice>
      <AllowDiscount>1</AllowDiscount>
      <itemStatus>1</itemStatus>
      <LastUpdateDate />
      <LastUpdateTime />
    </Product>
    <Product>
      <PriceUpdateDate>2018/06/03 14:12</PriceUpdateDate>
      <ItemCode>7290103700997</ItemCode>
      <ItemType>1</ItemType>
      <ItemName>נייר טואלט לובלי 40גלילים</ItemName>
      <ManufactureName>שניב תעשיות נייר בעמ</ManufactureName>
      <ManufactureCountry />
      <ManufactureItemDescription />
      <UnitQty>י"ח</UnitQty>
      <Quantity>1969</Quantity>
      <UnitMeasure>ל  גרם</UnitMeasure>
      <BisWeighted>0</BisWeighted>
      <QtyInPackage>1</QtyInPackage>
      <ItemPrice>39.90</ItemPrice>
      <UnitOfMeasurePrice>2.03</UnitOfMeasurePrice>
      <AllowDiscount>1</AllowDiscount>
      <itemStatus>1</itemStatus>
      <LastUpdateDate />
      <LastUpdateTime />
    </Product>
    <Product>
      <PriceUpdateDate>2018/08/14 10:35</PriceUpdateDate>
      <ItemCode>7290103701161</ItemCode>
      <ItemType>1</ItemType>
      <ItemName>טאצ ניילון נצמד  150מטר</ItemName>
      <ManufactureName>שניב תעשיות נייר בעמ</ManufactureName>
      <ManufactureCountry />
      <ManufactureItemDescription />
      <UnitQty>י"ח</UnitQty>
      <Quantity>150</Quantity>
      <UnitMeasure>מטר</UnitMeasure>
      <BisWeighted>0</BisWeighted>
      <QtyInPackage>1</QtyInPackage>
      <ItemPrice>23.90</ItemPrice>
      <UnitOfMeasurePrice>0.16</UnitOfMeasurePrice>
      <AllowDiscount>1</AllowDiscount>
      <itemStatus>1</itemStatus>
      <LastUpdateDate />
      <LastUpdateTime />
    </Product>
    <Product>
      <PriceUpdateDate>2016/07/31 13:30</PriceUpdateDate>
      <ItemCode>7290103702304</ItemCode>
      <ItemType>1</ItemType>
      <ItemName> טאצ`אשפתון עבה במיוחד 35יח בגליל 90*7</ItemName>
      <ManufactureName>שניב תעשיות נייר בעמ</ManufactureName>
      <ManufactureCountry />
      <ManufactureItemDescription />
      <UnitQty>י"ח</UnitQty>
      <Quantity>50</Quantity>
      <UnitMeasure>י"ח</UnitMeasure>
      <BisWeighted>0</BisWeighted>
      <QtyInPackage>1</QtyInPackage>
      <ItemPrice>16.90</ItemPrice>
      <UnitOfMeasurePrice>0.34</UnitOfMeasurePrice>
      <AllowDiscount>1</AllowDiscount>
      <itemStatus>1</itemStatus>
      <LastUpdateDate />
      <LastUpdateTime />
    </Product>
    <Product>
      <PriceUpdateDate>2016/07/31 13:30</PriceUpdateDate>
      <ItemCode>7290103702328</ItemCode>
      <ItemType>1</ItemType>
      <ItemName> טאצ`אשפתון עבה וחזק במיוחד 25יח בגליל</ItemName>
      <ManufactureName>שניב תעשיות נייר בעמ</ManufactureName>
      <ManufactureCountry />
      <ManufactureItemDescription />
      <UnitQty>י"ח</UnitQty>
      <Quantity>50</Quantity>
      <UnitMeasure>י"ח</UnitMeasure>
      <BisWeighted>0</BisWeighted>
      <QtyInPackage>1</QtyInPackage>
      <ItemPrice>16.90</ItemPrice>
      <UnitOfMeasurePrice>0.34</UnitOfMeasurePrice>
      <AllowDiscount>1</AllowDiscount>
      <itemStatus>1</itemStatus>
      <LastUpdateDate />
      <LastUpdateTime />
    </Product>
    <Product>
      <PriceUpdateDate>2020/01/12 13:26</PriceUpdateDate>
      <ItemCode>7290103702564</ItemCode>
      <ItemType>1</ItemType>
      <ItemName>נייר טואלט LOVELY 30גלילים</ItemName>
      <ManufactureName>שניב תעשיות נייר בעמ</ManufactureName>
      <ManufactureCountry />
      <ManufactureItemDescription />
      <UnitQty>י"ח</UnitQty>
      <Quantity>2338</Quantity>
      <UnitMeasure>ל  גרם</UnitMeasure>
      <BisWeighted>0</BisWeighted>
      <QtyInPackage>1</QtyInPackage>
      <ItemPrice>29.90</ItemPrice>
      <UnitOfMeasurePrice>1.28</UnitOfMeasurePrice>
      <AllowDiscount>1</AllowDiscount>
      <itemStatus>1</itemStatus>
      <LastUpdateDate />
      <LastUpdateTime />
    </Product>
    <Product>
      <PriceUpdateDate>2020/03/27 08:08</PriceUpdateDate>
      <ItemCode>7290103702663</ItemCode>
      <ItemType>1</ItemType>
      <ItemName>מגבות מטבח  לאבלי שמינייה.</ItemName>
      <ManufactureName>שניב תעשיות נייר בעמ</ManufactureName>
      <ManufactureCountry />
      <ManufactureItemDescription />
      <UnitQty>י"ח</UnitQty>
      <Quantity>1</Quantity>
      <UnitMeasure />
      <BisWeighted>0</BisWeighted>
      <QtyInPackage>1</QtyInPackage>
      <ItemPrice>13.90</ItemPrice>
      <UnitOfMeasurePrice>13.90</UnitOfMeasurePrice>
      <AllowDiscount>1</AllowDiscount>
      <itemStatus>1</itemStatus>
      <LastUpdateDate />
      <LastUpdateTime />
    </Product>
    <Product>
      <PriceUpdateDate>2016/09/07 15:32</PriceUpdateDate>
      <ItemCode>7290103702779</ItemCode>
      <ItemType>1</ItemType>
      <ItemName>מפיות  טאצ `150יח`</ItemName>
      <ManufactureName>שניב תעשיות נייר בעמ</ManufactureName>
      <ManufactureCountry />
      <ManufactureItemDescription />
      <UnitQty>י"ח</UnitQty>
      <Quantity>150</Quantity>
      <UnitMeasure>י"ח</UnitMeasure>
      <BisWeighted>0</BisWeighted>
      <QtyInPackage>1</QtyInPackage>
      <ItemPrice>7.90</ItemPrice>
      <UnitOfMeasurePrice>0.05</UnitOfMeasurePrice>
      <AllowDiscount>1</AllowDiscount>
      <itemStatus>1</itemStatus>
      <LastUpdateDate />
      <LastUpdateTime />
    </Product>
    <Product>
      <PriceUpdateDate>2019/09/03 08:30</PriceUpdateDate>
      <ItemCode>7290103703004</ItemCode>
      <ItemType>1</ItemType>
      <ItemName>נייר טואלט טאצ מהדורת פרחים חגי  40 גליל</ItemName>
      <ManufactureName>שניב תעשיות נייר בעמ</ManufactureName>
      <ManufactureCountry />
      <ManufactureItemDescription />
      <UnitQty>י"ח</UnitQty>
      <Quantity>40</Quantity>
      <UnitMeasure>י"ח</UnitMeasure>
      <BisWeighted>0</BisWeighted>
      <QtyInPackage>1</QtyInPackage>
      <ItemPrice>29.90</ItemPrice>
      <UnitOfMeasurePrice>0.75</UnitOfMeasurePrice>
      <AllowDiscount>1</AllowDiscount>
      <itemStatus>1</itemStatus>
      <LastUpdateDate />
      <LastUpdateTime />
    </Product>
    <Product>
      <PriceUpdateDate>2019/11/19 08:41</PriceUpdateDate>
      <ItemCode>7290103703844</ItemCode>
      <ItemType>1</ItemType>
      <ItemName>מגבות מטבח 8 יח כפול  לובלי</ItemName>
      <ManufactureName>שניב תעשיות נייר בעמ</ManufactureName>
      <ManufactureCountry />
      <ManufactureItemDescription />
      <UnitQty>י"ח</UnitQty>
      <Quantity>1</Quantity>
      <UnitMeasure />
      <BisWeighted>0</BisWeighted>
      <QtyInPackage>1</QtyInPackage>
      <ItemPrice>25</ItemPrice>
      <UnitOfMeasurePrice>25</UnitOfMeasurePrice>
      <AllowDiscount>1</AllowDiscount>
      <itemStatus>1</itemStatus>
      <LastUpdateDate />
      <LastUpdateTime />
    </Product>
    <Product>
      <PriceUpdateDate>2018/06/03 14:12</PriceUpdateDate>
      <ItemCode>7290103722005</ItemCode>
      <ItemType>1</ItemType>
      <ItemName>נייר טואלט לוולי 32 גליל לבן</ItemName>
      <ManufactureName>שניב תעשיות נייר בעמ</ManufactureName>
      <ManufactureCountry />
      <ManufactureItemDescription />
      <UnitQty>י"ח</UnitQty>
      <Quantity>588</Quantity>
      <UnitMeasure>מטר</UnitMeasure>
      <BisWeighted>0</BisWeighted>
      <QtyInPackage>1</QtyInPackage>
      <ItemPrice>34.90</ItemPrice>
      <UnitOfMeasurePrice>0.06</UnitOfMeasurePrice>
      <AllowDiscount>1</AllowDiscount>
      <itemStatus>1</itemStatus>
      <LastUpdateDate />
      <LastUpdateTime />
    </Product>
    <Product>
      <PriceUpdateDate>2018/06/03 14:12</PriceUpdateDate>
      <ItemCode>7290103739003</ItemCode>
      <ItemType>1</ItemType>
      <ItemName>נייר טואלט לוולי 32 גליל אפרסק</ItemName>
      <ManufactureName>שניב תעשיות נייר בעמ</ManufactureName>
      <ManufactureCountry />
      <ManufactureItemDescription />
      <UnitQty>י"ח</UnitQty>
      <Quantity>32</Quantity>
      <UnitMeasure>י"ח</UnitMeasure>
      <BisWeighted>0</BisWeighted>
      <QtyInPackage>1</QtyInPackage>
      <ItemPrice>34.90</ItemPrice>
      <UnitOfMeasurePrice>1.09</UnitOfMeasurePrice>
      <AllowDiscount>1</AllowDiscount>
      <itemStatus>1</itemStatus>
      <LastUpdateDate />
      <LastUpdateTime />
    </Product>
    <Product>
      <PriceUpdateDate>2014/01/09 08:11</PriceUpdateDate>
      <ItemCode>7290103743000</ItemCode>
      <ItemType>1</ItemType>
      <ItemName>נייר טואלט לוולי 32 גליל</ItemName>
      <ManufactureName>שניב תעשיות נייר בעמ</ManufactureName>
      <ManufactureCountry />
      <ManufactureItemDescription />
      <UnitQty>י"ח</UnitQty>
      <Quantity>32</Quantity>
      <UnitMeasure>י"ח</UnitMeasure>
      <BisWeighted>0</BisWeighted>
      <QtyInPackage>1</QtyInPackage>
      <ItemPrice>32</ItemPrice>
      <UnitOfMeasurePrice>1</UnitOfMeasurePrice>
      <AllowDiscount>1</AllowDiscount>
      <itemStatus>1</itemStatus>
      <LastUpdateDate />
      <LastUpdateTime />
    </Product>
    <Product>
      <PriceUpdateDate>2015/11/16 13:02</PriceUpdateDate>
      <ItemCode>7290104061219</ItemCode>
      <ItemType>1</ItemType>
      <ItemName>רבע לשבע וופל קרם אגוזים 120גר`</ItemName>
      <ManufactureName>שטראוס גרופ בעמ</ManufactureName>
      <ManufactureCountry />
      <ManufactureItemDescription />
      <UnitQty>י"ח</UnitQty>
      <Quantity>120</Quantity>
      <UnitMeasure>ל  גרם</UnitMeasure>
      <BisWeighted>0</BisWeighted>
      <QtyInPackage>1</QtyInPackage>
      <ItemPrice>11.90</ItemPrice>
      <UnitOfMeasurePrice>9.92</UnitOfMeasurePrice>
      <AllowDiscount>1</AllowDiscount>
      <itemStatus>1</itemStatus>
      <LastUpdateDate />
      <LastUpdateTime />
    </Product>
    <Product>
      <PriceUpdateDate>2015/06/09 09:28</PriceUpdateDate>
      <ItemCode>7290104065576</ItemCode>
      <ItemType>1</ItemType>
      <ItemName>חטיף אגוזי מריר</ItemName>
      <ManufactureName>שטראוס גרופ בעמ</ManufactureName>
      <ManufactureCountry />
      <ManufactureItemDescription />
      <UnitQty>י"ח</UnitQty>
      <Quantity>45</Quantity>
      <UnitMeasure>ל  גרם</UnitMeasure>
      <BisWeighted>0</BisWeighted>
      <QtyInPackage>1</QtyInPackage>
      <ItemPrice>3.90</ItemPrice>
      <UnitOfMeasurePrice>8.67</UnitOfMeasurePrice>
      <AllowDiscount>1</AllowDiscount>
      <itemStatus>1</itemStatus>
      <LastUpdateDate />
      <LastUpdateTime />
    </Product>
    <Product>
      <PriceUpdateDate>2018/02/14 10:43</PriceUpdateDate>
      <ItemCode>7290104066016</ItemCode>
      <ItemType>1</ItemType>
      <ItemName>מילקי טופ עדשים</ItemName>
      <ManufactureName>שטראוס גרופ ***בעמ</ManufactureName>
      <ManufactureCountry />
      <ManufactureItemDescription />
      <UnitQty>י"ח</UnitQty>
      <Quantity>134</Quantity>
      <UnitMeasure>ל  גרם</UnitMeasure>
      <BisWeighted>0</BisWeighted>
      <QtyInPackage>1</QtyInPackage>
      <ItemPrice>4.80</ItemPrice>
      <UnitOfMeasurePrice>3.58</UnitOfMeasurePrice>
      <AllowDiscount>1</AllowDiscount>
      <itemStatus>1</itemStatus>
      <LastUpdateDate />
      <LastUpdateTime />
    </Product>
    <Product>
      <PriceUpdateDate>2015/06/09 09:28</PriceUpdateDate>
      <ItemCode>7290104067495</ItemCode>
      <ItemType>1</ItemType>
      <ItemName>כיף כף אקסטרה קרם  45גרם</ItemName>
      <ManufactureName>שטראוס גרופ בעמ</ManufactureName>
      <ManufactureCountry />
      <ManufactureItemDescription />
      <UnitQty>י"ח</UnitQty>
      <Quantity>45</Quantity>
      <UnitMeasure>ל  גרם</UnitMeasure>
      <BisWeighted>0</BisWeighted>
      <QtyInPackage>1</QtyInPackage>
      <ItemPrice>3.90</ItemPrice>
      <UnitOfMeasurePrice>8.67</UnitOfMeasurePrice>
      <AllowDiscount>1</AllowDiscount>
      <itemStatus>1</itemStatus>
      <LastUpdateDate />
      <LastUpdateTime />
    </Product>
    <Product>
      <PriceUpdateDate>2015/07/05 11:02</PriceUpdateDate>
      <ItemCode>7290104067518</ItemCode>
      <ItemType>1</ItemType>
      <ItemName>כיף כף לבן מגדים 45 ג`</ItemName>
      <ManufactureName>שטראוס גרופ בעמ</ManufactureName>
      <ManufactureCountry />
      <ManufactureItemDescription />
      <UnitQty>י"ח</UnitQty>
      <Quantity>45</Quantity>
      <UnitMeasure>ל  גרם</UnitMeasure>
      <BisWeighted>0</BisWeighted>
      <QtyInPackage>1</QtyInPackage>
      <ItemPrice>3.90</ItemPrice>
      <UnitOfMeasurePrice>8.67</UnitOfMeasurePrice>
      <AllowDiscount>1</AllowDiscount>
      <itemStatus>1</itemStatus>
      <LastUpdateDate />
      <LastUpdateTime />
    </Product>
    <Product>
      <PriceUpdateDate>2015/06/09 09:28</PriceUpdateDate>
      <ItemCode>7290104067723</ItemCode>
      <ItemType>1</ItemType>
      <ItemName>כיף כף סוכריות קופצות 50גר</ItemName>
      <ManufactureName>שטראוס גרופ בעמ</ManufactureName>
      <ManufactureCountry />
      <ManufactureItemDescription />
      <UnitQty>י"ח</UnitQty>
      <Quantity>45</Quantity>
      <UnitMeasure>ל  גרם</UnitMeasure>
      <BisWeighted>0</BisWeighted>
      <QtyInPackage>1</QtyInPackage>
      <ItemPrice>3.90</ItemPrice>
      <UnitOfMeasurePrice>8.67</UnitOfMeasurePrice>
      <AllowDiscount>1</AllowDiscount>
      <itemStatus>1</itemStatus>
      <LastUpdateDate />
      <LastUpdateTime />
    </Product>
    <Product>
      <PriceUpdateDate>2014/12/08 15:26</PriceUpdateDate>
      <ItemCode>7290104500572</ItemCode>
      <ItemType>1</ItemType>
      <ItemName>אפרופו איטליאנו 50 גרם</ItemName>
      <ManufactureName>קבוצת אוסם סחר-שות.מוגבלת</ManufactureName>
      <ManufactureCountry />
      <ManufactureItemDescription />
      <UnitQty>י"ח</UnitQty>
      <Quantity>50</Quantity>
      <UnitMeasure>ל  גרם</UnitMeasure>
      <BisWeighted>0</BisWeighted>
      <QtyInPackage>1</QtyInPackage>
      <ItemPrice>5</ItemPrice>
      <UnitOfMeasurePrice>10</UnitOfMeasurePrice>
      <AllowDiscount>1</AllowDiscount>
      <itemStatus>1</itemStatus>
      <LastUpdateDate />
      <LastUpdateTime />
    </Product>
    <Product>
      <PriceUpdateDate>2016/09/07 15:32</PriceUpdateDate>
      <ItemCode>7290104501562</ItemCode>
      <ItemType>1</ItemType>
      <ItemName>פתיתים אפויים מסולסלים 500</ItemName>
      <ManufactureName>קבוצת אוסם סחר-שות.מוגבלת</ManufactureName>
      <ManufactureCountry />
      <ManufactureItemDescription />
      <UnitQty>י"ח</UnitQty>
      <Quantity>500</Quantity>
      <UnitMeasure>ל  גרם</UnitMeasure>
      <BisWeighted>0</BisWeighted>
      <QtyInPackage>1</QtyInPackage>
      <ItemPrice>6.90</ItemPrice>
      <UnitOfMeasurePrice>1.38</UnitOfMeasurePrice>
      <AllowDiscount>1</AllowDiscount>
      <itemStatus>1</itemStatus>
      <LastUpdateDate />
      <LastUpdateTime />
    </Product>
    <Product>
      <PriceUpdateDate>2014/01/08 07:43</PriceUpdateDate>
      <ItemCode>7290104501661</ItemCode>
      <ItemType>1</ItemType>
      <ItemName>פודינג בטעם וניל צרפתי</ItemName>
      <ManufactureName>קבוצת אוסם סחר-שות.מוגבלת</ManufactureName>
      <ManufactureCountry />
      <ManufactureItemDescription />
      <UnitQty>י"ח</UnitQty>
      <Quantity>110</Quantity>
      <UnitMeasure>ל  גרם</UnitMeasure>
      <BisWeighted>0</BisWeighted>
      <QtyInPackage>1</QtyInPackage>
      <ItemPrice>5.70</ItemPrice>
      <UnitOfMeasurePrice>5.18</UnitOfMeasurePrice>
      <AllowDiscount>1</AllowDiscount>
      <itemStatus>1</itemStatus>
      <LastUpdateDate />
      <LastUpdateTime />
    </Product>
    <Product>
      <PriceUpdateDate>2014/01/08 07:43</PriceUpdateDate>
      <ItemCode>7290104503269</ItemCode>
      <ItemType>1</ItemType>
      <ItemName>פודינג בטעם שוקולד מריר 95גרם</ItemName>
      <ManufactureName>קבוצת אוסם סחר-שות.מוגבלת</ManufactureName>
      <ManufactureCountry />
      <ManufactureItemDescription />
      <UnitQty>י"ח</UnitQty>
      <Quantity>95</Quantity>
      <UnitMeasure>ל  גרם</UnitMeasure>
      <BisWeighted>0</BisWeighted>
      <QtyInPackage>1</QtyInPackage>
      <ItemPrice>5.70</ItemPrice>
      <UnitOfMeasurePrice>6</UnitOfMeasurePrice>
      <AllowDiscount>1</AllowDiscount>
      <itemStatus>1</itemStatus>
      <LastUpdateDate />
      <LastUpdateTime />
    </Product>
    <Product>
      <PriceUpdateDate>2014/12/08 15:26</PriceUpdateDate>
      <ItemCode>7290104504181</ItemCode>
      <ItemType>1</ItemType>
      <ItemName>דובונים קטשופ 40 גרם</ItemName>
      <ManufactureName>קבוצת אוסם סחר-שות.מוגבלת</ManufactureName>
      <ManufactureCountry />
      <ManufactureItemDescription />
      <UnitQty>י"ח</UnitQty>
      <Quantity>40</Quantity>
      <UnitMeasure>ל  גרם</UnitMeasure>
      <BisWeighted>0</BisWeighted>
      <QtyInPackage>1</QtyInPackage>
      <ItemPrice>5</ItemPrice>
      <UnitOfMeasurePrice>12.50</UnitOfMeasurePrice>
      <AllowDiscount>1</AllowDiscount>
      <itemStatus>1</itemStatus>
      <LastUpdateDate />
      <LastUpdateTime />
    </Product>
    <Product>
      <PriceUpdateDate>2014/06/30 16:19</PriceUpdateDate>
      <ItemCode>7290104508417</ItemCode>
      <ItemType>1</ItemType>
      <ItemName>במבה במבונים 40 גר  }אסם{</ItemName>
      <ManufactureName>קבוצת אוסם סחר-שות.מוגבלת</ManufactureName>
      <ManufactureCountry />
      <ManufactureItemDescription />
      <UnitQty>י"ח</UnitQty>
      <Quantity>80</Quantity>
      <UnitMeasure>ל  גרם</UnitMeasure>
      <BisWeighted>0</BisWeighted>
      <QtyInPackage>1</QtyInPackage>
      <ItemPrice>4.90</ItemPrice>
      <UnitOfMeasurePrice>6.13</UnitOfMeasurePrice>
      <AllowDiscount>1</AllowDiscount>
      <itemStatus>1</itemStatus>
      <LastUpdateDate />
      <LastUpdateTime />
    </Product>
    <Product>
      <PriceUpdateDate>2015/07/05 09:43</PriceUpdateDate>
      <ItemCode>7290104509568</ItemCode>
      <ItemType>1</ItemType>
      <ItemName>במבה קלאסי ללא גלוטן 80 ג</ItemName>
      <ManufactureName>קבוצת אוסם סחר-שות.מוגבלת</ManufactureName>
      <ManufactureCountry />
      <ManufactureItemDescription />
      <UnitQty>י"ח</UnitQty>
      <Quantity>60</Quantity>
      <UnitMeasure>ל  גרם</UnitMeasure>
      <BisWeighted>0</BisWeighted>
      <QtyInPackage>1</QtyInPackage>
      <ItemPrice>3.90</ItemPrice>
      <UnitOfMeasurePrice>6.50</UnitOfMeasurePrice>
      <AllowDiscount>1</AllowDiscount>
      <itemStatus>1</itemStatus>
      <LastUpdateDate />
      <LastUpdateTime />
    </Product>
    <Product>
      <PriceUpdateDate>2014/12/08 15:26</PriceUpdateDate>
      <ItemCode>7290104509933</ItemCode>
      <ItemType>1</ItemType>
      <ItemName>במבה במילוי קרם במבה 60גרם</ItemName>
      <ManufactureName>קבוצת אוסם סחר-שות.מוגבלת</ManufactureName>
      <ManufactureCountry />
      <ManufactureItemDescription />
      <UnitQty>י"ח</UnitQty>
      <Quantity>60</Quantity>
      <UnitMeasure>ל  גרם</UnitMeasure>
      <BisWeighted>0</BisWeighted>
      <QtyInPackage>1</QtyInPackage>
      <ItemPrice>5</ItemPrice>
      <UnitOfMeasurePrice>8.33</UnitOfMeasurePrice>
      <AllowDiscount>1</AllowDiscount>
      <itemStatus>1</itemStatus>
      <LastUpdateDate />
      <LastUpdateTime />
    </Product>
    <Product>
      <PriceUpdateDate>2019/02/13 13:33</PriceUpdateDate>
      <ItemCode>7290104690239</ItemCode>
      <ItemType>1</ItemType>
      <ItemName>תחליב רחצה לבן 750מ"ל</ItemName>
      <ManufactureName>החב הדרומית לשיווק</ManufactureName>
      <ManufactureCountry />
      <ManufactureItemDescription />
      <UnitQty>י"ח</UnitQty>
      <Quantity>750</Quantity>
      <UnitMeasure>ל  מ"ל</UnitMeasure>
      <BisWeighted>0</BisWeighted>
      <QtyInPackage>1</QtyInPackage>
      <ItemPrice>10.90</ItemPrice>
      <UnitOfMeasurePrice>1.45</UnitOfMeasurePrice>
      <AllowDiscount>1</AllowDiscount>
      <itemStatus>1</itemStatus>
      <LastUpdateDate />
      <LastUpdateTime />
    </Product>
    <Product>
      <PriceUpdateDate>2019/02/13 13:33</PriceUpdateDate>
      <ItemCode>7290104690246</ItemCode>
      <ItemType>1</ItemType>
      <ItemName>תחליב רחצה ורוד 750מ"ל</ItemName>
      <ManufactureName>החב הדרומית לשיווק</ManufactureName>
      <ManufactureCountry />
      <ManufactureItemDescription />
      <UnitQty>י"ח</UnitQty>
      <Quantity>750</Quantity>
      <UnitMeasure>ל  מ"ל</UnitMeasure>
      <BisWeighted>0</BisWeighted>
      <QtyInPackage>1</QtyInPackage>
      <ItemPrice>10.90</ItemPrice>
      <UnitOfMeasurePrice>1.45</UnitOfMeasurePrice>
      <AllowDiscount>1</AllowDiscount>
      <itemStatus>1</itemStatus>
      <LastUpdateDate />
      <LastUpdateTime />
    </Product>
    <Product>
      <PriceUpdateDate>2019/02/13 13:33</PriceUpdateDate>
      <ItemCode>7290104690253</ItemCode>
      <ItemType>1</ItemType>
      <ItemName>תחליב רחצה סגול 750מ"ל</ItemName>
      <ManufactureName>החב הדרומית לשיווק</ManufactureName>
      <ManufactureCountry />
      <ManufactureItemDescription />
      <UnitQty>י"ח</UnitQty>
      <Quantity>750</Quantity>
      <UnitMeasure>ל  מ"ל</UnitMeasure>
      <BisWeighted>0</BisWeighted>
      <QtyInPackage>1</QtyInPackage>
      <ItemPrice>10.90</ItemPrice>
      <UnitOfMeasurePrice>1.45</UnitOfMeasurePrice>
      <AllowDiscount>1</AllowDiscount>
      <itemStatus>1</itemStatus>
      <LastUpdateDate />
      <LastUpdateTime />
    </Product>
    <Product>
      <PriceUpdateDate>2019/02/13 13:33</PriceUpdateDate>
      <ItemCode>7290104690338</ItemCode>
      <ItemType>1</ItemType>
      <ItemName>תחליב רחצה ירוק 750מ"ל</ItemName>
      <ManufactureName>החב הדרומית לשיווק</ManufactureName>
      <ManufactureCountry />
      <ManufactureItemDescription />
      <UnitQty>י"ח</UnitQty>
      <Quantity>750</Quantity>
      <UnitMeasure>ל  מ"ל</UnitMeasure>
      <BisWeighted>0</BisWeighted>
      <QtyInPackage>1</QtyInPackage>
      <ItemPrice>10.90</ItemPrice>
      <UnitOfMeasurePrice>1.45</UnitOfMeasurePrice>
      <AllowDiscount>1</AllowDiscount>
      <itemStatus>1</itemStatus>
      <LastUpdateDate />
      <LastUpdateTime />
    </Product>
    <Product>
      <PriceUpdateDate>2019/02/13 13:33</PriceUpdateDate>
      <ItemCode>7290104690352</ItemCode>
      <ItemType>1</ItemType>
      <ItemName>תחליב רחצה וניל 750מ"ל</ItemName>
      <ManufactureName>החב הדרומית לשיווק</ManufactureName>
      <ManufactureCountry />
      <ManufactureItemDescription />
      <UnitQty>י"ח</UnitQty>
      <Quantity>750</Quantity>
      <UnitMeasure>ל  מ"ל</UnitMeasure>
      <BisWeighted>0</BisWeighted>
      <QtyInPackage>1</QtyInPackage>
      <ItemPrice>10.90</ItemPrice>
      <UnitOfMeasurePrice>1.45</UnitOfMeasurePrice>
      <AllowDiscount>1</AllowDiscount>
      <itemStatus>1</itemStatus>
      <LastUpdateDate />
      <LastUpdateTime />
    </Product>
    <Product>
      <PriceUpdateDate>2019/12/30 14:29</PriceUpdateDate>
      <ItemCode>7290104721700</ItemCode>
      <ItemType>1</ItemType>
      <ItemName>דוריטוס ברביקיו 70 גרם</ItemName>
      <ManufactureName>שטראוס פריטו ליי בעמ</ManufactureName>
      <ManufactureCountry />
      <ManufactureItemDescription />
      <UnitQty>י"ח</UnitQty>
      <Quantity>70</Quantity>
      <UnitMeasure>ל  גרם</UnitMeasure>
      <BisWeighted>0</BisWeighted>
      <QtyInPackage>1</QtyInPackage>
      <ItemPrice>3.90</ItemPrice>
      <UnitOfMeasurePrice>5.57</UnitOfMeasurePrice>
      <AllowDiscount>1</AllowDiscount>
      <itemStatus>1</itemStatus>
      <LastUpdateDate />
      <LastUpdateTime />
    </Product>
    <Product>
      <PriceUpdateDate>2018/12/11 16:06</PriceUpdateDate>
      <ItemCode>7290104722028</ItemCode>
      <ItemType>1</ItemType>
      <ItemName>שוקולד פרה לבן מגדים 100גר`</ItemName>
      <ManufactureName>שטראוס גרופ בעמ</ManufactureName>
      <ManufactureCountry />
      <ManufactureItemDescription />
      <UnitQty>י"ח</UnitQty>
      <Quantity>100</Quantity>
      <UnitMeasure>ל  גרם</UnitMeasure>
      <BisWeighted>0</BisWeighted>
      <QtyInPackage>1</QtyInPackage>
      <ItemPrice>5.90</ItemPrice>
      <UnitOfMeasurePrice>5.90</UnitOfMeasurePrice>
      <AllowDiscount>1</AllowDiscount>
      <itemStatus>1</itemStatus>
      <LastUpdateDate />
      <LastUpdateTime />
    </Product>
    <Product>
      <PriceUpdateDate>2018/12/11 16:06</PriceUpdateDate>
      <ItemCode>7290104722042</ItemCode>
      <ItemType>1</ItemType>
      <ItemName>שוקולד חלב עם עדשים כשל"פ 100גר</ItemName>
      <ManufactureName>שטראוס גרופ בעמ</ManufactureName>
      <ManufactureCountry />
      <ManufactureItemDescription />
      <UnitQty>י"ח</UnitQty>
      <Quantity>100</Quantity>
      <UnitMeasure>ל  גרם</UnitMeasure>
      <BisWeighted>0</BisWeighted>
      <QtyInPackage>1</QtyInPackage>
      <ItemPrice>5.90</ItemPrice>
      <UnitOfMeasurePrice>5.90</UnitOfMeasurePrice>
      <AllowDiscount>1</AllowDiscount>
      <itemStatus>1</itemStatus>
      <LastUpdateDate />
      <LastUpdateTime />
    </Product>
    <Product>
      <PriceUpdateDate>2015/11/16 13:02</PriceUpdateDate>
      <ItemCode>7290104722219</ItemCode>
      <ItemType>1</ItemType>
      <ItemName>עוגת כושית וקרם שוקולד בצק סוכר 330 גר</ItemName>
      <ManufactureName>שטראוס גרופ בעמ</ManufactureName>
      <ManufactureCountry />
      <ManufactureItemDescription />
      <UnitQty>י"ח</UnitQty>
      <Quantity>380</Quantity>
      <UnitMeasure>ל  גרם</UnitMeasure>
      <BisWeighted>0</BisWeighted>
      <QtyInPackage>1</QtyInPackage>
      <ItemPrice>16.90</ItemPrice>
      <UnitOfMeasurePrice>4.45</UnitOfMeasurePrice>
      <AllowDiscount>1</AllowDiscount>
      <itemStatus>1</itemStatus>
      <LastUpdateDate />
      <LastUpdateTime />
    </Product>
    <Product>
      <PriceUpdateDate>2018/12/31 14:23</PriceUpdateDate>
      <ItemCode>7290104722684</ItemCode>
      <ItemType>1</ItemType>
      <ItemName>צ יטוס ביג 40גר</ItemName>
      <ManufactureName>שטראוס פריטו ליי בעמ</ManufactureName>
      <ManufactureCountry />
      <ManufactureItemDescription />
      <UnitQty>י"ח</UnitQty>
      <Quantity>40</Quantity>
      <UnitMeasure>ל  גרם</UnitMeasure>
      <BisWeighted>0</BisWeighted>
      <QtyInPackage>1</QtyInPackage>
      <ItemPrice>3.50</ItemPrice>
      <UnitOfMeasurePrice>8.75</UnitOfMeasurePrice>
      <AllowDiscount>1</AllowDiscount>
      <itemStatus>1</itemStatus>
      <LastUpdateDate />
      <LastUpdateTime />
    </Product>
    <Product>
      <PriceUpdateDate>2018/12/11 16:06</PriceUpdateDate>
      <ItemCode>7290104724718</ItemCode>
      <ItemType>1</ItemType>
      <ItemName>שוקולד פרה חלב במילוי קרם נוגט 100גר`</ItemName>
      <ManufactureName>שטראוס גרופ בעמ</ManufactureName>
      <ManufactureCountry />
      <ManufactureItemDescription />
      <UnitQty>י"ח</UnitQty>
      <Quantity>100</Quantity>
      <UnitMeasure>ל  גרם</UnitMeasure>
      <BisWeighted>0</BisWeighted>
      <QtyInPackage>1</QtyInPackage>
      <ItemPrice>5.90</ItemPrice>
      <UnitOfMeasurePrice>5.90</UnitOfMeasurePrice>
      <AllowDiscount>1</AllowDiscount>
      <itemStatus>1</itemStatus>
      <LastUpdateDate />
      <LastUpdateTime />
    </Product>
    <Product>
      <PriceUpdateDate>2016/03/20 13:39</PriceUpdateDate>
      <ItemCode>7290104725982</ItemCode>
      <ItemType>1</ItemType>
      <ItemName>4 אצבעות שוק קרם חלב</ItemName>
      <ManufactureName>שטראוס גרופ בעמ</ManufactureName>
      <ManufactureCountry />
      <ManufactureItemDescription />
      <UnitQty>י"ח</UnitQty>
      <Quantity>28</Quantity>
      <UnitMeasure>ל  גרם</UnitMeasure>
      <BisWeighted>0</BisWeighted>
      <QtyInPackage>1</QtyInPackage>
      <ItemPrice>3.90</ItemPrice>
      <UnitOfMeasurePrice>13.93</UnitOfMeasurePrice>
      <AllowDiscount>1</AllowDiscount>
      <itemStatus>1</itemStatus>
      <LastUpdateDate />
      <LastUpdateTime />
    </Product>
    <Product>
      <PriceUpdateDate>2018/12/11 16:06</PriceUpdateDate>
      <ItemCode>7290104726767</ItemCode>
      <ItemType>1</ItemType>
      <ItemName>שוקולד מריר אוורירי מגדים</ItemName>
      <ManufactureName>שטראוס גרופ בעמ</ManufactureName>
      <ManufactureCountry />
      <ManufactureItemDescription />
      <UnitQty>י"ח</UnitQty>
      <Quantity>100</Quantity>
      <UnitMeasure>ל  גרם</UnitMeasure>
      <BisWeighted>0</BisWeighted>
      <QtyInPackage>1</QtyInPackage>
      <ItemPrice>5.90</ItemPrice>
      <UnitOfMeasurePrice>5.90</UnitOfMeasurePrice>
      <AllowDiscount>1</AllowDiscount>
      <itemStatus>1</itemStatus>
      <LastUpdateDate />
      <LastUpdateTime />
    </Product>
    <Product>
      <PriceUpdateDate>2015/09/03 09:24</PriceUpdateDate>
      <ItemCode>7290104727726</ItemCode>
      <ItemType>1</ItemType>
      <ItemName>מאגדת חמישייה מריר 100גר`</ItemName>
      <ManufactureName>שטראוס גרופ בעמ</ManufactureName>
      <ManufactureCountry />
      <ManufactureItemDescription />
      <UnitQty>י"ח</UnitQty>
      <Quantity>5</Quantity>
      <UnitMeasure>י"ח</UnitMeasure>
      <BisWeighted>0</BisWeighted>
      <QtyInPackage>1</QtyInPackage>
      <ItemPrice>23.90</ItemPrice>
      <UnitOfMeasurePrice>4.78</UnitOfMeasurePrice>
      <AllowDiscount>1</AllowDiscount>
      <itemStatus>1</itemStatus>
      <LastUpdateDate />
      <LastUpdateTime />
    </Product>
    <Product>
      <PriceUpdateDate>2018/12/11 16:06</PriceUpdateDate>
      <ItemCode>7290104728426</ItemCode>
      <ItemType>1</ItemType>
      <ItemName>שוקולד חלב עם קוקוס כשל"פ  100גר`</ItemName>
      <ManufactureName>שטראוס גרופ בעמ</ManufactureName>
      <ManufactureCountry />
      <ManufactureItemDescription />
      <UnitQty>י"ח</UnitQty>
      <Quantity>100</Quantity>
      <UnitMeasure>ל  גרם</UnitMeasure>
      <BisWeighted>0</BisWeighted>
      <QtyInPackage>1</QtyInPackage>
      <ItemPrice>5.90</ItemPrice>
      <UnitOfMeasurePrice>5.90</UnitOfMeasurePrice>
      <AllowDiscount>1</AllowDiscount>
      <itemStatus>1</itemStatus>
      <LastUpdateDate />
      <LastUpdateTime />
    </Product>
    <Product>
      <PriceUpdateDate>2015/11/16 13:02</PriceUpdateDate>
      <ItemCode>7290104728518</ItemCode>
      <ItemType>1</ItemType>
      <ItemName>עוגת כושית וקרם חלב 330 גרם</ItemName>
      <ManufactureName>שטראוס גרופ בעמ</ManufactureName>
      <ManufactureCountry />
      <ManufactureItemDescription />
      <UnitQty>י"ח</UnitQty>
      <Quantity>380</Quantity>
      <UnitMeasure>ל  גרם</UnitMeasure>
      <BisWeighted>0</BisWeighted>
      <QtyInPackage>1</QtyInPackage>
      <ItemPrice>16.90</ItemPrice>
      <UnitOfMeasurePrice>4.45</UnitOfMeasurePrice>
      <AllowDiscount>1</AllowDiscount>
      <itemStatus>1</itemStatus>
      <LastUpdateDate />
      <LastUpdateTime />
    </Product>
    <Product>
      <PriceUpdateDate>2015/12/14 10:48</PriceUpdateDate>
      <ItemCode>7290104728709</ItemCode>
      <ItemType>1</ItemType>
      <ItemName>עוגיות חיוכים וניל 900גר</ItemName>
      <ManufactureName>שטראוס גרופ בעמ</ManufactureName>
      <ManufactureCountry />
      <ManufactureItemDescription />
      <UnitQty>י"ח</UnitQty>
      <Quantity>900</Quantity>
      <UnitMeasure>ל  גרם</UnitMeasure>
      <BisWeighted>0</BisWeighted>
      <QtyInPackage>1</QtyInPackage>
      <ItemPrice>21.90</ItemPrice>
      <UnitOfMeasurePrice>2.43</UnitOfMeasurePrice>
      <AllowDiscount>1</AllowDiscount>
      <itemStatus>1</itemStatus>
      <LastUpdateDate />
      <LastUpdateTime />
    </Product>
    <Product>
      <PriceUpdateDate>2020/01/03 08:45</PriceUpdateDate>
      <ItemCode>7290104960239</ItemCode>
      <ItemType>1</ItemType>
      <ItemName>תחליב רחצה נקה7 לבן 750 מ"ל</ItemName>
      <ManufactureName>החב הדרומית לשיווק</ManufactureName>
      <ManufactureCountry />
      <ManufactureItemDescription />
      <UnitQty>י"ח</UnitQty>
      <Quantity>750</Quantity>
      <UnitMeasure>ל  מ"ל</UnitMeasure>
      <BisWeighted>0</BisWeighted>
      <QtyInPackage>1</QtyInPackage>
      <ItemPrice>10.90</ItemPrice>
      <UnitOfMeasurePrice>1.45</UnitOfMeasurePrice>
      <AllowDiscount>1</AllowDiscount>
      <itemStatus>1</itemStatus>
      <LastUpdateDate />
      <LastUpdateTime />
    </Product>
    <Product>
      <PriceUpdateDate>2020/01/03 08:45</PriceUpdateDate>
      <ItemCode>7290104960246</ItemCode>
      <ItemType>1</ItemType>
      <ItemName>תחליב רחצה  ארומה 750מ"ל ורוד</ItemName>
      <ManufactureName>החב הדרומית לשיווק</ManufactureName>
      <ManufactureCountry />
      <ManufactureItemDescription />
      <UnitQty>י"ח</UnitQty>
      <Quantity>750</Quantity>
      <UnitMeasure>ל  מ"ל</UnitMeasure>
      <BisWeighted>0</BisWeighted>
      <QtyInPackage>1</QtyInPackage>
      <ItemPrice>10.90</ItemPrice>
      <UnitOfMeasurePrice>1.45</UnitOfMeasurePrice>
      <AllowDiscount>1</AllowDiscount>
      <itemStatus>1</itemStatus>
      <LastUpdateDate />
      <LastUpdateTime />
    </Product>
    <Product>
      <PriceUpdateDate>2020/01/03 08:45</PriceUpdateDate>
      <ItemCode>7290104960253</ItemCode>
      <ItemType>1</ItemType>
      <ItemName>תחליב רחצה  ארומה לבנדר 750מ"ל</ItemName>
      <ManufactureName>החב הדרומית לשיווק</ManufactureName>
      <ManufactureCountry />
      <ManufactureItemDescription />
      <UnitQty>י"ח</UnitQty>
      <Quantity>750</Quantity>
      <UnitMeasure>ל  מ"ל</UnitMeasure>
      <BisWeighted>0</BisWeighted>
      <QtyInPackage>1</QtyInPackage>
      <ItemPrice>10.90</ItemPrice>
      <UnitOfMeasurePrice>1.45</UnitOfMeasurePrice>
      <AllowDiscount>1</AllowDiscount>
      <itemStatus>1</itemStatus>
      <LastUpdateDate />
      <LastUpdateTime />
    </Product>
    <Product>
      <PriceUpdateDate>2020/01/03 08:45</PriceUpdateDate>
      <ItemCode>7290104960338</ItemCode>
      <ItemType>1</ItemType>
      <ItemName>תחליב רחצה  ארומה 750מ"ל ירוק</ItemName>
      <ManufactureName>החב הדרומית לשיווק</ManufactureName>
      <ManufactureCountry />
      <ManufactureItemDescription />
      <UnitQty>י"ח</UnitQty>
      <Quantity>750</Quantity>
      <UnitMeasure>ל  מ"ל</UnitMeasure>
      <BisWeighted>0</BisWeighted>
      <QtyInPackage>1</QtyInPackage>
      <ItemPrice>10.90</ItemPrice>
      <UnitOfMeasurePrice>1.45</UnitOfMeasurePrice>
      <AllowDiscount>1</AllowDiscount>
      <itemStatus>1</itemStatus>
      <LastUpdateDate />
      <LastUpdateTime />
    </Product>
    <Product>
      <PriceUpdateDate>2019/02/13 13:33</PriceUpdateDate>
      <ItemCode>7290104960345</ItemCode>
      <ItemType>1</ItemType>
      <ItemName>תחליב רחצה  ארומה 750מ"ל</ItemName>
      <ManufactureName>החב הדרומית לשיווק</ManufactureName>
      <ManufactureCountry />
      <ManufactureItemDescription />
      <UnitQty>י"ח</UnitQty>
      <Quantity>750</Quantity>
      <UnitMeasure>ל  מ"ל</UnitMeasure>
      <BisWeighted>0</BisWeighted>
      <QtyInPackage>1</QtyInPackage>
      <ItemPrice>10.90</ItemPrice>
      <UnitOfMeasurePrice>1.45</UnitOfMeasurePrice>
      <AllowDiscount>1</AllowDiscount>
      <itemStatus>1</itemStatus>
      <LastUpdateDate />
      <LastUpdateTime />
    </Product>
    <Product>
      <PriceUpdateDate>2019/02/13 13:33</PriceUpdateDate>
      <ItemCode>7290104960352</ItemCode>
      <ItemType>1</ItemType>
      <ItemName>תחליב רחצה  ארומה 750מ"ל וניל שקד</ItemName>
      <ManufactureName>החב הדרומית לשיווק</ManufactureName>
      <ManufactureCountry />
      <ManufactureItemDescription />
      <UnitQty>י"ח</UnitQty>
      <Quantity>750</Quantity>
      <UnitMeasure>ל  מ"ל</UnitMeasure>
      <BisWeighted>0</BisWeighted>
      <QtyInPackage>1</QtyInPackage>
      <ItemPrice>10.90</ItemPrice>
      <UnitOfMeasurePrice>1.45</UnitOfMeasurePrice>
      <AllowDiscount>1</AllowDiscount>
      <itemStatus>1</itemStatus>
      <LastUpdateDate />
      <LastUpdateTime />
    </Product>
    <Product>
      <PriceUpdateDate>2019/02/13 13:33</PriceUpdateDate>
      <ItemCode>7290104961205</ItemCode>
      <ItemType>1</ItemType>
      <ItemName>תחליב רחצה מלפפון קיווי  750מ"ל</ItemName>
      <ManufactureName>החב הדרומית לשיווק</ManufactureName>
      <ManufactureCountry />
      <ManufactureItemDescription />
      <UnitQty>י"ח</UnitQty>
      <Quantity>750</Quantity>
      <UnitMeasure>ל  מ"ל</UnitMeasure>
      <BisWeighted>0</BisWeighted>
      <QtyInPackage>1</QtyInPackage>
      <ItemPrice>10.90</ItemPrice>
      <UnitOfMeasurePrice>1.45</UnitOfMeasurePrice>
      <AllowDiscount>1</AllowDiscount>
      <itemStatus>1</itemStatus>
      <LastUpdateDate />
      <LastUpdateTime />
    </Product>
    <Product>
      <PriceUpdateDate>2019/02/13 13:33</PriceUpdateDate>
      <ItemCode>7290104961212</ItemCode>
      <ItemType>1</ItemType>
      <ItemName>תחליב רחצה מגע קטיפה דובדבן 750מ"ל</ItemName>
      <ManufactureName>החב הדרומית לשיווק</ManufactureName>
      <ManufactureCountry />
      <ManufactureItemDescription />
      <UnitQty>י"ח</UnitQty>
      <Quantity>750</Quantity>
      <UnitMeasure>ל  מ"ל</UnitMeasure>
      <BisWeighted>0</BisWeighted>
      <QtyInPackage>1</QtyInPackage>
      <ItemPrice>10.90</ItemPrice>
      <UnitOfMeasurePrice>1.45</UnitOfMeasurePrice>
      <AllowDiscount>1</AllowDiscount>
      <itemStatus>1</itemStatus>
      <LastUpdateDate />
      <LastUpdateTime />
    </Product>
    <Product>
      <PriceUpdateDate>2020/01/03 08:45</PriceUpdateDate>
      <ItemCode>7290104961243</ItemCode>
      <ItemType>1</ItemType>
      <ItemName>תחליב רחצה  קוקוס 750 יסמין מ"ל</ItemName>
      <ManufactureName>החב הדרומית לשיווק</ManufactureName>
      <ManufactureCountry />
      <ManufactureItemDescription />
      <UnitQty>י"ח</UnitQty>
      <Quantity>750</Quantity>
      <UnitMeasure>ל  מ"ל</UnitMeasure>
      <BisWeighted>0</BisWeighted>
      <QtyInPackage>1</QtyInPackage>
      <ItemPrice>10.90</ItemPrice>
      <UnitOfMeasurePrice>1.45</UnitOfMeasurePrice>
      <AllowDiscount>1</AllowDiscount>
      <itemStatus>1</itemStatus>
      <LastUpdateDate />
      <LastUpdateTime />
    </Product>
    <Product>
      <PriceUpdateDate>2020/01/03 08:45</PriceUpdateDate>
      <ItemCode>7290104961250</ItemCode>
      <ItemType>1</ItemType>
      <ItemName>תחליב רחצה  וניל מאסק 750  מ"ל</ItemName>
      <ManufactureName>החב הדרומית לשיווק</ManufactureName>
      <ManufactureCountry />
      <ManufactureItemDescription />
      <UnitQty>י"ח</UnitQty>
      <Quantity>750</Quantity>
      <UnitMeasure>ל  מ"ל</UnitMeasure>
      <BisWeighted>0</BisWeighted>
      <QtyInPackage>1</QtyInPackage>
      <ItemPrice>10.90</ItemPrice>
      <UnitOfMeasurePrice>1.45</UnitOfMeasurePrice>
      <AllowDiscount>1</AllowDiscount>
      <itemStatus>1</itemStatus>
      <LastUpdateDate />
      <LastUpdateTime />
    </Product>
    <Product>
      <PriceUpdateDate>2019/12/04 13:48</PriceUpdateDate>
      <ItemCode>7290104962110</ItemCode>
      <ItemType>1</ItemType>
      <ItemName>קרליין נושם ספריי</ItemName>
      <ManufactureName>החב הדרומית לשיווק</ManufactureName>
      <ManufactureCountry />
      <ManufactureItemDescription />
      <UnitQty>י"ח</UnitQty>
      <Quantity>1</Quantity>
      <UnitMeasure />
      <BisWeighted>0</BisWeighted>
      <QtyInPackage>1</QtyInPackage>
      <ItemPrice>13.90</ItemPrice>
      <UnitOfMeasurePrice>13.90</UnitOfMeasurePrice>
      <AllowDiscount>1</AllowDiscount>
      <itemStatus>1</itemStatus>
      <LastUpdateDate />
      <LastUpdateTime />
    </Product>
    <Product>
      <PriceUpdateDate>2019/12/17 13:49</PriceUpdateDate>
      <ItemCode>7290104962134</ItemCode>
      <ItemType>1</ItemType>
      <ItemName>רון און  נושם נערות קרליין</ItemName>
      <ManufactureName>החב הדרומית לשיווק</ManufactureName>
      <ManufactureCountry />
      <ManufactureItemDescription />
      <UnitQty>י"ח</UnitQty>
      <Quantity>1</Quantity>
      <UnitMeasure />
      <BisWeighted>0</BisWeighted>
      <QtyInPackage>1</QtyInPackage>
      <ItemPrice>13.90</ItemPrice>
      <UnitOfMeasurePrice>13.90</UnitOfMeasurePrice>
      <AllowDiscount>1</AllowDiscount>
      <itemStatus>1</itemStatus>
      <LastUpdateDate />
      <LastUpdateTime />
    </Product>
    <Product>
      <PriceUpdateDate>2019/07/02 08:54</PriceUpdateDate>
      <ItemCode>7290104963001</ItemCode>
      <ItemType>1</ItemType>
      <ItemName>מגבונים סופטקר בניחוח עדין רביעייה</ItemName>
      <ManufactureName>החב הדרומית לשיווק</ManufactureName>
      <ManufactureCountry />
      <ManufactureItemDescription />
      <UnitQty>י"ח</UnitQty>
      <Quantity>4</Quantity>
      <UnitMeasure>י"ח</UnitMeasure>
      <BisWeighted>0</BisWeighted>
      <QtyInPackage>1</QtyInPackage>
      <ItemPrice>17.90</ItemPrice>
      <UnitOfMeasurePrice>4.48</UnitOfMeasurePrice>
      <AllowDiscount>1</AllowDiscount>
      <itemStatus>1</itemStatus>
      <LastUpdateDate />
      <LastUpdateTime />
    </Product>
    <Product>
      <PriceUpdateDate>2019/12/17 10:06</PriceUpdateDate>
      <ItemCode>7290104963018</ItemCode>
      <ItemType>1</ItemType>
      <ItemName>מגבונים סופטקר ללא בישום רביעייה</ItemName>
      <ManufactureName>החב הדרומית לשיווק</ManufactureName>
      <ManufactureCountry />
      <ManufactureItemDescription />
      <UnitQty>י"ח</UnitQty>
      <Quantity>4</Quantity>
      <UnitMeasure>י"ח</UnitMeasure>
      <BisWeighted>0</BisWeighted>
      <QtyInPackage>1</QtyInPackage>
      <ItemPrice>17.90</ItemPrice>
      <UnitOfMeasurePrice>4.48</UnitOfMeasurePrice>
      <AllowDiscount>1</AllowDiscount>
      <itemStatus>1</itemStatus>
      <LastUpdateDate />
      <LastUpdateTime />
    </Product>
    <Product>
      <PriceUpdateDate>2015/06/23 08:00</PriceUpdateDate>
      <ItemCode>7290104963070</ItemCode>
      <ItemType>1</ItemType>
      <ItemName>נקה 7 אל סבון מפנק בניחוח פרחי מים 750</ItemName>
      <ManufactureName>החב הדרומית לשיווק</ManufactureName>
      <ManufactureCountry />
      <ManufactureItemDescription />
      <UnitQty>י"ח</UnitQty>
      <Quantity>750</Quantity>
      <UnitMeasure>ל  מ"ל</UnitMeasure>
      <BisWeighted>0</BisWeighted>
      <QtyInPackage>1</QtyInPackage>
      <ItemPrice>11.90</ItemPrice>
      <UnitOfMeasurePrice>1.59</UnitOfMeasurePrice>
      <AllowDiscount>1</AllowDiscount>
      <itemStatus>1</itemStatus>
      <LastUpdateDate />
      <LastUpdateTime />
    </Product>
    <Product>
      <PriceUpdateDate>2015/06/23 08:00</PriceUpdateDate>
      <ItemCode>7290104963087</ItemCode>
      <ItemType>1</ItemType>
      <ItemName>נקה 7 אל סבון מפנק בניחוח תפוח וניל 750</ItemName>
      <ManufactureName>החב הדרומית לשיווק</ManufactureName>
      <ManufactureCountry />
      <ManufactureItemDescription />
      <UnitQty>י"ח</UnitQty>
      <Quantity>750</Quantity>
      <UnitMeasure>ל  מ"ל</UnitMeasure>
      <BisWeighted>0</BisWeighted>
      <QtyInPackage>1</QtyInPackage>
      <ItemPrice>11.90</ItemPrice>
      <UnitOfMeasurePrice>1.59</UnitOfMeasurePrice>
      <AllowDiscount>1</AllowDiscount>
      <itemStatus>1</itemStatus>
      <LastUpdateDate />
      <LastUpdateTime />
    </Product>
    <Product>
      <PriceUpdateDate>2015/06/23 08:00</PriceUpdateDate>
      <ItemCode>7290104963094</ItemCode>
      <ItemType>1</ItemType>
      <ItemName>נקה 7 אל סבון מפנק בניחוח וניל ומאסק 7</ItemName>
      <ManufactureName>החב הדרומית לשיווק</ManufactureName>
      <ManufactureCountry />
      <ManufactureItemDescription />
      <UnitQty>י"ח</UnitQty>
      <Quantity>750</Quantity>
      <UnitMeasure>ל  מ"ל</UnitMeasure>
      <BisWeighted>0</BisWeighted>
      <QtyInPackage>1</QtyInPackage>
      <ItemPrice>11.90</ItemPrice>
      <UnitOfMeasurePrice>1.59</UnitOfMeasurePrice>
      <AllowDiscount>1</AllowDiscount>
      <itemStatus>1</itemStatus>
      <LastUpdateDate />
      <LastUpdateTime />
    </Product>
    <Product>
      <PriceUpdateDate>2015/06/23 08:00</PriceUpdateDate>
      <ItemCode>7290104963100</ItemCode>
      <ItemType>1</ItemType>
      <ItemName>נקה 7 אל סבון מפנק בניחוח חמאת שיאה 75</ItemName>
      <ManufactureName>החב הדרומית לשיווק</ManufactureName>
      <ManufactureCountry />
      <ManufactureItemDescription />
      <UnitQty>י"ח</UnitQty>
      <Quantity>750</Quantity>
      <UnitMeasure>ל  מ"ל</UnitMeasure>
      <BisWeighted>0</BisWeighted>
      <QtyInPackage>1</QtyInPackage>
      <ItemPrice>11.90</ItemPrice>
      <UnitOfMeasurePrice>1.59</UnitOfMeasurePrice>
      <AllowDiscount>1</AllowDiscount>
      <itemStatus>1</itemStatus>
      <LastUpdateDate />
      <LastUpdateTime />
    </Product>
    <Product>
      <PriceUpdateDate>2019/01/01 12:53</PriceUpdateDate>
      <ItemCode>7290105360250</ItemCode>
      <ItemType>1</ItemType>
      <ItemName>קפסולות מקיאטו עלית 50גר</ItemName>
      <ManufactureName>שטראוס גרופ בעמ</ManufactureName>
      <ManufactureCountry />
      <ManufactureItemDescription />
      <UnitQty>י"ח</UnitQty>
      <Quantity>50</Quantity>
      <UnitMeasure>ל  גרם</UnitMeasure>
      <BisWeighted>0</BisWeighted>
      <QtyInPackage>1</QtyInPackage>
      <ItemPrice>17.90</ItemPrice>
      <UnitOfMeasurePrice>35.80</UnitOfMeasurePrice>
      <AllowDiscount>1</AllowDiscount>
      <itemStatus>1</itemStatus>
      <LastUpdateDate />
      <LastUpdateTime />
    </Product>
    <Product>
      <PriceUpdateDate>2019/01/01 12:53</PriceUpdateDate>
      <ItemCode>7290105360328</ItemCode>
      <ItemType>1</ItemType>
      <ItemName>קפסולות אספרסו חזק עלית 50גר</ItemName>
      <ManufactureName>שטראוס גרופ בעמ</ManufactureName>
      <ManufactureCountry />
      <ManufactureItemDescription />
      <UnitQty>י"ח</UnitQty>
      <Quantity>50</Quantity>
      <UnitMeasure>ל  גרם</UnitMeasure>
      <BisWeighted>0</BisWeighted>
      <QtyInPackage>1</QtyInPackage>
      <ItemPrice>17.90</ItemPrice>
      <UnitOfMeasurePrice>35.80</UnitOfMeasurePrice>
      <AllowDiscount>1</AllowDiscount>
      <itemStatus>1</itemStatus>
      <LastUpdateDate />
      <LastUpdateTime />
    </Product>
    <Product>
      <PriceUpdateDate>2019/01/01 12:53</PriceUpdateDate>
      <ItemCode>7290105360335</ItemCode>
      <ItemType>1</ItemType>
      <ItemName>קפסולות אספרסו  עלית 50גר</ItemName>
      <ManufactureName>שטראוס גרופ בעמ</ManufactureName>
      <ManufactureCountry />
      <ManufactureItemDescription />
      <UnitQty>י"ח</UnitQty>
      <Quantity>50</Quantity>
      <UnitMeasure>ל  גרם</UnitMeasure>
      <BisWeighted>0</BisWeighted>
      <QtyInPackage>1</QtyInPackage>
      <ItemPrice>17.90</ItemPrice>
      <UnitOfMeasurePrice>35.80</UnitOfMeasurePrice>
      <AllowDiscount>1</AllowDiscount>
      <itemStatus>1</itemStatus>
      <LastUpdateDate />
      <LastUpdateTime />
    </Product>
    <Product>
      <PriceUpdateDate>2019/08/16 09:21</PriceUpdateDate>
      <ItemCode>7290105360342</ItemCode>
      <ItemType>1</ItemType>
      <ItemName>קפסולות קפוצ`ינו עלית 50גר</ItemName>
      <ManufactureName>שטראוס גרופ בעמ</ManufactureName>
      <ManufactureCountry />
      <ManufactureItemDescription />
      <UnitQty>י"ח</UnitQty>
      <Quantity>50</Quantity>
      <UnitMeasure>ל  גרם</UnitMeasure>
      <BisWeighted>0</BisWeighted>
      <QtyInPackage>1</QtyInPackage>
      <ItemPrice>17.90</ItemPrice>
      <UnitOfMeasurePrice>35.80</UnitOfMeasurePrice>
      <AllowDiscount>1</AllowDiscount>
      <itemStatus>1</itemStatus>
      <LastUpdateDate />
      <LastUpdateTime />
    </Product>
    <Product>
      <PriceUpdateDate>2015/06/09 09:28</PriceUpdateDate>
      <ItemCode>7290105361707</ItemCode>
      <ItemType>1</ItemType>
      <ItemName>כיף כף לבן 45גרם</ItemName>
      <ManufactureName>שטראוס גרופ בעמ</ManufactureName>
      <ManufactureCountry />
      <ManufactureItemDescription />
      <UnitQty>י"ח</UnitQty>
      <Quantity>45</Quantity>
      <UnitMeasure>ל  גרם</UnitMeasure>
      <BisWeighted>0</BisWeighted>
      <QtyInPackage>1</QtyInPackage>
      <ItemPrice>3.90</ItemPrice>
      <UnitOfMeasurePrice>8.67</UnitOfMeasurePrice>
      <AllowDiscount>1</AllowDiscount>
      <itemStatus>1</itemStatus>
      <LastUpdateDate />
      <LastUpdateTime />
    </Product>
    <Product>
      <PriceUpdateDate>2015/11/16 13:02</PriceUpdateDate>
      <ItemCode>7290105362193</ItemCode>
      <ItemType>1</ItemType>
      <ItemName>עוגה אישית שוק סוכריות צבעונית</ItemName>
      <ManufactureName>שטראוס גרופ בעמ</ManufactureName>
      <ManufactureCountry />
      <ManufactureItemDescription />
      <UnitQty>י"ח</UnitQty>
      <Quantity>350</Quantity>
      <UnitMeasure>ל  גרם</UnitMeasure>
      <BisWeighted>0</BisWeighted>
      <QtyInPackage>1</QtyInPackage>
      <ItemPrice>16.90</ItemPrice>
      <UnitOfMeasurePrice>4.83</UnitOfMeasurePrice>
      <AllowDiscount>1</AllowDiscount>
      <itemStatus>1</itemStatus>
      <LastUpdateDate />
      <LastUpdateTime />
    </Product>
    <Product>
      <PriceUpdateDate>2015/06/09 09:28</PriceUpdateDate>
      <ItemCode>7290105362377</ItemCode>
      <ItemType>1</ItemType>
      <ItemName>כיף כף מגדים 45גרם</ItemName>
      <ManufactureName>שטראוס גרופ בעמ</ManufactureName>
      <ManufactureCountry />
      <ManufactureItemDescription />
      <UnitQty>י"ח</UnitQty>
      <Quantity>45</Quantity>
      <UnitMeasure>ל  גרם</UnitMeasure>
      <BisWeighted>0</BisWeighted>
      <QtyInPackage>1</QtyInPackage>
      <ItemPrice>3.90</ItemPrice>
      <UnitOfMeasurePrice>8.67</UnitOfMeasurePrice>
      <AllowDiscount>1</AllowDiscount>
      <itemStatus>1</itemStatus>
      <LastUpdateDate />
      <LastUpdateTime />
    </Product>
    <Product>
      <PriceUpdateDate>2019/12/30 14:29</PriceUpdateDate>
      <ItemCode>7290105366337</ItemCode>
      <ItemType>1</ItemType>
      <ItemName>דוריטוס מנופח ברביקיו 80 גר`</ItemName>
      <ManufactureName>שטראוס פריטו ליי בעמ</ManufactureName>
      <ManufactureCountry />
      <ManufactureItemDescription />
      <UnitQty>י"ח</UnitQty>
      <Quantity>80</Quantity>
      <UnitMeasure>ל  גרם</UnitMeasure>
      <BisWeighted>0</BisWeighted>
      <QtyInPackage>1</QtyInPackage>
      <ItemPrice>3.90</ItemPrice>
      <UnitOfMeasurePrice>4.88</UnitOfMeasurePrice>
      <AllowDiscount>1</AllowDiscount>
      <itemStatus>1</itemStatus>
      <LastUpdateDate />
      <LastUpdateTime />
    </Product>
    <Product>
      <PriceUpdateDate>2019/12/30 14:29</PriceUpdateDate>
      <ItemCode>7290105366344</ItemCode>
      <ItemType>1</ItemType>
      <ItemName>דוריטוס מנופח שמנת בצל 80 גר`</ItemName>
      <ManufactureName>שטראוס פריטו ליי בעמ</ManufactureName>
      <ManufactureCountry />
      <ManufactureItemDescription />
      <UnitQty>י"ח</UnitQty>
      <Quantity>80</Quantity>
      <UnitMeasure>ל  גרם</UnitMeasure>
      <BisWeighted>0</BisWeighted>
      <QtyInPackage>1</QtyInPackage>
      <ItemPrice>3.90</ItemPrice>
      <UnitOfMeasurePrice>4.88</UnitOfMeasurePrice>
      <AllowDiscount>1</AllowDiscount>
      <itemStatus>1</itemStatus>
      <LastUpdateDate />
      <LastUpdateTime />
    </Product>
    <Product>
      <PriceUpdateDate>2018/12/11 16:06</PriceUpdateDate>
      <ItemCode>7290105368645</ItemCode>
      <ItemType>1</ItemType>
      <ItemName>שוקולד לבן 100גרם כשל"פ</ItemName>
      <ManufactureName>שטראוס גרופ בעמ</ManufactureName>
      <ManufactureCountry />
      <ManufactureItemDescription />
      <UnitQty>י"ח</UnitQty>
      <Quantity>100</Quantity>
      <UnitMeasure>ל  גרם</UnitMeasure>
      <BisWeighted>0</BisWeighted>
      <QtyInPackage>1</QtyInPackage>
      <ItemPrice>5.90</ItemPrice>
      <UnitOfMeasurePrice>5.90</UnitOfMeasurePrice>
      <AllowDiscount>1</AllowDiscount>
      <itemStatus>1</itemStatus>
      <LastUpdateDate />
      <LastUpdateTime />
    </Product>
    <Product>
      <PriceUpdateDate>2018/12/31 14:23</PriceUpdateDate>
      <ItemCode>7290105369451</ItemCode>
      <ItemType>1</ItemType>
      <ItemName>ציטוס דולפינים 55גרם</ItemName>
      <ManufactureName>שטראוס פריטו ליי בעמ</ManufactureName>
      <ManufactureCountry />
      <ManufactureItemDescription />
      <UnitQty>י"ח</UnitQty>
      <Quantity>55</Quantity>
      <UnitMeasure>ל  גרם</UnitMeasure>
      <BisWeighted>0</BisWeighted>
      <QtyInPackage>1</QtyInPackage>
      <ItemPrice>3.50</ItemPrice>
      <UnitOfMeasurePrice>6.36</UnitOfMeasurePrice>
      <AllowDiscount>1</AllowDiscount>
      <itemStatus>1</itemStatus>
      <LastUpdateDate />
      <LastUpdateTime />
    </Product>
    <Product>
      <PriceUpdateDate>2018/05/03 09:19</PriceUpdateDate>
      <ItemCode>7290105430441</ItemCode>
      <ItemType>1</ItemType>
      <ItemName>פלמוליב סבון נוזלי שחור משאבה 750 מ"ל</ItemName>
      <ManufactureName>ש.שסטוביץ בעמ</ManufactureName>
      <ManufactureCountry />
      <ManufactureItemDescription />
      <UnitQty>י"ח</UnitQty>
      <Quantity>750</Quantity>
      <UnitMeasure>ל  מ"ל</UnitMeasure>
      <BisWeighted>0</BisWeighted>
      <QtyInPackage>1</QtyInPackage>
      <ItemPrice>17.90</ItemPrice>
      <UnitOfMeasurePrice>2.39</UnitOfMeasurePrice>
      <AllowDiscount>1</AllowDiscount>
      <itemStatus>1</itemStatus>
      <LastUpdateDate />
      <LastUpdateTime />
    </Product>
    <Product>
      <PriceUpdateDate>2018/05/03 09:19</PriceUpdateDate>
      <ItemCode>7290105430458</ItemCode>
      <ItemType>1</ItemType>
      <ItemName>פלמוליב סבון נוזלי שקדים משאבה 750 מ"ל</ItemName>
      <ManufactureName>ש.שסטוביץ בעמ</ManufactureName>
      <ManufactureCountry />
      <ManufactureItemDescription />
      <UnitQty>י"ח</UnitQty>
      <Quantity>750</Quantity>
      <UnitMeasure>ל  מ"ל</UnitMeasure>
      <BisWeighted>0</BisWeighted>
      <QtyInPackage>1</QtyInPackage>
      <ItemPrice>17.90</ItemPrice>
      <UnitOfMeasurePrice>2.39</UnitOfMeasurePrice>
      <AllowDiscount>1</AllowDiscount>
      <itemStatus>1</itemStatus>
      <LastUpdateDate />
      <LastUpdateTime />
    </Product>
    <Product>
      <PriceUpdateDate>2015/12/20 13:41</PriceUpdateDate>
      <ItemCode>7290105430489</ItemCode>
      <ItemType>1</ItemType>
      <ItemName>ספיד סטיק 24/7 רול און  סטיינגארד</ItemName>
      <ManufactureName>ש.שסטוביץ בעמ</ManufactureName>
      <ManufactureCountry />
      <ManufactureItemDescription />
      <UnitQty>י"ח</UnitQty>
      <Quantity>5000</Quantity>
      <UnitMeasure>ל  מ"ל</UnitMeasure>
      <BisWeighted>0</BisWeighted>
      <QtyInPackage>1</QtyInPackage>
      <ItemPrice>21.90</ItemPrice>
      <UnitOfMeasurePrice>0.44</UnitOfMeasurePrice>
      <AllowDiscount>1</AllowDiscount>
      <itemStatus>1</itemStatus>
      <LastUpdateDate />
      <LastUpdateTime />
    </Product>
    <Product>
      <PriceUpdateDate>2015/12/20 13:41</PriceUpdateDate>
      <ItemCode>7290105430496</ItemCode>
      <ItemType>1</ItemType>
      <ItemName>ספיד סטיק סטיינגארד ספריי</ItemName>
      <ManufactureName>ש.שסטוביץ בעמ</ManufactureName>
      <ManufactureCountry />
      <ManufactureItemDescription />
      <UnitQty>י"ח</UnitQty>
      <Quantity>1</Quantity>
      <UnitMeasure>י"ח</UnitMeasure>
      <BisWeighted>0</BisWeighted>
      <QtyInPackage>1</QtyInPackage>
      <ItemPrice>21.90</ItemPrice>
      <UnitOfMeasurePrice>21.90</UnitOfMeasurePrice>
      <AllowDiscount>1</AllowDiscount>
      <itemStatus>1</itemStatus>
      <LastUpdateDate />
      <LastUpdateTime />
    </Product>
    <Product>
      <PriceUpdateDate>2015/12/03 11:49</PriceUpdateDate>
      <ItemCode>7290105430502</ItemCode>
      <ItemType>1</ItemType>
      <ItemName>ספיד סטיק סטיינגארד סטיק</ItemName>
      <ManufactureName>ש.שסטוביץ בעמ</ManufactureName>
      <ManufactureCountry />
      <ManufactureItemDescription />
      <UnitQty>י"ח</UnitQty>
      <Quantity>100</Quantity>
      <UnitMeasure>ל  מ"ל</UnitMeasure>
      <BisWeighted>0</BisWeighted>
      <QtyInPackage>1</QtyInPackage>
      <ItemPrice>24.90</ItemPrice>
      <UnitOfMeasurePrice>24.90</UnitOfMeasurePrice>
      <AllowDiscount>1</AllowDiscount>
      <itemStatus>1</itemStatus>
      <LastUpdateDate />
      <LastUpdateTime />
    </Product>
    <Product>
      <PriceUpdateDate>2015/06/11 10:37</PriceUpdateDate>
      <ItemCode>7290105431516</ItemCode>
      <ItemType>1</ItemType>
      <ItemName>פרי  מארז 5 דגנים טעם תמרים בוטנים.</ItemName>
      <ManufactureName>ש.שסטוביץ בעמ</ManufactureName>
      <ManufactureCountry />
      <ManufactureItemDescription />
      <UnitQty>י"ח</UnitQty>
      <Quantity>5</Quantity>
      <UnitMeasure>י"ח</UnitMeasure>
      <BisWeighted>0</BisWeighted>
      <QtyInPackage>1</QtyInPackage>
      <ItemPrice>16.90</ItemPrice>
      <UnitOfMeasurePrice>3.38</UnitOfMeasurePrice>
      <AllowDiscount>1</AllowDiscount>
      <itemStatus>1</itemStatus>
      <LastUpdateDate />
      <LastUpdateTime />
    </Product>
    <Product>
      <PriceUpdateDate>2019/02/03 09:34</PriceUpdateDate>
      <ItemCode>7290105431868</ItemCode>
      <ItemType>1</ItemType>
      <ItemName>סבון נוזלי פלמוליב ספא</ItemName>
      <ManufactureName>ש.שסטוביץ בעמ</ManufactureName>
      <ManufactureCountry />
      <ManufactureItemDescription />
      <UnitQty>י"ח</UnitQty>
      <Quantity>500</Quantity>
      <UnitMeasure>ל  מ"ל</UnitMeasure>
      <BisWeighted>0</BisWeighted>
      <QtyInPackage>1</QtyInPackage>
      <ItemPrice>15.90</ItemPrice>
      <UnitOfMeasurePrice>3.18</UnitOfMeasurePrice>
      <AllowDiscount>1</AllowDiscount>
      <itemStatus>1</itemStatus>
      <LastUpdateDate />
      <LastUpdateTime />
    </Product>
    <Product>
      <PriceUpdateDate>2015/12/20 13:41</PriceUpdateDate>
      <ItemCode>7290105431950</ItemCode>
      <ItemType>1</ItemType>
      <ItemName>דאו ספיד סטיק ספריי אבטיח</ItemName>
      <ManufactureName>ש.שסטוביץ בעמ</ManufactureName>
      <ManufactureCountry />
      <ManufactureItemDescription />
      <UnitQty>י"ח</UnitQty>
      <Quantity>165</Quantity>
      <UnitMeasure>ל  מ"ל</UnitMeasure>
      <BisWeighted>0</BisWeighted>
      <QtyInPackage>1</QtyInPackage>
      <ItemPrice>21.90</ItemPrice>
      <UnitOfMeasurePrice>13.27</UnitOfMeasurePrice>
      <AllowDiscount>1</AllowDiscount>
      <itemStatus>1</itemStatus>
      <LastUpdateDate />
      <LastUpdateTime />
    </Product>
    <Product>
      <PriceUpdateDate>2015/12/20 13:41</PriceUpdateDate>
      <ItemCode>7290105433961</ItemCode>
      <ItemType>1</ItemType>
      <ItemName>לסס פרש אסנס ספריי דובדבן</ItemName>
      <ManufactureName>ש.שסטוביץ בעמ</ManufactureName>
      <ManufactureCountry />
      <ManufactureItemDescription />
      <UnitQty>י"ח</UnitQty>
      <Quantity>165</Quantity>
      <UnitMeasure>ל  מ"ל</UnitMeasure>
      <BisWeighted>0</BisWeighted>
      <QtyInPackage>1</QtyInPackage>
      <ItemPrice>21.90</ItemPrice>
      <UnitOfMeasurePrice>13.27</UnitOfMeasurePrice>
      <AllowDiscount>1</AllowDiscount>
      <itemStatus>1</itemStatus>
      <LastUpdateDate />
      <LastUpdateTime />
    </Product>
    <Product>
      <PriceUpdateDate>2015/12/20 13:41</PriceUpdateDate>
      <ItemCode>7290105433978</ItemCode>
      <ItemType>1</ItemType>
      <ItemName>לסס פרש אסנס ספריי פטל</ItemName>
      <ManufactureName>ש.שסטוביץ בעמ</ManufactureName>
      <ManufactureCountry />
      <ManufactureItemDescription />
      <UnitQty>י"ח</UnitQty>
      <Quantity>165</Quantity>
      <UnitMeasure>ל  מ"ל</UnitMeasure>
      <BisWeighted>0</BisWeighted>
      <QtyInPackage>1</QtyInPackage>
      <ItemPrice>21.90</ItemPrice>
      <UnitOfMeasurePrice>13.27</UnitOfMeasurePrice>
      <AllowDiscount>1</AllowDiscount>
      <itemStatus>1</itemStatus>
      <LastUpdateDate />
      <LastUpdateTime />
    </Product>
    <Product>
      <PriceUpdateDate>2015/12/03 11:49</PriceUpdateDate>
      <ItemCode>7290105433985</ItemCode>
      <ItemType>1</ItemType>
      <ItemName>ליידי ס.ס פרש אסנס פריחת הדובדבן סטיק</ItemName>
      <ManufactureName>ש.שסטוביץ בעמ</ManufactureName>
      <ManufactureCountry />
      <ManufactureItemDescription />
      <UnitQty>י"ח</UnitQty>
      <Quantity>65</Quantity>
      <UnitMeasure>ל  גרם</UnitMeasure>
      <BisWeighted>0</BisWeighted>
      <QtyInPackage>1</QtyInPackage>
      <ItemPrice>24.90</ItemPrice>
      <UnitOfMeasurePrice>38.31</UnitOfMeasurePrice>
      <AllowDiscount>1</AllowDiscount>
      <itemStatus>1</itemStatus>
      <LastUpdateDate />
      <LastUpdateTime />
    </Product>
    <Product>
      <PriceUpdateDate>2015/12/20 13:41</PriceUpdateDate>
      <ItemCode>7290105434029</ItemCode>
      <ItemType>1</ItemType>
      <ItemName>ספיד סטיק 24/7 נוטרו ספריי</ItemName>
      <ManufactureName>ש.שסטוביץ בעמ</ManufactureName>
      <ManufactureCountry />
      <ManufactureItemDescription />
      <UnitQty>י"ח</UnitQty>
      <Quantity>150</Quantity>
      <UnitMeasure>ל  מ"ל</UnitMeasure>
      <BisWeighted>0</BisWeighted>
      <QtyInPackage>1</QtyInPackage>
      <ItemPrice>21.90</ItemPrice>
      <UnitOfMeasurePrice>14.60</UnitOfMeasurePrice>
      <AllowDiscount>1</AllowDiscount>
      <itemStatus>1</itemStatus>
      <LastUpdateDate />
      <LastUpdateTime />
    </Product>
    <Product>
      <PriceUpdateDate>2015/12/03 11:49</PriceUpdateDate>
      <ItemCode>7290105434050</ItemCode>
      <ItemType>1</ItemType>
      <ItemName>ספיד סטיק ג ל-ירוק 85ג</ItemName>
      <ManufactureName>ש.שסטוביץ בעמ</ManufactureName>
      <ManufactureCountry />
      <ManufactureItemDescription />
      <UnitQty>י"ח</UnitQty>
      <Quantity>85</Quantity>
      <UnitMeasure>ל  גרם</UnitMeasure>
      <BisWeighted>0</BisWeighted>
      <QtyInPackage>1</QtyInPackage>
      <ItemPrice>26.90</ItemPrice>
      <UnitOfMeasurePrice>31.65</UnitOfMeasurePrice>
      <AllowDiscount>1</AllowDiscount>
      <itemStatus>1</itemStatus>
      <LastUpdateDate />
      <LastUpdateTime />
    </Product>
    <Product>
      <PriceUpdateDate>2015/12/03 11:49</PriceUpdateDate>
      <ItemCode>7290105434067</ItemCode>
      <ItemType>1</ItemType>
      <ItemName>ספיד סטיק ג ל-כחול 85ג</ItemName>
      <ManufactureName>ש.שסטוביץ בעמ</ManufactureName>
      <ManufactureCountry />
      <ManufactureItemDescription />
      <UnitQty>י"ח</UnitQty>
      <Quantity>85</Quantity>
      <UnitMeasure>ל  גרם</UnitMeasure>
      <BisWeighted>0</BisWeighted>
      <QtyInPackage>1</QtyInPackage>
      <ItemPrice>26.90</ItemPrice>
      <UnitOfMeasurePrice>31.65</UnitOfMeasurePrice>
      <AllowDiscount>1</AllowDiscount>
      <itemStatus>1</itemStatus>
      <LastUpdateDate />
      <LastUpdateTime />
    </Product>
    <Product>
      <PriceUpdateDate>2015/06/11 10:37</PriceUpdateDate>
      <ItemCode>7290105436382</ItemCode>
      <ItemType>1</ItemType>
      <ItemName>חטיף דגנים מארז פרי תמרים קשיוחמישיה</ItemName>
      <ManufactureName>ש.שסטוביץ בעמ</ManufactureName>
      <ManufactureCountry />
      <ManufactureItemDescription />
      <UnitQty>י"ח</UnitQty>
      <Quantity>90</Quantity>
      <UnitMeasure>ל  גרם</UnitMeasure>
      <BisWeighted>0</BisWeighted>
      <QtyInPackage>1</QtyInPackage>
      <ItemPrice>16.90</ItemPrice>
      <UnitOfMeasurePrice>18.78</UnitOfMeasurePrice>
      <AllowDiscount>1</AllowDiscount>
      <itemStatus>1</itemStatus>
      <LastUpdateDate />
      <LastUpdateTime />
    </Product>
    <Product>
      <PriceUpdateDate>2016/12/21 13:20</PriceUpdateDate>
      <ItemCode>7290105439505</ItemCode>
      <ItemType>1</ItemType>
      <ItemName>קרם בטעם מיונס לייט 479ג מנה</ItemName>
      <ManufactureName>ש.שסטוביץ בעמ</ManufactureName>
      <ManufactureCountry />
      <ManufactureItemDescription />
      <UnitQty>י"ח</UnitQty>
      <Quantity>479</Quantity>
      <UnitMeasure>ל  גרם</UnitMeasure>
      <BisWeighted>0</BisWeighted>
      <QtyInPackage>1</QtyInPackage>
      <ItemPrice>11.90</ItemPrice>
      <UnitOfMeasurePrice>2.48</UnitOfMeasurePrice>
      <AllowDiscount>1</AllowDiscount>
      <itemStatus>1</itemStatus>
      <LastUpdateDate />
      <LastUpdateTime />
    </Product>
    <Product>
      <PriceUpdateDate>2016/03/15 09:24</PriceUpdateDate>
      <ItemCode>7290105439581</ItemCode>
      <ItemType>1</ItemType>
      <ItemName>חרדל דיזון 370ג צרפתי מאסטר שף</ItemName>
      <ManufactureName>ש.שסטוביץ בעמ</ManufactureName>
      <ManufactureCountry />
      <ManufactureItemDescription />
      <UnitQty>י"ח</UnitQty>
      <Quantity>370</Quantity>
      <UnitMeasure>ל  גרם</UnitMeasure>
      <BisWeighted>0</BisWeighted>
      <QtyInPackage>1</QtyInPackage>
      <ItemPrice>11.90</ItemPrice>
      <UnitOfMeasurePrice>3.22</UnitOfMeasurePrice>
      <AllowDiscount>1</AllowDiscount>
      <itemStatus>1</itemStatus>
      <LastUpdateDate />
      <LastUpdateTime />
    </Product>
    <Product>
      <PriceUpdateDate>2016/03/15 09:24</PriceUpdateDate>
      <ItemCode>7290105439598</ItemCode>
      <ItemType>1</ItemType>
      <ItemName>חרדל דיזון 370ג גרגרים מאסטר שף</ItemName>
      <ManufactureName>ש.שסטוביץ בעמ</ManufactureName>
      <ManufactureCountry />
      <ManufactureItemDescription />
      <UnitQty>י"ח</UnitQty>
      <Quantity>370</Quantity>
      <UnitMeasure>ל  גרם</UnitMeasure>
      <BisWeighted>0</BisWeighted>
      <QtyInPackage>1</QtyInPackage>
      <ItemPrice>11.90</ItemPrice>
      <UnitOfMeasurePrice>3.22</UnitOfMeasurePrice>
      <AllowDiscount>1</AllowDiscount>
      <itemStatus>1</itemStatus>
      <LastUpdateDate />
      <LastUpdateTime />
    </Product>
    <Product>
      <PriceUpdateDate>2014/12/08 15:26</PriceUpdateDate>
      <ItemCode>7290105691125</ItemCode>
      <ItemType>1</ItemType>
      <ItemName>ביסלי יאללה חריף 70גר(קטן{</ItemName>
      <ManufactureName>קבוצת אוסם סחר-שות.מוגבלת</ManufactureName>
      <ManufactureCountry />
      <ManufactureItemDescription />
      <UnitQty>י"ח</UnitQty>
      <Quantity>70</Quantity>
      <UnitMeasure>ל  גרם</UnitMeasure>
      <BisWeighted>0</BisWeighted>
      <QtyInPackage>1</QtyInPackage>
      <ItemPrice>4.30</ItemPrice>
      <UnitOfMeasurePrice>6.14</UnitOfMeasurePrice>
      <AllowDiscount>1</AllowDiscount>
      <itemStatus>1</itemStatus>
      <LastUpdateDate />
      <LastUpdateTime />
    </Product>
    <Product>
      <PriceUpdateDate>2014/12/08 15:26</PriceUpdateDate>
      <ItemCode>7290105691149</ItemCode>
      <ItemType>1</ItemType>
      <ItemName>ביסלי יאללה טבעי 70גר(קטן{</ItemName>
      <ManufactureName>קבוצת אוסם סחר-שות.מוגבלת</ManufactureName>
      <ManufactureCountry />
      <ManufactureItemDescription />
      <UnitQty>י"ח</UnitQty>
      <Quantity>70</Quantity>
      <UnitMeasure>ל  גרם</UnitMeasure>
      <BisWeighted>0</BisWeighted>
      <QtyInPackage>1</QtyInPackage>
      <ItemPrice>4.30</ItemPrice>
      <UnitOfMeasurePrice>6.14</UnitOfMeasurePrice>
      <AllowDiscount>1</AllowDiscount>
      <itemStatus>1</itemStatus>
      <LastUpdateDate />
      <LastUpdateTime />
    </Product>
    <Product>
      <PriceUpdateDate>2014/12/08 15:26</PriceUpdateDate>
      <ItemCode>7290105691163</ItemCode>
      <ItemType>1</ItemType>
      <ItemName>במבה במילוי סוכריות קופצות  60גרם</ItemName>
      <ManufactureName>קבוצת אוסם סחר-שות.מוגבלת</ManufactureName>
      <ManufactureCountry />
      <ManufactureItemDescription />
      <UnitQty>י"ח</UnitQty>
      <Quantity>60</Quantity>
      <UnitMeasure>ל  גרם</UnitMeasure>
      <BisWeighted>0</BisWeighted>
      <QtyInPackage>1</QtyInPackage>
      <ItemPrice>5</ItemPrice>
      <UnitOfMeasurePrice>8.33</UnitOfMeasurePrice>
      <AllowDiscount>1</AllowDiscount>
      <itemStatus>1</itemStatus>
      <LastUpdateDate />
      <LastUpdateTime />
    </Product>
    <Product>
      <PriceUpdateDate>2014/12/08 15:26</PriceUpdateDate>
      <ItemCode>7290105691224</ItemCode>
      <ItemType>1</ItemType>
      <ItemName>חטיפי פריכונים טורטיה שום בצל 60 גר</ItemName>
      <ManufactureName>קבוצת אוסם סחר-שות.מוגבלת</ManufactureName>
      <ManufactureCountry />
      <ManufactureItemDescription />
      <UnitQty>י"ח</UnitQty>
      <Quantity>60</Quantity>
      <UnitMeasure>ל  גרם</UnitMeasure>
      <BisWeighted>0</BisWeighted>
      <QtyInPackage>1</QtyInPackage>
      <ItemPrice>7.60</ItemPrice>
      <UnitOfMeasurePrice>12.67</UnitOfMeasurePrice>
      <AllowDiscount>1</AllowDiscount>
      <itemStatus>1</itemStatus>
      <LastUpdateDate />
      <LastUpdateTime />
    </Product>
    <Product>
      <PriceUpdateDate>2014/12/08 15:26</PriceUpdateDate>
      <ItemCode>7290105691248</ItemCode>
      <ItemType>1</ItemType>
      <ItemName>חטיפי פריכונים טורטיה תירס 60 גר</ItemName>
      <ManufactureName>קבוצת אוסם סחר-שות.מוגבלת</ManufactureName>
      <ManufactureCountry />
      <ManufactureItemDescription />
      <UnitQty>י"ח</UnitQty>
      <Quantity>60</Quantity>
      <UnitMeasure>ל  גרם</UnitMeasure>
      <BisWeighted>0</BisWeighted>
      <QtyInPackage>1</QtyInPackage>
      <ItemPrice>7.60</ItemPrice>
      <UnitOfMeasurePrice>12.67</UnitOfMeasurePrice>
      <AllowDiscount>1</AllowDiscount>
      <itemStatus>1</itemStatus>
      <LastUpdateDate />
      <LastUpdateTime />
    </Product>
    <Product>
      <PriceUpdateDate>2014/06/30 16:02</PriceUpdateDate>
      <ItemCode>7290105691965</ItemCode>
      <ItemType>1</ItemType>
      <ItemName>רוטב סויה בסיגנון סיני כשל"פ 290 מ"ל</ItemName>
      <ManufactureName>קבוצת אוסם סחר-שות.מוגבלת</ManufactureName>
      <ManufactureCountry />
      <ManufactureItemDescription />
      <UnitQty>י"ח</UnitQty>
      <Quantity>290</Quantity>
      <UnitMeasure>ל  גרם</UnitMeasure>
      <BisWeighted>0</BisWeighted>
      <QtyInPackage>1</QtyInPackage>
      <ItemPrice>12.50</ItemPrice>
      <UnitOfMeasurePrice>4.31</UnitOfMeasurePrice>
      <AllowDiscount>1</AllowDiscount>
      <itemStatus>1</itemStatus>
      <LastUpdateDate />
      <LastUpdateTime />
    </Product>
    <Product>
      <PriceUpdateDate>2014/12/08 15:26</PriceUpdateDate>
      <ItemCode>7290105692795</ItemCode>
      <ItemType>1</ItemType>
      <ItemName>דובונים חמוץ מתוק 40 גרם</ItemName>
      <ManufactureName>קבוצת אוסם סחר-שות.מוגבלת</ManufactureName>
      <ManufactureCountry />
      <ManufactureItemDescription />
      <UnitQty>י"ח</UnitQty>
      <Quantity>40</Quantity>
      <UnitMeasure>ל  גרם</UnitMeasure>
      <BisWeighted>0</BisWeighted>
      <QtyInPackage>1</QtyInPackage>
      <ItemPrice>5</ItemPrice>
      <UnitOfMeasurePrice>12.50</UnitOfMeasurePrice>
      <AllowDiscount>1</AllowDiscount>
      <itemStatus>1</itemStatus>
      <LastUpdateDate />
      <LastUpdateTime />
    </Product>
    <Product>
      <PriceUpdateDate>2014/06/30 16:02</PriceUpdateDate>
      <ItemCode>7290105693648</ItemCode>
      <ItemType>1</ItemType>
      <ItemName>רוטב וינגרט לסלט חסה</ItemName>
      <ManufactureName>קבוצת אוסם סחר-שות.מוגבלת</ManufactureName>
      <ManufactureCountry />
      <ManufactureItemDescription />
      <UnitQty>י"ח</UnitQty>
      <Quantity>375</Quantity>
      <UnitMeasure>ל  גרם</UnitMeasure>
      <BisWeighted>0</BisWeighted>
      <QtyInPackage>1</QtyInPackage>
      <ItemPrice>12.50</ItemPrice>
      <UnitOfMeasurePrice>3.33</UnitOfMeasurePrice>
      <AllowDiscount>1</AllowDiscount>
      <itemStatus>1</itemStatus>
      <LastUpdateDate />
      <LastUpdateTime />
    </Product>
    <Product>
      <PriceUpdateDate>2016/09/07 15:32</PriceUpdateDate>
      <ItemCode>7290105695024</ItemCode>
      <ItemType>1</ItemType>
      <ItemName>פתיתים אפויים אורז עם אטריות</ItemName>
      <ManufactureName>קבוצת אוסם סחר-שות.מוגבלת</ManufactureName>
      <ManufactureCountry />
      <ManufactureItemDescription />
      <UnitQty>י"ח</UnitQty>
      <Quantity>500</Quantity>
      <UnitMeasure>ל  גרם</UnitMeasure>
      <BisWeighted>0</BisWeighted>
      <QtyInPackage>1</QtyInPackage>
      <ItemPrice>6.90</ItemPrice>
      <UnitOfMeasurePrice>1.38</UnitOfMeasurePrice>
      <AllowDiscount>1</AllowDiscount>
      <itemStatus>1</itemStatus>
      <LastUpdateDate />
      <LastUpdateTime />
    </Product>
    <Product>
      <PriceUpdateDate>2016/09/07 15:32</PriceUpdateDate>
      <ItemCode>7290105695307</ItemCode>
      <ItemType>1</ItemType>
      <ItemName>פתיתים מפתול בלדי 400גר</ItemName>
      <ManufactureName>קבוצת אוסם סחר-שות.מוגבלת</ManufactureName>
      <ManufactureCountry />
      <ManufactureItemDescription />
      <UnitQty>י"ח</UnitQty>
      <Quantity>500</Quantity>
      <UnitMeasure>ל  גרם</UnitMeasure>
      <BisWeighted>0</BisWeighted>
      <QtyInPackage>1</QtyInPackage>
      <ItemPrice>6.90</ItemPrice>
      <UnitOfMeasurePrice>1.38</UnitOfMeasurePrice>
      <AllowDiscount>1</AllowDiscount>
      <itemStatus>1</itemStatus>
      <LastUpdateDate />
      <LastUpdateTime />
    </Product>
    <Product>
      <PriceUpdateDate>2016/09/30 09:01</PriceUpdateDate>
      <ItemCode>7290105695994</ItemCode>
      <ItemType>1</ItemType>
      <ItemName>רוטב סויה טבעי 290מ"ל</ItemName>
      <ManufactureName>קבוצת אוסם סחר-שות.מוגבלת</ManufactureName>
      <ManufactureCountry />
      <ManufactureItemDescription />
      <UnitQty>י"ח</UnitQty>
      <Quantity>290</Quantity>
      <UnitMeasure>ל  גרם</UnitMeasure>
      <BisWeighted>0</BisWeighted>
      <QtyInPackage>1</QtyInPackage>
      <ItemPrice>13.90</ItemPrice>
      <UnitOfMeasurePrice>4.79</UnitOfMeasurePrice>
      <AllowDiscount>1</AllowDiscount>
      <itemStatus>1</itemStatus>
      <LastUpdateDate />
      <LastUpdateTime />
    </Product>
    <Product>
      <PriceUpdateDate>2015/11/16 13:02</PriceUpdateDate>
      <ItemCode>7290105961518</ItemCode>
      <ItemType>1</ItemType>
      <ItemName>עוגת וניל קרם שוקולד טראפלס 330גר</ItemName>
      <ManufactureName>שטראוס גרופ בעמ</ManufactureName>
      <ManufactureCountry />
      <ManufactureItemDescription />
      <UnitQty>י"ח</UnitQty>
      <Quantity>330</Quantity>
      <UnitMeasure>ל  גרם</UnitMeasure>
      <BisWeighted>0</BisWeighted>
      <QtyInPackage>1</QtyInPackage>
      <ItemPrice>16.90</ItemPrice>
      <UnitOfMeasurePrice>5.12</UnitOfMeasurePrice>
      <AllowDiscount>1</AllowDiscount>
      <itemStatus>1</itemStatus>
      <LastUpdateDate />
      <LastUpdateTime />
    </Product>
    <Product>
      <PriceUpdateDate>2015/06/09 09:28</PriceUpdateDate>
      <ItemCode>7290105961891</ItemCode>
      <ItemType>1</ItemType>
      <ItemName>חטיף קוקונט מגדים 45גר</ItemName>
      <ManufactureName>שטראוס גרופ בעמ</ManufactureName>
      <ManufactureCountry />
      <ManufactureItemDescription />
      <UnitQty>י"ח</UnitQty>
      <Quantity>45</Quantity>
      <UnitMeasure>ל  גרם</UnitMeasure>
      <BisWeighted>0</BisWeighted>
      <QtyInPackage>1</QtyInPackage>
      <ItemPrice>3.90</ItemPrice>
      <UnitOfMeasurePrice>8.67</UnitOfMeasurePrice>
      <AllowDiscount>1</AllowDiscount>
      <itemStatus>1</itemStatus>
      <LastUpdateDate />
      <LastUpdateTime />
    </Product>
    <Product>
      <PriceUpdateDate>2015/06/09 09:28</PriceUpdateDate>
      <ItemCode>7290105961907</ItemCode>
      <ItemType>1</ItemType>
      <ItemName>חטיף קרמלו מגדים 45גר</ItemName>
      <ManufactureName>שטראוס גרופ בעמ</ManufactureName>
      <ManufactureCountry />
      <ManufactureItemDescription />
      <UnitQty>י"ח</UnitQty>
      <Quantity>45</Quantity>
      <UnitMeasure>ל  גרם</UnitMeasure>
      <BisWeighted>0</BisWeighted>
      <QtyInPackage>1</QtyInPackage>
      <ItemPrice>3.90</ItemPrice>
      <UnitOfMeasurePrice>8.67</UnitOfMeasurePrice>
      <AllowDiscount>1</AllowDiscount>
      <itemStatus>1</itemStatus>
      <LastUpdateDate />
      <LastUpdateTime />
    </Product>
    <Product>
      <PriceUpdateDate>2019/12/30 14:29</PriceUpdateDate>
      <ItemCode>7290105966612</ItemCode>
      <ItemType>1</ItemType>
      <ItemName>דוריטוס מנופח צילי ציז 80ג</ItemName>
      <ManufactureName>שטראוס פריטו ליי בעמ</ManufactureName>
      <ManufactureCountry />
      <ManufactureItemDescription />
      <UnitQty>י"ח</UnitQty>
      <Quantity>80</Quantity>
      <UnitMeasure>ל  גרם</UnitMeasure>
      <BisWeighted>0</BisWeighted>
      <QtyInPackage>1</QtyInPackage>
      <ItemPrice>3.90</ItemPrice>
      <UnitOfMeasurePrice>4.88</UnitOfMeasurePrice>
      <AllowDiscount>1</AllowDiscount>
      <itemStatus>1</itemStatus>
      <LastUpdateDate />
      <LastUpdateTime />
    </Product>
    <Product>
      <PriceUpdateDate>2015/11/16 13:02</PriceUpdateDate>
      <ItemCode>7290105968449</ItemCode>
      <ItemType>1</ItemType>
      <ItemName>עוגה אישית שוק טופי קרמל 245גר</ItemName>
      <ManufactureName>שטראוס גרופ בעמ</ManufactureName>
      <ManufactureCountry />
      <ManufactureItemDescription />
      <UnitQty>י"ח</UnitQty>
      <Quantity>350</Quantity>
      <UnitMeasure>ל  גרם</UnitMeasure>
      <BisWeighted>0</BisWeighted>
      <QtyInPackage>1</QtyInPackage>
      <ItemPrice>16.90</ItemPrice>
      <UnitOfMeasurePrice>4.83</UnitOfMeasurePrice>
      <AllowDiscount>1</AllowDiscount>
      <itemStatus>1</itemStatus>
      <LastUpdateDate />
      <LastUpdateTime />
    </Product>
    <Product>
      <PriceUpdateDate>2014/05/19 08:09</PriceUpdateDate>
      <ItemCode>7290105968654</ItemCode>
      <ItemType>1</ItemType>
      <ItemName>טורטליני בטטה שטראוס פרווה</ItemName>
      <ManufactureName>שטראוס גרופ ***בעמ</ManufactureName>
      <ManufactureCountry />
      <ManufactureItemDescription />
      <UnitQty>י"ח</UnitQty>
      <Quantity>400</Quantity>
      <UnitMeasure>ל  גרם</UnitMeasure>
      <BisWeighted>0</BisWeighted>
      <QtyInPackage>1</QtyInPackage>
      <ItemPrice>19.90</ItemPrice>
      <UnitOfMeasurePrice>4.98</UnitOfMeasurePrice>
      <AllowDiscount>1</AllowDiscount>
      <itemStatus>1</itemStatus>
      <LastUpdateDate />
      <LastUpdateTime />
    </Product>
    <Product>
      <PriceUpdateDate>2015/11/16 13:02</PriceUpdateDate>
      <ItemCode>7290106520066</ItemCode>
      <ItemType>1</ItemType>
      <ItemName>אצבעות רבע לשבע 120גר`</ItemName>
      <ManufactureName>שטראוס גרופ בעמ</ManufactureName>
      <ManufactureCountry />
      <ManufactureItemDescription />
      <UnitQty>י"ח</UnitQty>
      <Quantity>120</Quantity>
      <UnitMeasure>ל  גרם</UnitMeasure>
      <BisWeighted>0</BisWeighted>
      <QtyInPackage>1</QtyInPackage>
      <ItemPrice>11.90</ItemPrice>
      <UnitOfMeasurePrice>9.92</UnitOfMeasurePrice>
      <AllowDiscount>1</AllowDiscount>
      <itemStatus>1</itemStatus>
      <LastUpdateDate />
      <LastUpdateTime />
    </Product>
    <Product>
      <PriceUpdateDate>2015/06/09 09:28</PriceUpdateDate>
      <ItemCode>7290106522251</ItemCode>
      <ItemType>1</ItemType>
      <ItemName>טעמי מריר 40גר</ItemName>
      <ManufactureName>שטראוס גרופ בעמ</ManufactureName>
      <ManufactureCountry />
      <ManufactureItemDescription />
      <UnitQty>י"ח</UnitQty>
      <Quantity>40</Quantity>
      <UnitMeasure>ל  גרם</UnitMeasure>
      <BisWeighted>0</BisWeighted>
      <QtyInPackage>1</QtyInPackage>
      <ItemPrice>3.90</ItemPrice>
      <UnitOfMeasurePrice>9.75</UnitOfMeasurePrice>
      <AllowDiscount>1</AllowDiscount>
      <itemStatus>1</itemStatus>
      <LastUpdateDate />
      <LastUpdateTime />
    </Product>
    <Product>
      <PriceUpdateDate>2019/12/30 14:29</PriceUpdateDate>
      <ItemCode>7290106524262</ItemCode>
      <ItemType>1</ItemType>
      <ItemName>דוריטוס צילי  70 גרם</ItemName>
      <ManufactureName>שטראוס פריטו ליי בעמ</ManufactureName>
      <ManufactureCountry />
      <ManufactureItemDescription />
      <UnitQty>י"ח</UnitQty>
      <Quantity>70</Quantity>
      <UnitMeasure>ל  גרם</UnitMeasure>
      <BisWeighted>0</BisWeighted>
      <QtyInPackage>1</QtyInPackage>
      <ItemPrice>3.90</ItemPrice>
      <UnitOfMeasurePrice>5.57</UnitOfMeasurePrice>
      <AllowDiscount>1</AllowDiscount>
      <itemStatus>1</itemStatus>
      <LastUpdateDate />
      <LastUpdateTime />
    </Product>
    <Product>
      <PriceUpdateDate>2019/12/30 14:29</PriceUpdateDate>
      <ItemCode>7290106524330</ItemCode>
      <ItemType>1</ItemType>
      <ItemName>דוריטוס מנופח ספייסי  80 גר`</ItemName>
      <ManufactureName>שטראוס פריטו ליי בעמ</ManufactureName>
      <ManufactureCountry />
      <ManufactureItemDescription />
      <UnitQty>י"ח</UnitQty>
      <Quantity>80</Quantity>
      <UnitMeasure>ל  גרם</UnitMeasure>
      <BisWeighted>0</BisWeighted>
      <QtyInPackage>1</QtyInPackage>
      <ItemPrice>3.90</ItemPrice>
      <UnitOfMeasurePrice>4.88</UnitOfMeasurePrice>
      <AllowDiscount>1</AllowDiscount>
      <itemStatus>1</itemStatus>
      <LastUpdateDate />
      <LastUpdateTime />
    </Product>
    <Product>
      <PriceUpdateDate>2015/12/29 09:41</PriceUpdateDate>
      <ItemCode>7290106524408</ItemCode>
      <ItemType>1</ItemType>
      <ItemName>שוש 65גר דמויות ילדים</ItemName>
      <ManufactureName>שטראוס פריטו ליי בעמ</ManufactureName>
      <ManufactureCountry />
      <ManufactureItemDescription />
      <UnitQty>י"ח</UnitQty>
      <Quantity>65</Quantity>
      <UnitMeasure>ל  גרם</UnitMeasure>
      <BisWeighted>0</BisWeighted>
      <QtyInPackage>1</QtyInPackage>
      <ItemPrice>2.90</ItemPrice>
      <UnitOfMeasurePrice>4.46</UnitOfMeasurePrice>
      <AllowDiscount>1</AllowDiscount>
      <itemStatus>1</itemStatus>
      <LastUpdateDate />
      <LastUpdateTime />
    </Product>
    <Product>
      <PriceUpdateDate>2016/03/13 13:25</PriceUpdateDate>
      <ItemCode>7290106524415</ItemCode>
      <ItemType>1</ItemType>
      <ItemName>שוש 80 גרם דמויות ילדים</ItemName>
      <ManufactureName>שטראוס פריטו ליי בעמ</ManufactureName>
      <ManufactureCountry />
      <ManufactureItemDescription />
      <UnitQty>י"ח</UnitQty>
      <Quantity>80</Quantity>
      <UnitMeasure>ל  גרם</UnitMeasure>
      <BisWeighted>0</BisWeighted>
      <QtyInPackage>1</QtyInPackage>
      <ItemPrice>3.90</ItemPrice>
      <UnitOfMeasurePrice>4.88</UnitOfMeasurePrice>
      <AllowDiscount>1</AllowDiscount>
      <itemStatus>1</itemStatus>
      <LastUpdateDate />
      <LastUpdateTime />
    </Product>
    <Product>
      <PriceUpdateDate>2015/03/19 15:22</PriceUpdateDate>
      <ItemCode>7290106525320</ItemCode>
      <ItemType>1</ItemType>
      <ItemName>שוקולית לאפיה  500 גר</ItemName>
      <ManufactureName>שטראוס גרופ בעמ</ManufactureName>
      <ManufactureCountry />
      <ManufactureItemDescription />
      <UnitQty>י"ח</UnitQty>
      <Quantity>500</Quantity>
      <UnitMeasure>ל  גרם</UnitMeasure>
      <BisWeighted>0</BisWeighted>
      <QtyInPackage>1</QtyInPackage>
      <ItemPrice>16.90</ItemPrice>
      <UnitOfMeasurePrice>3.38</UnitOfMeasurePrice>
      <AllowDiscount>1</AllowDiscount>
      <itemStatus>1</itemStatus>
      <LastUpdateDate />
      <LastUpdateTime />
    </Product>
    <Product>
      <PriceUpdateDate>2015/11/16 13:02</PriceUpdateDate>
      <ItemCode>7290106525368</ItemCode>
      <ItemType>1</ItemType>
      <ItemName>אצבעות רבע לשבע 120גר`</ItemName>
      <ManufactureName>שטראוס גרופ בעמ</ManufactureName>
      <ManufactureCountry />
      <ManufactureItemDescription />
      <UnitQty>י"ח</UnitQty>
      <Quantity>120</Quantity>
      <UnitMeasure>ל  גרם</UnitMeasure>
      <BisWeighted>0</BisWeighted>
      <QtyInPackage>1</QtyInPackage>
      <ItemPrice>11.90</ItemPrice>
      <UnitOfMeasurePrice>9.92</UnitOfMeasurePrice>
      <AllowDiscount>1</AllowDiscount>
      <itemStatus>1</itemStatus>
      <LastUpdateDate />
      <LastUpdateTime />
    </Product>
    <Product>
      <PriceUpdateDate>2019/08/16 09:21</PriceUpdateDate>
      <ItemCode>7290106525399</ItemCode>
      <ItemType>1</ItemType>
      <ItemName>קפסולות ברזיל 06 עלית 50גר</ItemName>
      <ManufactureName>שטראוס גרופ בעמ</ManufactureName>
      <ManufactureCountry />
      <ManufactureItemDescription />
      <UnitQty>י"ח</UnitQty>
      <Quantity>50</Quantity>
      <UnitMeasure>ל  גרם</UnitMeasure>
      <BisWeighted>0</BisWeighted>
      <QtyInPackage>1</QtyInPackage>
      <ItemPrice>17.90</ItemPrice>
      <UnitOfMeasurePrice>35.80</UnitOfMeasurePrice>
      <AllowDiscount>1</AllowDiscount>
      <itemStatus>1</itemStatus>
      <LastUpdateDate />
      <LastUpdateTime />
    </Product>
    <Product>
      <PriceUpdateDate>2019/01/01 12:53</PriceUpdateDate>
      <ItemCode>7290106525405</ItemCode>
      <ItemType>1</ItemType>
      <ItemName>קפסולות נטול למכונות נספרסו 50גר</ItemName>
      <ManufactureName>שטראוס גרופ בעמ</ManufactureName>
      <ManufactureCountry />
      <ManufactureItemDescription />
      <UnitQty>י"ח</UnitQty>
      <Quantity>50</Quantity>
      <UnitMeasure>ל  גרם</UnitMeasure>
      <BisWeighted>0</BisWeighted>
      <QtyInPackage>1</QtyInPackage>
      <ItemPrice>17.90</ItemPrice>
      <UnitOfMeasurePrice>35.80</UnitOfMeasurePrice>
      <AllowDiscount>1</AllowDiscount>
      <itemStatus>1</itemStatus>
      <LastUpdateDate />
      <LastUpdateTime />
    </Product>
    <Product>
      <PriceUpdateDate>2015/06/09 09:28</PriceUpdateDate>
      <ItemCode>7290106525504</ItemCode>
      <ItemType>1</ItemType>
      <ItemName>טעמי בייגלה 40גר</ItemName>
      <ManufactureName>שטראוס גרופ בעמ</ManufactureName>
      <ManufactureCountry />
      <ManufactureItemDescription />
      <UnitQty>י"ח</UnitQty>
      <Quantity>40</Quantity>
      <UnitMeasure>ל  גרם</UnitMeasure>
      <BisWeighted>0</BisWeighted>
      <QtyInPackage>1</QtyInPackage>
      <ItemPrice>3.90</ItemPrice>
      <UnitOfMeasurePrice>9.75</UnitOfMeasurePrice>
      <AllowDiscount>1</AllowDiscount>
      <itemStatus>1</itemStatus>
      <LastUpdateDate />
      <LastUpdateTime />
    </Product>
    <Product>
      <PriceUpdateDate>2019/12/30 14:29</PriceUpdateDate>
      <ItemCode>7290106528406</ItemCode>
      <ItemType>1</ItemType>
      <ItemName>דוריטוס בום פיצה  70ג</ItemName>
      <ManufactureName>שטראוס פריטו ליי בעמ</ManufactureName>
      <ManufactureCountry />
      <ManufactureItemDescription />
      <UnitQty>י"ח</UnitQty>
      <Quantity>70</Quantity>
      <UnitMeasure>ל  גרם</UnitMeasure>
      <BisWeighted>0</BisWeighted>
      <QtyInPackage>1</QtyInPackage>
      <ItemPrice>3.90</ItemPrice>
      <UnitOfMeasurePrice>5.57</UnitOfMeasurePrice>
      <AllowDiscount>1</AllowDiscount>
      <itemStatus>1</itemStatus>
      <LastUpdateDate />
      <LastUpdateTime />
    </Product>
    <Product>
      <PriceUpdateDate>2014/06/30 16:02</PriceUpdateDate>
      <ItemCode>7290106571709</ItemCode>
      <ItemType>1</ItemType>
      <ItemName>רוטב צ`ילי מתוק כשל"פ 290 מ"ל</ItemName>
      <ManufactureName>קבוצת אוסם סחר-שות.מוגבלת</ManufactureName>
      <ManufactureCountry />
      <ManufactureItemDescription />
      <UnitQty>י"ח</UnitQty>
      <Quantity>290</Quantity>
      <UnitMeasure>ל  גרם</UnitMeasure>
      <BisWeighted>0</BisWeighted>
      <QtyInPackage>1</QtyInPackage>
      <ItemPrice>12.50</ItemPrice>
      <UnitOfMeasurePrice>4.31</UnitOfMeasurePrice>
      <AllowDiscount>1</AllowDiscount>
      <itemStatus>1</itemStatus>
      <LastUpdateDate />
      <LastUpdateTime />
    </Product>
    <Product>
      <PriceUpdateDate>2014/05/05 16:03</PriceUpdateDate>
      <ItemCode>7290106572065</ItemCode>
      <ItemType>1</ItemType>
      <ItemName>חטיפי פריכונים טורטיה חמוץ מתוק 60 גר</ItemName>
      <ManufactureName>קבוצת אוסם סחר-שות.מוגבלת</ManufactureName>
      <ManufactureCountry />
      <ManufactureItemDescription />
      <UnitQty>י"ח</UnitQty>
      <Quantity>60</Quantity>
      <UnitMeasure>ל  גרם</UnitMeasure>
      <BisWeighted>0</BisWeighted>
      <QtyInPackage>1</QtyInPackage>
      <ItemPrice>7.60</ItemPrice>
      <UnitOfMeasurePrice>12.67</UnitOfMeasurePrice>
      <AllowDiscount>1</AllowDiscount>
      <itemStatus>1</itemStatus>
      <LastUpdateDate />
      <LastUpdateTime />
    </Product>
    <Product>
      <PriceUpdateDate>2014/12/08 15:26</PriceUpdateDate>
      <ItemCode>7290106572614</ItemCode>
      <ItemType>1</ItemType>
      <ItemName>דובונים פיצה 40 גרם</ItemName>
      <ManufactureName>קבוצת אוסם סחר-שות.מוגבלת</ManufactureName>
      <ManufactureCountry />
      <ManufactureItemDescription />
      <UnitQty>י"ח</UnitQty>
      <Quantity>40</Quantity>
      <UnitMeasure>ל  גרם</UnitMeasure>
      <BisWeighted>0</BisWeighted>
      <QtyInPackage>1</QtyInPackage>
      <ItemPrice>5</ItemPrice>
      <UnitOfMeasurePrice>12.50</UnitOfMeasurePrice>
      <AllowDiscount>1</AllowDiscount>
      <itemStatus>1</itemStatus>
      <LastUpdateDate />
      <LastUpdateTime />
    </Product>
    <Product>
      <PriceUpdateDate>2014/12/08 15:26</PriceUpdateDate>
      <ItemCode>7290106572638</ItemCode>
      <ItemType>1</ItemType>
      <ItemName>אפרופו צרפתי 50 גרם</ItemName>
      <ManufactureName>קבוצת אוסם סחר-שות.מוגבלת</ManufactureName>
      <ManufactureCountry />
      <ManufactureItemDescription />
      <UnitQty>י"ח</UnitQty>
      <Quantity>50</Quantity>
      <UnitMeasure>ל  גרם</UnitMeasure>
      <BisWeighted>0</BisWeighted>
      <QtyInPackage>1</QtyInPackage>
      <ItemPrice>5</ItemPrice>
      <UnitOfMeasurePrice>10</UnitOfMeasurePrice>
      <AllowDiscount>1</AllowDiscount>
      <itemStatus>1</itemStatus>
      <LastUpdateDate />
      <LastUpdateTime />
    </Product>
    <Product>
      <PriceUpdateDate>2014/12/08 15:26</PriceUpdateDate>
      <ItemCode>7290106572652</ItemCode>
      <ItemType>1</ItemType>
      <ItemName>דובונים גן חיות 40 גרם</ItemName>
      <ManufactureName>קבוצת אוסם סחר-שות.מוגבלת</ManufactureName>
      <ManufactureCountry />
      <ManufactureItemDescription />
      <UnitQty>י"ח</UnitQty>
      <Quantity>40</Quantity>
      <UnitMeasure>ל  גרם</UnitMeasure>
      <BisWeighted>0</BisWeighted>
      <QtyInPackage>1</QtyInPackage>
      <ItemPrice>5</ItemPrice>
      <UnitOfMeasurePrice>12.50</UnitOfMeasurePrice>
      <AllowDiscount>1</AllowDiscount>
      <itemStatus>1</itemStatus>
      <LastUpdateDate />
      <LastUpdateTime />
    </Product>
    <Product>
      <PriceUpdateDate>2014/12/08 15:26</PriceUpdateDate>
      <ItemCode>7290106572676</ItemCode>
      <ItemType>1</ItemType>
      <ItemName>ביסלי  זיתים  מתוק}קטן{</ItemName>
      <ManufactureName>קבוצת אוסם סחר-שות.מוגבלת</ManufactureName>
      <ManufactureCountry />
      <ManufactureItemDescription />
      <UnitQty>י"ח</UnitQty>
      <Quantity>70</Quantity>
      <UnitMeasure>ל  גרם</UnitMeasure>
      <BisWeighted>0</BisWeighted>
      <QtyInPackage>1</QtyInPackage>
      <ItemPrice>4.30</ItemPrice>
      <UnitOfMeasurePrice>6.14</UnitOfMeasurePrice>
      <AllowDiscount>1</AllowDiscount>
      <itemStatus>1</itemStatus>
      <LastUpdateDate />
      <LastUpdateTime />
    </Product>
    <Product>
      <PriceUpdateDate>2014/05/05 16:03</PriceUpdateDate>
      <ItemCode>7290106572898</ItemCode>
      <ItemType>1</ItemType>
      <ItemName>חטיפי פריכונים תירס מלא 80 ג`</ItemName>
      <ManufactureName>קבוצת אוסם סחר-שות.מוגבלת</ManufactureName>
      <ManufactureCountry />
      <ManufactureItemDescription />
      <UnitQty>י"ח</UnitQty>
      <Quantity>800</Quantity>
      <UnitMeasure>ל  גרם</UnitMeasure>
      <BisWeighted>0</BisWeighted>
      <QtyInPackage>1</QtyInPackage>
      <ItemPrice>7.60</ItemPrice>
      <UnitOfMeasurePrice>0.95</UnitOfMeasurePrice>
      <AllowDiscount>1</AllowDiscount>
      <itemStatus>1</itemStatus>
      <LastUpdateDate />
      <LastUpdateTime />
    </Product>
    <Product>
      <PriceUpdateDate>2014/12/08 15:26</PriceUpdateDate>
      <ItemCode>7290106572935</ItemCode>
      <ItemType>1</ItemType>
      <ItemName>אפרופו ספרדי 50 גרם</ItemName>
      <ManufactureName>קבוצת אוסם סחר-שות.מוגבלת</ManufactureName>
      <ManufactureCountry />
      <ManufactureItemDescription />
      <UnitQty>י"ח</UnitQty>
      <Quantity>50</Quantity>
      <UnitMeasure>ל  גרם</UnitMeasure>
      <BisWeighted>0</BisWeighted>
      <QtyInPackage>1</QtyInPackage>
      <ItemPrice>5</ItemPrice>
      <UnitOfMeasurePrice>10</UnitOfMeasurePrice>
      <AllowDiscount>1</AllowDiscount>
      <itemStatus>1</itemStatus>
      <LastUpdateDate />
      <LastUpdateTime />
    </Product>
    <Product>
      <PriceUpdateDate>2014/11/03 16:52</PriceUpdateDate>
      <ItemCode>7290106573086</ItemCode>
      <ItemType>1</ItemType>
      <ItemName>מארז קוסקוס זוגות 2*350גר</ItemName>
      <ManufactureName>קבוצת אוסם סחר-שות.מוגבלת</ManufactureName>
      <ManufactureCountry />
      <ManufactureItemDescription />
      <UnitQty>י"ח</UnitQty>
      <Quantity>700</Quantity>
      <UnitMeasure>ל  גרם</UnitMeasure>
      <BisWeighted>0</BisWeighted>
      <QtyInPackage>1</QtyInPackage>
      <ItemPrice>10.90</ItemPrice>
      <UnitOfMeasurePrice>1.56</UnitOfMeasurePrice>
      <AllowDiscount>1</AllowDiscount>
      <itemStatus>1</itemStatus>
      <LastUpdateDate />
      <LastUpdateTime />
    </Product>
    <Product>
      <PriceUpdateDate>2020/03/12 08:30</PriceUpdateDate>
      <ItemCode>7290106573277</ItemCode>
      <ItemType>1</ItemType>
      <ItemName>קריספי טאפאס זיתיםי 150גרם</ItemName>
      <ManufactureName>קבוצת אוסם סחר-שות.מוגבלת</ManufactureName>
      <ManufactureCountry />
      <ManufactureItemDescription />
      <UnitQty>י"ח</UnitQty>
      <Quantity>150</Quantity>
      <UnitMeasure>ל  גרם</UnitMeasure>
      <BisWeighted>0</BisWeighted>
      <QtyInPackage>1</QtyInPackage>
      <ItemPrice>10.50</ItemPrice>
      <UnitOfMeasurePrice>7</UnitOfMeasurePrice>
      <AllowDiscount>1</AllowDiscount>
      <itemStatus>1</itemStatus>
      <LastUpdateDate />
      <LastUpdateTime />
    </Product>
    <Product>
      <PriceUpdateDate>2020/03/12 08:30</PriceUpdateDate>
      <ItemCode>7290106573291</ItemCode>
      <ItemType>1</ItemType>
      <ItemName>קריספי טאפאס פלפלים 150גרם</ItemName>
      <ManufactureName>קבוצת אוסם סחר-שות.מוגבלת</ManufactureName>
      <ManufactureCountry />
      <ManufactureItemDescription />
      <UnitQty>י"ח</UnitQty>
      <Quantity>150</Quantity>
      <UnitMeasure>ל  גרם</UnitMeasure>
      <BisWeighted>0</BisWeighted>
      <QtyInPackage>1</QtyInPackage>
      <ItemPrice>10.50</ItemPrice>
      <UnitOfMeasurePrice>7</UnitOfMeasurePrice>
      <AllowDiscount>1</AllowDiscount>
      <itemStatus>1</itemStatus>
      <LastUpdateDate />
      <LastUpdateTime />
    </Product>
    <Product>
      <PriceUpdateDate>2020/03/12 08:30</PriceUpdateDate>
      <ItemCode>7290106573314</ItemCode>
      <ItemType>1</ItemType>
      <ItemName>קריספי טאפאס פיזורים 150גרם</ItemName>
      <ManufactureName>קבוצת אוסם סחר-שות.מוגבלת</ManufactureName>
      <ManufactureCountry />
      <ManufactureItemDescription />
      <UnitQty>י"ח</UnitQty>
      <Quantity>150</Quantity>
      <UnitMeasure>ל  גרם</UnitMeasure>
      <BisWeighted>0</BisWeighted>
      <QtyInPackage>1</QtyInPackage>
      <ItemPrice>10.50</ItemPrice>
      <UnitOfMeasurePrice>7</UnitOfMeasurePrice>
      <AllowDiscount>1</AllowDiscount>
      <itemStatus>1</itemStatus>
      <LastUpdateDate />
      <LastUpdateTime />
    </Product>
    <Product>
      <PriceUpdateDate>2014/05/07 13:17</PriceUpdateDate>
      <ItemCode>7290106573840</ItemCode>
      <ItemType>1</ItemType>
      <ItemName>רוטב חרדל דבש לייט 290מ"ל</ItemName>
      <ManufactureName>קבוצת אוסם סחר-שות.מוגבלת</ManufactureName>
      <ManufactureCountry />
      <ManufactureItemDescription />
      <UnitQty>י"ח</UnitQty>
      <Quantity>290</Quantity>
      <UnitMeasure>ל  מ"ל</UnitMeasure>
      <BisWeighted>0</BisWeighted>
      <QtyInPackage>1</QtyInPackage>
      <ItemPrice>10.90</ItemPrice>
      <UnitOfMeasurePrice>3.76</UnitOfMeasurePrice>
      <AllowDiscount>1</AllowDiscount>
      <itemStatus>1</itemStatus>
      <LastUpdateDate />
      <LastUpdateTime />
    </Product>
    <Product>
      <PriceUpdateDate>2018/03/02 08:31</PriceUpdateDate>
      <ItemCode>7290106574120</ItemCode>
      <ItemType>1</ItemType>
      <ItemName>גומיגם כשל"פ</ItemName>
      <ManufactureName>נגה גלידות</ManufactureName>
      <ManufactureCountry />
      <ManufactureItemDescription />
      <UnitQty>י"ח</UnitQty>
      <Quantity>1</Quantity>
      <UnitMeasure />
      <BisWeighted>0</BisWeighted>
      <QtyInPackage>1</QtyInPackage>
      <ItemPrice>8.90</ItemPrice>
      <UnitOfMeasurePrice>8.90</UnitOfMeasurePrice>
      <AllowDiscount>1</AllowDiscount>
      <itemStatus>1</itemStatus>
      <LastUpdateDate />
      <LastUpdateTime />
    </Product>
    <Product>
      <PriceUpdateDate>2013/12/04 13:21</PriceUpdateDate>
      <ItemCode>7290106574168</ItemCode>
      <ItemType>1</ItemType>
      <ItemName>אפרופו תאילנדי  50 גרם</ItemName>
      <ManufactureName>קבוצת אוסם סחר-שות.מוגבלת</ManufactureName>
      <ManufactureCountry />
      <ManufactureItemDescription />
      <UnitQty>י"ח</UnitQty>
      <Quantity>50</Quantity>
      <UnitMeasure>ל  גרם</UnitMeasure>
      <BisWeighted>0</BisWeighted>
      <QtyInPackage>1</QtyInPackage>
      <ItemPrice>5</ItemPrice>
      <UnitOfMeasurePrice>10</UnitOfMeasurePrice>
      <AllowDiscount>1</AllowDiscount>
      <itemStatus>1</itemStatus>
      <LastUpdateDate />
      <LastUpdateTime />
    </Product>
    <Product>
      <PriceUpdateDate>2016/09/07 15:32</PriceUpdateDate>
      <ItemCode>7290106575271</ItemCode>
      <ItemType>1</ItemType>
      <ItemName>פתיתים אפויים פלוס ירקות 400גר</ItemName>
      <ManufactureName>קבוצת אוסם סחר-שות.מוגבלת</ManufactureName>
      <ManufactureCountry />
      <ManufactureItemDescription />
      <UnitQty>י"ח</UnitQty>
      <Quantity>500</Quantity>
      <UnitMeasure>ל  גרם</UnitMeasure>
      <BisWeighted>0</BisWeighted>
      <QtyInPackage>1</QtyInPackage>
      <ItemPrice>6.90</ItemPrice>
      <UnitOfMeasurePrice>1.38</UnitOfMeasurePrice>
      <AllowDiscount>1</AllowDiscount>
      <itemStatus>1</itemStatus>
      <LastUpdateDate />
      <LastUpdateTime />
    </Product>
    <Product>
      <PriceUpdateDate>2016/09/07 15:32</PriceUpdateDate>
      <ItemCode>7290106575332</ItemCode>
      <ItemType>1</ItemType>
      <ItemName>פתיתים אפויים פלוס בורגול 400גר</ItemName>
      <ManufactureName>קבוצת אוסם סחר-שות.מוגבלת</ManufactureName>
      <ManufactureCountry />
      <ManufactureItemDescription />
      <UnitQty>י"ח</UnitQty>
      <Quantity>500</Quantity>
      <UnitMeasure>ל  גרם</UnitMeasure>
      <BisWeighted>0</BisWeighted>
      <QtyInPackage>1</QtyInPackage>
      <ItemPrice>6.90</ItemPrice>
      <UnitOfMeasurePrice>1.38</UnitOfMeasurePrice>
      <AllowDiscount>1</AllowDiscount>
      <itemStatus>1</itemStatus>
      <LastUpdateDate />
      <LastUpdateTime />
    </Product>
    <Product>
      <PriceUpdateDate>2015/08/09 10:31</PriceUpdateDate>
      <ItemCode>7290106576209</ItemCode>
      <ItemType>1</ItemType>
      <ItemName>ביסלי  גריל אקסטרים  מעושן}קטן{</ItemName>
      <ManufactureName>קבוצת אוסם סחר-שות.מוגבלת</ManufactureName>
      <ManufactureCountry />
      <ManufactureItemDescription />
      <UnitQty>י"ח</UnitQty>
      <Quantity>70</Quantity>
      <UnitMeasure>ל  גרם</UnitMeasure>
      <BisWeighted>0</BisWeighted>
      <QtyInPackage>1</QtyInPackage>
      <ItemPrice>3.90</ItemPrice>
      <UnitOfMeasurePrice>5.57</UnitOfMeasurePrice>
      <AllowDiscount>1</AllowDiscount>
      <itemStatus>1</itemStatus>
      <LastUpdateDate />
      <LastUpdateTime />
    </Product>
    <Product>
      <PriceUpdateDate>2019/07/02 08:54</PriceUpdateDate>
      <ItemCode>7290106576223</ItemCode>
      <ItemType>1</ItemType>
      <ItemName>אפרופו שוקולד 40גר</ItemName>
      <ManufactureName>קבוצת אוסם סחר-שות.מוגבלת</ManufactureName>
      <ManufactureCountry />
      <ManufactureItemDescription />
      <UnitQty>י"ח</UnitQty>
      <Quantity>50</Quantity>
      <UnitMeasure>ל  גרם</UnitMeasure>
      <BisWeighted>0</BisWeighted>
      <QtyInPackage>1</QtyInPackage>
      <ItemPrice>5</ItemPrice>
      <UnitOfMeasurePrice>10</UnitOfMeasurePrice>
      <AllowDiscount>1</AllowDiscount>
      <itemStatus>1</itemStatus>
      <LastUpdateDate />
      <LastUpdateTime />
    </Product>
    <Product>
      <PriceUpdateDate>2016/09/07 15:32</PriceUpdateDate>
      <ItemCode>7290106576735</ItemCode>
      <ItemType>1</ItemType>
      <ItemName>פתיתים אפויים קיטי פפיונים 500גר</ItemName>
      <ManufactureName>קבוצת אוסם סחר-שות.מוגבלת</ManufactureName>
      <ManufactureCountry />
      <ManufactureItemDescription />
      <UnitQty>י"ח</UnitQty>
      <Quantity>500</Quantity>
      <UnitMeasure>ל  גרם</UnitMeasure>
      <BisWeighted>0</BisWeighted>
      <QtyInPackage>1</QtyInPackage>
      <ItemPrice>6.90</ItemPrice>
      <UnitOfMeasurePrice>1.38</UnitOfMeasurePrice>
      <AllowDiscount>1</AllowDiscount>
      <itemStatus>1</itemStatus>
      <LastUpdateDate />
      <LastUpdateTime />
    </Product>
    <Product>
      <PriceUpdateDate>2015/03/29 12:28</PriceUpdateDate>
      <ItemCode>7290106577268</ItemCode>
      <ItemType>1</ItemType>
      <ItemName>במבה במילוי  פונץ`בננה 60גר`</ItemName>
      <ManufactureName>קבוצת אוסם סחר-שות.מוגבלת</ManufactureName>
      <ManufactureCountry />
      <ManufactureItemDescription />
      <UnitQty>י"ח</UnitQty>
      <Quantity>60</Quantity>
      <UnitMeasure>ל  גרם</UnitMeasure>
      <BisWeighted>0</BisWeighted>
      <QtyInPackage>1</QtyInPackage>
      <ItemPrice>4.80</ItemPrice>
      <UnitOfMeasurePrice>8</UnitOfMeasurePrice>
      <AllowDiscount>1</AllowDiscount>
      <itemStatus>1</itemStatus>
      <LastUpdateDate />
      <LastUpdateTime />
    </Product>
    <Product>
      <PriceUpdateDate>2017/11/19 08:54</PriceUpdateDate>
      <ItemCode>7290106577688</ItemCode>
      <ItemType>1</ItemType>
      <ItemName>בונז`ור קראנץ 540ג</ItemName>
      <ManufactureName>קבוצת אוסם סחר-שות.מוגבלת</ManufactureName>
      <ManufactureCountry />
      <ManufactureItemDescription />
      <UnitQty>י"ח</UnitQty>
      <Quantity>560</Quantity>
      <UnitMeasure>ל  גרם</UnitMeasure>
      <BisWeighted>0</BisWeighted>
      <QtyInPackage>1</QtyInPackage>
      <ItemPrice>19.90</ItemPrice>
      <UnitOfMeasurePrice>3.55</UnitOfMeasurePrice>
      <AllowDiscount>1</AllowDiscount>
      <itemStatus>1</itemStatus>
      <LastUpdateDate />
      <LastUpdateTime />
    </Product>
    <Product>
      <PriceUpdateDate>2017/11/19 08:54</PriceUpdateDate>
      <ItemCode>7290106577701</ItemCode>
      <ItemType>1</ItemType>
      <ItemName>בונז`ור רוגעלך  560ג</ItemName>
      <ManufactureName>קבוצת אוסם סחר-שות.מוגבלת</ManufactureName>
      <ManufactureCountry />
      <ManufactureItemDescription />
      <UnitQty>י"ח</UnitQty>
      <Quantity>560</Quantity>
      <UnitMeasure>ל  גרם</UnitMeasure>
      <BisWeighted>0</BisWeighted>
      <QtyInPackage>1</QtyInPackage>
      <ItemPrice>19.90</ItemPrice>
      <UnitOfMeasurePrice>3.55</UnitOfMeasurePrice>
      <AllowDiscount>1</AllowDiscount>
      <itemStatus>1</itemStatus>
      <LastUpdateDate />
      <LastUpdateTime />
    </Product>
    <Product>
      <PriceUpdateDate>2014/05/07 13:17</PriceUpdateDate>
      <ItemCode>7290106578050</ItemCode>
      <ItemType>1</ItemType>
      <ItemName>רוטב וינגרט הדרים 290 מ"ל</ItemName>
      <ManufactureName>קבוצת אוסם סחר-שות.מוגבלת</ManufactureName>
      <ManufactureCountry />
      <ManufactureItemDescription />
      <UnitQty>י"ח</UnitQty>
      <Quantity>290</Quantity>
      <UnitMeasure>ל  גרם</UnitMeasure>
      <BisWeighted>0</BisWeighted>
      <QtyInPackage>1</QtyInPackage>
      <ItemPrice>10.90</ItemPrice>
      <UnitOfMeasurePrice>3.76</UnitOfMeasurePrice>
      <AllowDiscount>1</AllowDiscount>
      <itemStatus>1</itemStatus>
      <LastUpdateDate />
      <LastUpdateTime />
    </Product>
    <Product>
      <PriceUpdateDate>2016/10/26 08:02</PriceUpdateDate>
      <ItemCode>7290106578227</ItemCode>
      <ItemType>1</ItemType>
      <ItemName>ביסלי גריל אקסטרים}קטן{</ItemName>
      <ManufactureName>קבוצת אוסם סחר-שות.מוגבלת</ManufactureName>
      <ManufactureCountry />
      <ManufactureItemDescription />
      <UnitQty>י"ח</UnitQty>
      <Quantity>70</Quantity>
      <UnitMeasure>ל  גרם</UnitMeasure>
      <BisWeighted>0</BisWeighted>
      <QtyInPackage>1</QtyInPackage>
      <ItemPrice>3.90</ItemPrice>
      <UnitOfMeasurePrice>5.57</UnitOfMeasurePrice>
      <AllowDiscount>1</AllowDiscount>
      <itemStatus>1</itemStatus>
      <LastUpdateDate />
      <LastUpdateTime />
    </Product>
    <Product>
      <PriceUpdateDate>2014/05/13 09:12</PriceUpdateDate>
      <ItemCode>7290106578692</ItemCode>
      <ItemType>1</ItemType>
      <ItemName>ביסלי במבה מיקס מהדורת אליפות 80גר</ItemName>
      <ManufactureName>קבוצת אוסם סחר-שות.מוגבלת</ManufactureName>
      <ManufactureCountry />
      <ManufactureItemDescription />
      <UnitQty>י"ח</UnitQty>
      <Quantity>60</Quantity>
      <UnitMeasure>ל  גרם</UnitMeasure>
      <BisWeighted>0</BisWeighted>
      <QtyInPackage>1</QtyInPackage>
      <ItemPrice>5</ItemPrice>
      <UnitOfMeasurePrice>8.33</UnitOfMeasurePrice>
      <AllowDiscount>1</AllowDiscount>
      <itemStatus>1</itemStatus>
      <LastUpdateDate />
      <LastUpdateTime />
    </Product>
    <Product>
      <PriceUpdateDate>2018/12/31 14:23</PriceUpdateDate>
      <ItemCode>7290106650862</ItemCode>
      <ItemType>1</ItemType>
      <ItemName>ציטוס ג`ונגל 55ג כשל"פ</ItemName>
      <ManufactureName>שטראוס פריטו ליי בעמ</ManufactureName>
      <ManufactureCountry />
      <ManufactureItemDescription />
      <UnitQty>י"ח</UnitQty>
      <Quantity>55</Quantity>
      <UnitMeasure>ל  גרם</UnitMeasure>
      <BisWeighted>0</BisWeighted>
      <QtyInPackage>1</QtyInPackage>
      <ItemPrice>3.50</ItemPrice>
      <UnitOfMeasurePrice>6.36</UnitOfMeasurePrice>
      <AllowDiscount>1</AllowDiscount>
      <itemStatus>1</itemStatus>
      <LastUpdateDate />
      <LastUpdateTime />
    </Product>
    <Product>
      <PriceUpdateDate>2015/06/09 09:28</PriceUpdateDate>
      <ItemCode>7290106654457</ItemCode>
      <ItemType>1</ItemType>
      <ItemName>חטיף ביסקוויט קרם חלב לבן ושוקולד</ItemName>
      <ManufactureName>שטראוס גרופ בעמ</ManufactureName>
      <ManufactureCountry />
      <ManufactureItemDescription />
      <UnitQty>י"ח</UnitQty>
      <Quantity>45</Quantity>
      <UnitMeasure>ל  גרם</UnitMeasure>
      <BisWeighted>0</BisWeighted>
      <QtyInPackage>1</QtyInPackage>
      <ItemPrice>3.90</ItemPrice>
      <UnitOfMeasurePrice>8.67</UnitOfMeasurePrice>
      <AllowDiscount>1</AllowDiscount>
      <itemStatus>1</itemStatus>
      <LastUpdateDate />
      <LastUpdateTime />
    </Product>
    <Product>
      <PriceUpdateDate>2018/07/15 15:22</PriceUpdateDate>
      <ItemCode>7290106656260</ItemCode>
      <ItemType>1</ItemType>
      <ItemName>פופקורן טבעי 65ג</ItemName>
      <ManufactureName>שטראוס פריטו ליי בעמ</ManufactureName>
      <ManufactureCountry />
      <ManufactureItemDescription />
      <UnitQty>י"ח</UnitQty>
      <Quantity>65</Quantity>
      <UnitMeasure>ל  גרם</UnitMeasure>
      <BisWeighted>0</BisWeighted>
      <QtyInPackage>1</QtyInPackage>
      <ItemPrice>4.20</ItemPrice>
      <UnitOfMeasurePrice>6.46</UnitOfMeasurePrice>
      <AllowDiscount>1</AllowDiscount>
      <itemStatus>1</itemStatus>
      <LastUpdateDate />
      <LastUpdateTime />
    </Product>
    <Product>
      <PriceUpdateDate>2018/07/15 15:22</PriceUpdateDate>
      <ItemCode>7290106658479</ItemCode>
      <ItemType>1</ItemType>
      <ItemName>טורטית מגדים  40גר</ItemName>
      <ManufactureName>שטראוס גרופ בעמ</ManufactureName>
      <ManufactureCountry />
      <ManufactureItemDescription />
      <UnitQty>י"ח</UnitQty>
      <Quantity>40</Quantity>
      <UnitMeasure>ל  גרם</UnitMeasure>
      <BisWeighted>0</BisWeighted>
      <QtyInPackage>1</QtyInPackage>
      <ItemPrice>4.90</ItemPrice>
      <UnitOfMeasurePrice>12.25</UnitOfMeasurePrice>
      <AllowDiscount>1</AllowDiscount>
      <itemStatus>1</itemStatus>
      <LastUpdateDate />
      <LastUpdateTime />
    </Product>
    <Product>
      <PriceUpdateDate>2018/12/31 14:23</PriceUpdateDate>
      <ItemCode>7290106659735</ItemCode>
      <ItemType>1</ItemType>
      <ItemName>צ יטוס הלו קיטי 55ג</ItemName>
      <ManufactureName>שטראוס פריטו ליי בעמ</ManufactureName>
      <ManufactureCountry />
      <ManufactureItemDescription />
      <UnitQty>י"ח</UnitQty>
      <Quantity>55</Quantity>
      <UnitMeasure>ל  גרם</UnitMeasure>
      <BisWeighted>0</BisWeighted>
      <QtyInPackage>1</QtyInPackage>
      <ItemPrice>3.50</ItemPrice>
      <UnitOfMeasurePrice>6.36</UnitOfMeasurePrice>
      <AllowDiscount>1</AllowDiscount>
      <itemStatus>1</itemStatus>
      <LastUpdateDate />
      <LastUpdateTime />
    </Product>
    <Product>
      <PriceUpdateDate>2014/10/20 11:06</PriceUpdateDate>
      <ItemCode>7290106660410</ItemCode>
      <ItemType>1</ItemType>
      <ItemName>רביולי תרד וגבינה שטראוס</ItemName>
      <ManufactureName>שטראוס גרופ ***בעמ</ManufactureName>
      <ManufactureCountry />
      <ManufactureItemDescription />
      <UnitQty>י"ח</UnitQty>
      <Quantity>400</Quantity>
      <UnitMeasure>ל  גרם</UnitMeasure>
      <BisWeighted>0</BisWeighted>
      <QtyInPackage>1</QtyInPackage>
      <ItemPrice>19.90</ItemPrice>
      <UnitOfMeasurePrice>4.98</UnitOfMeasurePrice>
      <AllowDiscount>1</AllowDiscount>
      <itemStatus>1</itemStatus>
      <LastUpdateDate />
      <LastUpdateTime />
    </Product>
    <Product>
      <PriceUpdateDate>2018/12/31 14:23</PriceUpdateDate>
      <ItemCode>7290106660663</ItemCode>
      <ItemType>1</ItemType>
      <ItemName>צ יטוס גונגל 55ג</ItemName>
      <ManufactureName>שטראוס פריטו ליי בעמ</ManufactureName>
      <ManufactureCountry />
      <ManufactureItemDescription />
      <UnitQty>י"ח</UnitQty>
      <Quantity>60</Quantity>
      <UnitMeasure>ל  גרם</UnitMeasure>
      <BisWeighted>0</BisWeighted>
      <QtyInPackage>1</QtyInPackage>
      <ItemPrice>3.50</ItemPrice>
      <UnitOfMeasurePrice>5.83</UnitOfMeasurePrice>
      <AllowDiscount>1</AllowDiscount>
      <itemStatus>1</itemStatus>
      <LastUpdateDate />
      <LastUpdateTime />
    </Product>
    <Product>
      <PriceUpdateDate>2015/06/09 09:28</PriceUpdateDate>
      <ItemCode>7290106660908</ItemCode>
      <ItemType>1</ItemType>
      <ItemName>מקופלת XL לבן כשל"פ</ItemName>
      <ManufactureName>שטראוס גרופ בעמ</ManufactureName>
      <ManufactureCountry />
      <ManufactureItemDescription />
      <UnitQty>י"ח</UnitQty>
      <Quantity>1</Quantity>
      <UnitMeasure />
      <BisWeighted>0</BisWeighted>
      <QtyInPackage>1</QtyInPackage>
      <ItemPrice>3.90</ItemPrice>
      <UnitOfMeasurePrice>3.90</UnitOfMeasurePrice>
      <AllowDiscount>1</AllowDiscount>
      <itemStatus>1</itemStatus>
      <LastUpdateDate />
      <LastUpdateTime />
    </Product>
    <Product>
      <PriceUpdateDate>2015/06/09 09:28</PriceUpdateDate>
      <ItemCode>7290106660915</ItemCode>
      <ItemType>1</ItemType>
      <ItemName>מקופלת XL מריר כשל"פ 33גר</ItemName>
      <ManufactureName>שטראוס גרופ בעמ</ManufactureName>
      <ManufactureCountry />
      <ManufactureItemDescription />
      <UnitQty>י"ח</UnitQty>
      <Quantity>33</Quantity>
      <UnitMeasure>ל  גרם</UnitMeasure>
      <BisWeighted>0</BisWeighted>
      <QtyInPackage>1</QtyInPackage>
      <ItemPrice>3.90</ItemPrice>
      <UnitOfMeasurePrice>11.82</UnitOfMeasurePrice>
      <AllowDiscount>1</AllowDiscount>
      <itemStatus>1</itemStatus>
      <LastUpdateDate />
      <LastUpdateTime />
    </Product>
    <Product>
      <PriceUpdateDate>2015/10/13 09:28</PriceUpdateDate>
      <ItemCode>7290106660960</ItemCode>
      <ItemType>1</ItemType>
      <ItemName>טעמי קרם עוגיות וניל</ItemName>
      <ManufactureName>שטראוס גרופ בעמ</ManufactureName>
      <ManufactureCountry />
      <ManufactureItemDescription />
      <UnitQty>י"ח</UnitQty>
      <Quantity>40</Quantity>
      <UnitMeasure>ל  גרם</UnitMeasure>
      <BisWeighted>0</BisWeighted>
      <QtyInPackage>1</QtyInPackage>
      <ItemPrice>3.90</ItemPrice>
      <UnitOfMeasurePrice>9.75</UnitOfMeasurePrice>
      <AllowDiscount>1</AllowDiscount>
      <itemStatus>1</itemStatus>
      <LastUpdateDate />
      <LastUpdateTime />
    </Product>
    <Product>
      <PriceUpdateDate>2015/06/09 09:28</PriceUpdateDate>
      <ItemCode>7290106661103</ItemCode>
      <ItemType>1</ItemType>
      <ItemName>מקופלת מצופה שוקולד וסוכריות 25גר</ItemName>
      <ManufactureName>שטראוס גרופ בעמ</ManufactureName>
      <ManufactureCountry />
      <ManufactureItemDescription />
      <UnitQty>י"ח</UnitQty>
      <Quantity>25</Quantity>
      <UnitMeasure>ל  גרם</UnitMeasure>
      <BisWeighted>0</BisWeighted>
      <QtyInPackage>1</QtyInPackage>
      <ItemPrice>3.90</ItemPrice>
      <UnitOfMeasurePrice>15.60</UnitOfMeasurePrice>
      <AllowDiscount>1</AllowDiscount>
      <itemStatus>1</itemStatus>
      <LastUpdateDate />
      <LastUpdateTime />
    </Product>
    <Product>
      <PriceUpdateDate>2019/12/30 14:29</PriceUpdateDate>
      <ItemCode>7290106661547</ItemCode>
      <ItemType>1</ItemType>
      <ItemName>דוריטוס פלאפל 70 גרם</ItemName>
      <ManufactureName>שטראוס פריטו ליי בעמ</ManufactureName>
      <ManufactureCountry />
      <ManufactureItemDescription />
      <UnitQty>י"ח</UnitQty>
      <Quantity>70</Quantity>
      <UnitMeasure>ל  גרם</UnitMeasure>
      <BisWeighted>0</BisWeighted>
      <QtyInPackage>1</QtyInPackage>
      <ItemPrice>3.90</ItemPrice>
      <UnitOfMeasurePrice>5.57</UnitOfMeasurePrice>
      <AllowDiscount>1</AllowDiscount>
      <itemStatus>1</itemStatus>
      <LastUpdateDate />
      <LastUpdateTime />
    </Product>
    <Product>
      <PriceUpdateDate>2019/04/12 09:30</PriceUpdateDate>
      <ItemCode>7290106661752</ItemCode>
      <ItemType>1</ItemType>
      <ItemName>שוקולד חלב מסיבת כדורים</ItemName>
      <ManufactureName>שטראוס גרופ בעמ</ManufactureName>
      <ManufactureCountry />
      <ManufactureItemDescription />
      <UnitQty>י"ח</UnitQty>
      <Quantity>100</Quantity>
      <UnitMeasure>ל  גרם</UnitMeasure>
      <BisWeighted>0</BisWeighted>
      <QtyInPackage>1</QtyInPackage>
      <ItemPrice>5.90</ItemPrice>
      <UnitOfMeasurePrice>5.90</UnitOfMeasurePrice>
      <AllowDiscount>1</AllowDiscount>
      <itemStatus>1</itemStatus>
      <LastUpdateDate />
      <LastUpdateTime />
    </Product>
    <Product>
      <PriceUpdateDate>2015/01/18 10:47</PriceUpdateDate>
      <ItemCode>7290106662049</ItemCode>
      <ItemType>1</ItemType>
      <ItemName>שוש פרצופים 80ג</ItemName>
      <ManufactureName>שטראוס פריטו ליי בעמ</ManufactureName>
      <ManufactureCountry />
      <ManufactureItemDescription />
      <UnitQty>י"ח</UnitQty>
      <Quantity>60</Quantity>
      <UnitMeasure>ל  גרם</UnitMeasure>
      <BisWeighted>0</BisWeighted>
      <QtyInPackage>1</QtyInPackage>
      <ItemPrice>3.90</ItemPrice>
      <UnitOfMeasurePrice>6.50</UnitOfMeasurePrice>
      <AllowDiscount>1</AllowDiscount>
      <itemStatus>1</itemStatus>
      <LastUpdateDate />
      <LastUpdateTime />
    </Product>
    <Product>
      <PriceUpdateDate>2016/05/15 11:24</PriceUpdateDate>
      <ItemCode>7290106662186</ItemCode>
      <ItemType>1</ItemType>
      <ItemName>רולדת טורטית 350גר</ItemName>
      <ManufactureName>שטראוס גרופ בעמ</ManufactureName>
      <ManufactureCountry />
      <ManufactureItemDescription />
      <UnitQty>י"ח</UnitQty>
      <Quantity>350</Quantity>
      <UnitMeasure>ל  גרם</UnitMeasure>
      <BisWeighted>0</BisWeighted>
      <QtyInPackage>1</QtyInPackage>
      <ItemPrice>15.90</ItemPrice>
      <UnitOfMeasurePrice>4.54</UnitOfMeasurePrice>
      <AllowDiscount>1</AllowDiscount>
      <itemStatus>1</itemStatus>
      <LastUpdateDate />
      <LastUpdateTime />
    </Product>
    <Product>
      <PriceUpdateDate>2016/05/15 11:24</PriceUpdateDate>
      <ItemCode>7290106662193</ItemCode>
      <ItemType>1</ItemType>
      <ItemName>רולדת טויסט 350גר</ItemName>
      <ManufactureName>שטראוס גרופ בעמ</ManufactureName>
      <ManufactureCountry />
      <ManufactureItemDescription />
      <UnitQty>י"ח</UnitQty>
      <Quantity>350</Quantity>
      <UnitMeasure>ל  גרם</UnitMeasure>
      <BisWeighted>0</BisWeighted>
      <QtyInPackage>1</QtyInPackage>
      <ItemPrice>15.90</ItemPrice>
      <UnitOfMeasurePrice>4.54</UnitOfMeasurePrice>
      <AllowDiscount>1</AllowDiscount>
      <itemStatus>1</itemStatus>
      <LastUpdateDate />
      <LastUpdateTime />
    </Product>
    <Product>
      <PriceUpdateDate>2015/11/16 13:02</PriceUpdateDate>
      <ItemCode>7290106662377</ItemCode>
      <ItemType>1</ItemType>
      <ItemName>רבע לשבע וופל טעם בוטנים 120גר`</ItemName>
      <ManufactureName>שטראוס גרופ בעמ</ManufactureName>
      <ManufactureCountry />
      <ManufactureItemDescription />
      <UnitQty>י"ח</UnitQty>
      <Quantity>120</Quantity>
      <UnitMeasure>ל  גרם</UnitMeasure>
      <BisWeighted>0</BisWeighted>
      <QtyInPackage>1</QtyInPackage>
      <ItemPrice>11.90</ItemPrice>
      <UnitOfMeasurePrice>9.92</UnitOfMeasurePrice>
      <AllowDiscount>1</AllowDiscount>
      <itemStatus>1</itemStatus>
      <LastUpdateDate />
      <LastUpdateTime />
    </Product>
    <Product>
      <PriceUpdateDate>2017/05/11 10:17</PriceUpdateDate>
      <ItemCode>7290106663008</ItemCode>
      <ItemType>1</ItemType>
      <ItemName>פסק זמן נשנושים 130גר</ItemName>
      <ManufactureName>שטראוס גרופ בעמ</ManufactureName>
      <ManufactureCountry />
      <ManufactureItemDescription />
      <UnitQty>י"ח</UnitQty>
      <Quantity>130</Quantity>
      <UnitMeasure>ל  גרם</UnitMeasure>
      <BisWeighted>0</BisWeighted>
      <QtyInPackage>1</QtyInPackage>
      <ItemPrice>11.90</ItemPrice>
      <UnitOfMeasurePrice>9.15</UnitOfMeasurePrice>
      <AllowDiscount>1</AllowDiscount>
      <itemStatus>1</itemStatus>
      <LastUpdateDate />
      <LastUpdateTime />
    </Product>
    <Product>
      <PriceUpdateDate>2017/05/11 10:18</PriceUpdateDate>
      <ItemCode>7290106663015</ItemCode>
      <ItemType>1</ItemType>
      <ItemName>טורטית נשנושים 130גר</ItemName>
      <ManufactureName>שטראוס גרופ בעמ</ManufactureName>
      <ManufactureCountry />
      <ManufactureItemDescription />
      <UnitQty>י"ח</UnitQty>
      <Quantity>130</Quantity>
      <UnitMeasure>ל  גרם</UnitMeasure>
      <BisWeighted>0</BisWeighted>
      <QtyInPackage>1</QtyInPackage>
      <ItemPrice>11.90</ItemPrice>
      <UnitOfMeasurePrice>9.15</UnitOfMeasurePrice>
      <AllowDiscount>1</AllowDiscount>
      <itemStatus>1</itemStatus>
      <LastUpdateDate />
      <LastUpdateTime />
    </Product>
    <Product>
      <PriceUpdateDate>2019/12/30 14:29</PriceUpdateDate>
      <ItemCode>7290106663145</ItemCode>
      <ItemType>1</ItemType>
      <ItemName>דוריטוס הוט גבינה  70 גרם</ItemName>
      <ManufactureName>שטראוס פריטו ליי בעמ</ManufactureName>
      <ManufactureCountry />
      <ManufactureItemDescription />
      <UnitQty>י"ח</UnitQty>
      <Quantity>70</Quantity>
      <UnitMeasure>ל  גרם</UnitMeasure>
      <BisWeighted>0</BisWeighted>
      <QtyInPackage>1</QtyInPackage>
      <ItemPrice>3.90</ItemPrice>
      <UnitOfMeasurePrice>5.57</UnitOfMeasurePrice>
      <AllowDiscount>1</AllowDiscount>
      <itemStatus>1</itemStatus>
      <LastUpdateDate />
      <LastUpdateTime />
    </Product>
    <Product>
      <PriceUpdateDate>2019/06/16 09:47</PriceUpdateDate>
      <ItemCode>7290106663183</ItemCode>
      <ItemType>1</ItemType>
      <ItemName>חטיף ציטוס גבינה 65 גרם</ItemName>
      <ManufactureName>לפ שטראוס פריטו ליי בע``מ</ManufactureName>
      <ManufactureCountry />
      <ManufactureItemDescription />
      <UnitQty>י"ח</UnitQty>
      <Quantity>1</Quantity>
      <UnitMeasure />
      <BisWeighted>0</BisWeighted>
      <QtyInPackage>1</QtyInPackage>
      <ItemPrice>3.50</ItemPrice>
      <UnitOfMeasurePrice>3.50</UnitOfMeasurePrice>
      <AllowDiscount>1</AllowDiscount>
      <itemStatus>1</itemStatus>
      <LastUpdateDate />
      <LastUpdateTime />
    </Product>
    <Product>
      <PriceUpdateDate>2016/07/06 07:55</PriceUpdateDate>
      <ItemCode>7290106663497</ItemCode>
      <ItemType>1</ItemType>
      <ItemName>חרדל עם דבש 210גר</ItemName>
      <ManufactureName>שטראוס גרופ בעמ</ManufactureName>
      <ManufactureCountry />
      <ManufactureItemDescription />
      <UnitQty>י"ח</UnitQty>
      <Quantity>210</Quantity>
      <UnitMeasure>ל  גרם</UnitMeasure>
      <BisWeighted>0</BisWeighted>
      <QtyInPackage>1</QtyInPackage>
      <ItemPrice>12.90</ItemPrice>
      <UnitOfMeasurePrice>6.14</UnitOfMeasurePrice>
      <AllowDiscount>1</AllowDiscount>
      <itemStatus>1</itemStatus>
      <LastUpdateDate />
      <LastUpdateTime />
    </Product>
    <Product>
      <PriceUpdateDate>2019/11/20 13:31</PriceUpdateDate>
      <ItemCode>7290106663503</ItemCode>
      <ItemType>1</ItemType>
      <ItemName>קונפיטורת לייט תות</ItemName>
      <ManufactureName>שטראוס גרופ בעמ</ManufactureName>
      <ManufactureCountry />
      <ManufactureItemDescription />
      <UnitQty>י"ח</UnitQty>
      <Quantity>250</Quantity>
      <UnitMeasure>ל  גרם</UnitMeasure>
      <BisWeighted>0</BisWeighted>
      <QtyInPackage>1</QtyInPackage>
      <ItemPrice>13.90</ItemPrice>
      <UnitOfMeasurePrice>5.56</UnitOfMeasurePrice>
      <AllowDiscount>1</AllowDiscount>
      <itemStatus>1</itemStatus>
      <LastUpdateDate />
      <LastUpdateTime />
    </Product>
    <Product>
      <PriceUpdateDate>2019/04/12 09:30</PriceUpdateDate>
      <ItemCode>7290106663510</ItemCode>
      <ItemType>1</ItemType>
      <ItemName>קונפיטורת לייט דומדמניות שזיף</ItemName>
      <ManufactureName>שטראוס גרופ בעמ</ManufactureName>
      <ManufactureCountry />
      <ManufactureItemDescription />
      <UnitQty>י"ח</UnitQty>
      <Quantity>250</Quantity>
      <UnitMeasure>ל  גרם</UnitMeasure>
      <BisWeighted>0</BisWeighted>
      <QtyInPackage>1</QtyInPackage>
      <ItemPrice>14.90</ItemPrice>
      <UnitOfMeasurePrice>5.96</UnitOfMeasurePrice>
      <AllowDiscount>1</AllowDiscount>
      <itemStatus>1</itemStatus>
      <LastUpdateDate />
      <LastUpdateTime />
    </Product>
    <Product>
      <PriceUpdateDate>2019/12/03 12:43</PriceUpdateDate>
      <ItemCode>7290106663527</ItemCode>
      <ItemType>1</ItemType>
      <ItemName>קונפיטורת לייט משמש</ItemName>
      <ManufactureName>שטראוס גרופ בעמ</ManufactureName>
      <ManufactureCountry />
      <ManufactureItemDescription />
      <UnitQty>י"ח</UnitQty>
      <Quantity>250</Quantity>
      <UnitMeasure>ל  גרם</UnitMeasure>
      <BisWeighted>0</BisWeighted>
      <QtyInPackage>1</QtyInPackage>
      <ItemPrice>13.90</ItemPrice>
      <UnitOfMeasurePrice>5.56</UnitOfMeasurePrice>
      <AllowDiscount>1</AllowDiscount>
      <itemStatus>1</itemStatus>
      <LastUpdateDate />
      <LastUpdateTime />
    </Product>
    <Product>
      <PriceUpdateDate>2018/12/31 14:23</PriceUpdateDate>
      <ItemCode>7290106663718</ItemCode>
      <ItemType>1</ItemType>
      <ItemName>צ יטוס זיגזג  55ג</ItemName>
      <ManufactureName>שטראוס פריטו ליי בעמ</ManufactureName>
      <ManufactureCountry />
      <ManufactureItemDescription />
      <UnitQty>י"ח</UnitQty>
      <Quantity>55</Quantity>
      <UnitMeasure>ל  גרם</UnitMeasure>
      <BisWeighted>0</BisWeighted>
      <QtyInPackage>1</QtyInPackage>
      <ItemPrice>3.50</ItemPrice>
      <UnitOfMeasurePrice>6.36</UnitOfMeasurePrice>
      <AllowDiscount>1</AllowDiscount>
      <itemStatus>1</itemStatus>
      <LastUpdateDate />
      <LastUpdateTime />
    </Product>
    <Product>
      <PriceUpdateDate>2018/12/31 14:23</PriceUpdateDate>
      <ItemCode>7290106663732</ItemCode>
      <ItemType>1</ItemType>
      <ItemName>צ יטוס טבעות בצל  55גר</ItemName>
      <ManufactureName>שטראוס פריטו ליי בעמ</ManufactureName>
      <ManufactureCountry />
      <ManufactureItemDescription />
      <UnitQty>י"ח</UnitQty>
      <Quantity>0.55</Quantity>
      <UnitMeasure>י"ח</UnitMeasure>
      <BisWeighted>0</BisWeighted>
      <QtyInPackage>1</QtyInPackage>
      <ItemPrice>3.50</ItemPrice>
      <UnitOfMeasurePrice>6.36</UnitOfMeasurePrice>
      <AllowDiscount>1</AllowDiscount>
      <itemStatus>1</itemStatus>
      <LastUpdateDate />
      <LastUpdateTime />
    </Product>
    <Product>
      <PriceUpdateDate>2019/06/27 08:25</PriceUpdateDate>
      <ItemCode>7290106663824</ItemCode>
      <ItemType>1</ItemType>
      <ItemName>חטיף ציטוס בוטנים 65 גרם</ItemName>
      <ManufactureName>לפ שטראוס פריטו ליי בע``מ</ManufactureName>
      <ManufactureCountry />
      <ManufactureItemDescription />
      <UnitQty>י"ח</UnitQty>
      <Quantity>1</Quantity>
      <UnitMeasure />
      <BisWeighted>0</BisWeighted>
      <QtyInPackage>1</QtyInPackage>
      <ItemPrice>3.50</ItemPrice>
      <UnitOfMeasurePrice>3.50</UnitOfMeasurePrice>
      <AllowDiscount>1</AllowDiscount>
      <itemStatus>1</itemStatus>
      <LastUpdateDate />
      <LastUpdateTime />
    </Product>
    <Product>
      <PriceUpdateDate>2019/12/30 14:29</PriceUpdateDate>
      <ItemCode>7290106663862</ItemCode>
      <ItemType>1</ItemType>
      <ItemName>דוריטוס בום על האש 70ג</ItemName>
      <ManufactureName>שטראוס פריטו ליי בעמ</ManufactureName>
      <ManufactureCountry />
      <ManufactureItemDescription />
      <UnitQty>י"ח</UnitQty>
      <Quantity>70</Quantity>
      <UnitMeasure>ל  גרם</UnitMeasure>
      <BisWeighted>0</BisWeighted>
      <QtyInPackage>1</QtyInPackage>
      <ItemPrice>3.90</ItemPrice>
      <UnitOfMeasurePrice>5.57</UnitOfMeasurePrice>
      <AllowDiscount>1</AllowDiscount>
      <itemStatus>1</itemStatus>
      <LastUpdateDate />
      <LastUpdateTime />
    </Product>
    <Product>
      <PriceUpdateDate>2015/06/09 09:28</PriceUpdateDate>
      <ItemCode>7290106663879</ItemCode>
      <ItemType>1</ItemType>
      <ItemName>כיף כף שוקו וניל אקסטרה קרם  45גרם</ItemName>
      <ManufactureName>שטראוס גרופ בעמ</ManufactureName>
      <ManufactureCountry />
      <ManufactureItemDescription />
      <UnitQty>י"ח</UnitQty>
      <Quantity>45</Quantity>
      <UnitMeasure>ל  גרם</UnitMeasure>
      <BisWeighted>0</BisWeighted>
      <QtyInPackage>1</QtyInPackage>
      <ItemPrice>3.90</ItemPrice>
      <UnitOfMeasurePrice>8.67</UnitOfMeasurePrice>
      <AllowDiscount>1</AllowDiscount>
      <itemStatus>1</itemStatus>
      <LastUpdateDate />
      <LastUpdateTime />
    </Product>
    <Product>
      <PriceUpdateDate>2019/12/30 14:29</PriceUpdateDate>
      <ItemCode>7290106664357</ItemCode>
      <ItemType>1</ItemType>
      <ItemName>דוריטוס סלסה  70 גרם</ItemName>
      <ManufactureName>שטראוס פריטו ליי בעמ</ManufactureName>
      <ManufactureCountry />
      <ManufactureItemDescription />
      <UnitQty>י"ח</UnitQty>
      <Quantity>70</Quantity>
      <UnitMeasure>ל  גרם</UnitMeasure>
      <BisWeighted>0</BisWeighted>
      <QtyInPackage>1</QtyInPackage>
      <ItemPrice>3.90</ItemPrice>
      <UnitOfMeasurePrice>5.57</UnitOfMeasurePrice>
      <AllowDiscount>1</AllowDiscount>
      <itemStatus>1</itemStatus>
      <LastUpdateDate />
      <LastUpdateTime />
    </Product>
    <Product>
      <PriceUpdateDate>2019/12/30 14:29</PriceUpdateDate>
      <ItemCode>7290106664494</ItemCode>
      <ItemType>1</ItemType>
      <ItemName>דוריטוס פיצה  70 גרם</ItemName>
      <ManufactureName>שטראוס פריטו ליי בעמ</ManufactureName>
      <ManufactureCountry />
      <ManufactureItemDescription />
      <UnitQty>י"ח</UnitQty>
      <Quantity>70</Quantity>
      <UnitMeasure>ל  גרם</UnitMeasure>
      <BisWeighted>0</BisWeighted>
      <QtyInPackage>1</QtyInPackage>
      <ItemPrice>3.90</ItemPrice>
      <UnitOfMeasurePrice>5.57</UnitOfMeasurePrice>
      <AllowDiscount>1</AllowDiscount>
      <itemStatus>1</itemStatus>
      <LastUpdateDate />
      <LastUpdateTime />
    </Product>
    <Product>
      <PriceUpdateDate>2019/12/30 14:29</PriceUpdateDate>
      <ItemCode>7290106664524</ItemCode>
      <ItemType>1</ItemType>
      <ItemName>דוריטוס ברביקיו באטמן  70ג</ItemName>
      <ManufactureName>שטראוס פריטו ליי בעמ</ManufactureName>
      <ManufactureCountry />
      <ManufactureItemDescription />
      <UnitQty>י"ח</UnitQty>
      <Quantity>55</Quantity>
      <UnitMeasure>ל  גרם</UnitMeasure>
      <BisWeighted>0</BisWeighted>
      <QtyInPackage>1</QtyInPackage>
      <ItemPrice>3.90</ItemPrice>
      <UnitOfMeasurePrice>7.09</UnitOfMeasurePrice>
      <AllowDiscount>1</AllowDiscount>
      <itemStatus>1</itemStatus>
      <LastUpdateDate />
      <LastUpdateTime />
    </Product>
    <Product>
      <PriceUpdateDate>2019/12/30 14:29</PriceUpdateDate>
      <ItemCode>7290106664531</ItemCode>
      <ItemType>1</ItemType>
      <ItemName>דוריטוס ברביקיו  70 גרם</ItemName>
      <ManufactureName>שטראוס פריטו ליי בעמ</ManufactureName>
      <ManufactureCountry />
      <ManufactureItemDescription />
      <UnitQty>י"ח</UnitQty>
      <Quantity>70</Quantity>
      <UnitMeasure>ל  גרם</UnitMeasure>
      <BisWeighted>0</BisWeighted>
      <QtyInPackage>1</QtyInPackage>
      <ItemPrice>3.90</ItemPrice>
      <UnitOfMeasurePrice>5.57</UnitOfMeasurePrice>
      <AllowDiscount>1</AllowDiscount>
      <itemStatus>1</itemStatus>
      <LastUpdateDate />
      <LastUpdateTime />
    </Product>
    <Product>
      <PriceUpdateDate>2019/12/30 14:29</PriceUpdateDate>
      <ItemCode>7290106665514</ItemCode>
      <ItemType>1</ItemType>
      <ItemName>דוריטוס נפוליטנה  סופרמן  70גרם</ItemName>
      <ManufactureName>שטראוס פריטו ליי בעמ</ManufactureName>
      <ManufactureCountry />
      <ManufactureItemDescription />
      <UnitQty>י"ח</UnitQty>
      <Quantity>70</Quantity>
      <UnitMeasure>ל  גרם</UnitMeasure>
      <BisWeighted>0</BisWeighted>
      <QtyInPackage>1</QtyInPackage>
      <ItemPrice>3.90</ItemPrice>
      <UnitOfMeasurePrice>5.57</UnitOfMeasurePrice>
      <AllowDiscount>1</AllowDiscount>
      <itemStatus>1</itemStatus>
      <LastUpdateDate />
      <LastUpdateTime />
    </Product>
    <Product>
      <PriceUpdateDate>2019/04/12 09:30</PriceUpdateDate>
      <ItemCode>7290106666078</ItemCode>
      <ItemType>1</ItemType>
      <ItemName>שוקולד חלב קורנפלקס 100 ג כשל"פ</ItemName>
      <ManufactureName>שטראוס גרופ בעמ</ManufactureName>
      <ManufactureCountry />
      <ManufactureItemDescription />
      <UnitQty>י"ח</UnitQty>
      <Quantity>100</Quantity>
      <UnitMeasure>ל  גרם</UnitMeasure>
      <BisWeighted>0</BisWeighted>
      <QtyInPackage>1</QtyInPackage>
      <ItemPrice>5.90</ItemPrice>
      <UnitOfMeasurePrice>5.90</UnitOfMeasurePrice>
      <AllowDiscount>1</AllowDiscount>
      <itemStatus>1</itemStatus>
      <LastUpdateDate />
      <LastUpdateTime />
    </Product>
    <Product>
      <PriceUpdateDate>2019/04/12 09:30</PriceUpdateDate>
      <ItemCode>7290106666092</ItemCode>
      <ItemType>1</ItemType>
      <ItemName>שוקולד לבן פרה עם תות 100 ג כשל"פ</ItemName>
      <ManufactureName>שטראוס גרופ בעמ</ManufactureName>
      <ManufactureCountry />
      <ManufactureItemDescription />
      <UnitQty>י"ח</UnitQty>
      <Quantity>100</Quantity>
      <UnitMeasure>ל  גרם</UnitMeasure>
      <BisWeighted>0</BisWeighted>
      <QtyInPackage>1</QtyInPackage>
      <ItemPrice>5.90</ItemPrice>
      <UnitOfMeasurePrice>5.90</UnitOfMeasurePrice>
      <AllowDiscount>1</AllowDiscount>
      <itemStatus>1</itemStatus>
      <LastUpdateDate />
      <LastUpdateTime />
    </Product>
    <Product>
      <PriceUpdateDate>2019/04/12 09:30</PriceUpdateDate>
      <ItemCode>7290106666108</ItemCode>
      <ItemType>1</ItemType>
      <ItemName>שוקולד חלב קרם קוקוס 100 ג כשל"פ</ItemName>
      <ManufactureName>שטראוס גרופ בעמ</ManufactureName>
      <ManufactureCountry />
      <ManufactureItemDescription />
      <UnitQty>י"ח</UnitQty>
      <Quantity>100</Quantity>
      <UnitMeasure>ל  גרם</UnitMeasure>
      <BisWeighted>0</BisWeighted>
      <QtyInPackage>1</QtyInPackage>
      <ItemPrice>5.90</ItemPrice>
      <UnitOfMeasurePrice>5.90</UnitOfMeasurePrice>
      <AllowDiscount>1</AllowDiscount>
      <itemStatus>1</itemStatus>
      <LastUpdateDate />
      <LastUpdateTime />
    </Product>
    <Product>
      <PriceUpdateDate>2019/11/20 13:31</PriceUpdateDate>
      <ItemCode>7290106668577</ItemCode>
      <ItemType>1</ItemType>
      <ItemName>מיץ לימון טבעי 250מ"ל</ItemName>
      <ManufactureName>שטראוס גרופ בעמ</ManufactureName>
      <ManufactureCountry />
      <ManufactureItemDescription />
      <UnitQty>י"ח</UnitQty>
      <Quantity>250</Quantity>
      <UnitMeasure>ל  מ"ל</UnitMeasure>
      <BisWeighted>0</BisWeighted>
      <QtyInPackage>1</QtyInPackage>
      <ItemPrice>7.90</ItemPrice>
      <UnitOfMeasurePrice>3.16</UnitOfMeasurePrice>
      <AllowDiscount>1</AllowDiscount>
      <itemStatus>1</itemStatus>
      <LastUpdateDate />
      <LastUpdateTime />
    </Product>
    <Product>
      <PriceUpdateDate>2018/07/15 15:22</PriceUpdateDate>
      <ItemCode>7290106668713</ItemCode>
      <ItemType>1</ItemType>
      <ItemName>דנונה פירות יער 3%</ItemName>
      <ManufactureName>שטראוס גרופ ***בעמ</ManufactureName>
      <ManufactureCountry />
      <ManufactureItemDescription />
      <UnitQty>י"ח</UnitQty>
      <Quantity>150</Quantity>
      <UnitMeasure>ל  מ"ל</UnitMeasure>
      <BisWeighted>0</BisWeighted>
      <QtyInPackage>1</QtyInPackage>
      <ItemPrice>3.80</ItemPrice>
      <UnitOfMeasurePrice>2.53</UnitOfMeasurePrice>
      <AllowDiscount>1</AllowDiscount>
      <itemStatus>1</itemStatus>
      <LastUpdateDate />
      <LastUpdateTime />
    </Product>
    <Product>
      <PriceUpdateDate>2019/06/02 10:01</PriceUpdateDate>
      <ItemCode>7290106669413</ItemCode>
      <ItemType>1</ItemType>
      <ItemName>רבע לשבע להקפאה וניל 120גר`</ItemName>
      <ManufactureName>שטראוס גרופ בעמ</ManufactureName>
      <ManufactureCountry />
      <ManufactureItemDescription />
      <UnitQty>י"ח</UnitQty>
      <Quantity>120</Quantity>
      <UnitMeasure>ל  גרם</UnitMeasure>
      <BisWeighted>0</BisWeighted>
      <QtyInPackage>1</QtyInPackage>
      <ItemPrice>11.90</ItemPrice>
      <UnitOfMeasurePrice>9.92</UnitOfMeasurePrice>
      <AllowDiscount>1</AllowDiscount>
      <itemStatus>1</itemStatus>
      <LastUpdateDate />
      <LastUpdateTime />
    </Product>
    <Product>
      <PriceUpdateDate>2019/06/02 10:01</PriceUpdateDate>
      <ItemCode>7290106669437</ItemCode>
      <ItemType>1</ItemType>
      <ItemName>רבע לשבע ריבועים שוק חלב ולבן 120גר`</ItemName>
      <ManufactureName>שטראוס גרופ בעמ</ManufactureName>
      <ManufactureCountry />
      <ManufactureItemDescription />
      <UnitQty>י"ח</UnitQty>
      <Quantity>120</Quantity>
      <UnitMeasure>ל  גרם</UnitMeasure>
      <BisWeighted>0</BisWeighted>
      <QtyInPackage>1</QtyInPackage>
      <ItemPrice>11.90</ItemPrice>
      <UnitOfMeasurePrice>9.92</UnitOfMeasurePrice>
      <AllowDiscount>1</AllowDiscount>
      <itemStatus>1</itemStatus>
      <LastUpdateDate />
      <LastUpdateTime />
    </Product>
    <Product>
      <PriceUpdateDate>2019/08/16 09:21</PriceUpdateDate>
      <ItemCode>7290106669857</ItemCode>
      <ItemType>1</ItemType>
      <ItemName>קפסולות אספרסו עלית טעם וניל 50גר</ItemName>
      <ManufactureName>שטראוס גרופ בעמ</ManufactureName>
      <ManufactureCountry />
      <ManufactureItemDescription />
      <UnitQty>י"ח</UnitQty>
      <Quantity>50</Quantity>
      <UnitMeasure>ל  גרם</UnitMeasure>
      <BisWeighted>0</BisWeighted>
      <QtyInPackage>1</QtyInPackage>
      <ItemPrice>17.90</ItemPrice>
      <UnitOfMeasurePrice>35.80</UnitOfMeasurePrice>
      <AllowDiscount>1</AllowDiscount>
      <itemStatus>1</itemStatus>
      <LastUpdateDate />
      <LastUpdateTime />
    </Product>
    <Product>
      <PriceUpdateDate>2019/12/30 14:29</PriceUpdateDate>
      <ItemCode>7290106669901</ItemCode>
      <ItemType>1</ItemType>
      <ItemName>דוריטוס שווארמה+פלאפל 70ג</ItemName>
      <ManufactureName>שטראוס פריטו ליי בעמ</ManufactureName>
      <ManufactureCountry />
      <ManufactureItemDescription />
      <UnitQty>י"ח</UnitQty>
      <Quantity>70</Quantity>
      <UnitMeasure>ל  גרם</UnitMeasure>
      <BisWeighted>0</BisWeighted>
      <QtyInPackage>1</QtyInPackage>
      <ItemPrice>3.90</ItemPrice>
      <UnitOfMeasurePrice>5.57</UnitOfMeasurePrice>
      <AllowDiscount>1</AllowDiscount>
      <itemStatus>1</itemStatus>
      <LastUpdateDate />
      <LastUpdateTime />
    </Product>
    <Product>
      <PriceUpdateDate>2019/12/30 14:29</PriceUpdateDate>
      <ItemCode>7290106669932</ItemCode>
      <ItemType>1</ItemType>
      <ItemName>דוריטוס פיצה+ברביקיו  70ג</ItemName>
      <ManufactureName>שטראוס פריטו ליי בעמ</ManufactureName>
      <ManufactureCountry />
      <ManufactureItemDescription />
      <UnitQty>י"ח</UnitQty>
      <Quantity>70</Quantity>
      <UnitMeasure>ל  גרם</UnitMeasure>
      <BisWeighted>0</BisWeighted>
      <QtyInPackage>1</QtyInPackage>
      <ItemPrice>3.90</ItemPrice>
      <UnitOfMeasurePrice>5.57</UnitOfMeasurePrice>
      <AllowDiscount>1</AllowDiscount>
      <itemStatus>1</itemStatus>
      <LastUpdateDate />
      <LastUpdateTime />
    </Product>
    <Product>
      <PriceUpdateDate>2019/12/30 14:29</PriceUpdateDate>
      <ItemCode>7290106669970</ItemCode>
      <ItemType>1</ItemType>
      <ItemName>דוריטוס טאקו 70 גרם</ItemName>
      <ManufactureName>שטראוס פריטו ליי בעמ</ManufactureName>
      <ManufactureCountry />
      <ManufactureItemDescription />
      <UnitQty>י"ח</UnitQty>
      <Quantity>70</Quantity>
      <UnitMeasure>ל  גרם</UnitMeasure>
      <BisWeighted>0</BisWeighted>
      <QtyInPackage>1</QtyInPackage>
      <ItemPrice>3.90</ItemPrice>
      <UnitOfMeasurePrice>5.57</UnitOfMeasurePrice>
      <AllowDiscount>1</AllowDiscount>
      <itemStatus>1</itemStatus>
      <LastUpdateDate />
      <LastUpdateTime />
    </Product>
    <Product>
      <PriceUpdateDate>2015/11/16 13:02</PriceUpdateDate>
      <ItemCode>7290106721159</ItemCode>
      <ItemType>1</ItemType>
      <ItemName>רולדת שוקולד עם סוכריות צבעוניות 350גר</ItemName>
      <ManufactureName>שטראוס גרופ בעמ</ManufactureName>
      <ManufactureCountry />
      <ManufactureItemDescription />
      <UnitQty>י"ח</UnitQty>
      <Quantity>400</Quantity>
      <UnitMeasure>ל  גרם</UnitMeasure>
      <BisWeighted>0</BisWeighted>
      <QtyInPackage>1</QtyInPackage>
      <ItemPrice>16.90</ItemPrice>
      <UnitOfMeasurePrice>4.23</UnitOfMeasurePrice>
      <AllowDiscount>1</AllowDiscount>
      <itemStatus>1</itemStatus>
      <LastUpdateDate />
      <LastUpdateTime />
    </Product>
    <Product>
      <PriceUpdateDate>2019/04/12 09:30</PriceUpdateDate>
      <ItemCode>7290106721173</ItemCode>
      <ItemType>1</ItemType>
      <ItemName>שוקולד פרה מסיבת סוכריות</ItemName>
      <ManufactureName>שטראוס גרופ בעמ</ManufactureName>
      <ManufactureCountry />
      <ManufactureItemDescription />
      <UnitQty>י"ח</UnitQty>
      <Quantity>100</Quantity>
      <UnitMeasure>ל  גרם</UnitMeasure>
      <BisWeighted>0</BisWeighted>
      <QtyInPackage>1</QtyInPackage>
      <ItemPrice>5.90</ItemPrice>
      <UnitOfMeasurePrice>5.90</UnitOfMeasurePrice>
      <AllowDiscount>1</AllowDiscount>
      <itemStatus>1</itemStatus>
      <LastUpdateDate />
      <LastUpdateTime />
    </Product>
    <Product>
      <PriceUpdateDate>2019/04/12 09:30</PriceUpdateDate>
      <ItemCode>7290106721180</ItemCode>
      <ItemType>1</ItemType>
      <ItemName>שוקולד פרה מסיבת שכבות</ItemName>
      <ManufactureName>שטראוס גרופ בעמ</ManufactureName>
      <ManufactureCountry />
      <ManufactureItemDescription />
      <UnitQty>י"ח</UnitQty>
      <Quantity>100</Quantity>
      <UnitMeasure>ל  גרם</UnitMeasure>
      <BisWeighted>0</BisWeighted>
      <QtyInPackage>1</QtyInPackage>
      <ItemPrice>5.90</ItemPrice>
      <UnitOfMeasurePrice>5.90</UnitOfMeasurePrice>
      <AllowDiscount>1</AllowDiscount>
      <itemStatus>1</itemStatus>
      <LastUpdateDate />
      <LastUpdateTime />
    </Product>
    <Product>
      <PriceUpdateDate>2019/12/30 14:29</PriceUpdateDate>
      <ItemCode>7290106721388</ItemCode>
      <ItemType>1</ItemType>
      <ItemName>דוריטוס צילי ליים  70 גרם</ItemName>
      <ManufactureName>שטראוס פריטו ליי בעמ</ManufactureName>
      <ManufactureCountry />
      <ManufactureItemDescription />
      <UnitQty>י"ח</UnitQty>
      <Quantity>70</Quantity>
      <UnitMeasure>ל  גרם</UnitMeasure>
      <BisWeighted>0</BisWeighted>
      <QtyInPackage>1</QtyInPackage>
      <ItemPrice>3.90</ItemPrice>
      <UnitOfMeasurePrice>5.57</UnitOfMeasurePrice>
      <AllowDiscount>1</AllowDiscount>
      <itemStatus>1</itemStatus>
      <LastUpdateDate />
      <LastUpdateTime />
    </Product>
    <Product>
      <PriceUpdateDate>2015/06/09 09:28</PriceUpdateDate>
      <ItemCode>7290106721418</ItemCode>
      <ItemType>1</ItemType>
      <ItemName>כיף כף מריר 45גרם</ItemName>
      <ManufactureName>שטראוס גרופ בעמ</ManufactureName>
      <ManufactureCountry />
      <ManufactureItemDescription />
      <UnitQty>י"ח</UnitQty>
      <Quantity>45</Quantity>
      <UnitMeasure>ל  גרם</UnitMeasure>
      <BisWeighted>0</BisWeighted>
      <QtyInPackage>1</QtyInPackage>
      <ItemPrice>3.90</ItemPrice>
      <UnitOfMeasurePrice>8.67</UnitOfMeasurePrice>
      <AllowDiscount>1</AllowDiscount>
      <itemStatus>1</itemStatus>
      <LastUpdateDate />
      <LastUpdateTime />
    </Product>
    <Product>
      <PriceUpdateDate>2019/09/13 09:10</PriceUpdateDate>
      <ItemCode>7290106721531</ItemCode>
      <ItemType>1</ItemType>
      <ItemName>דוריטוס אסייתי   70 גרם</ItemName>
      <ManufactureName>שטראוס פריטו ליי בעמ</ManufactureName>
      <ManufactureCountry />
      <ManufactureItemDescription />
      <UnitQty>י"ח</UnitQty>
      <Quantity>70</Quantity>
      <UnitMeasure>ל  גרם</UnitMeasure>
      <BisWeighted>0</BisWeighted>
      <QtyInPackage>1</QtyInPackage>
      <ItemPrice>3.90</ItemPrice>
      <UnitOfMeasurePrice>5.57</UnitOfMeasurePrice>
      <AllowDiscount>1</AllowDiscount>
      <itemStatus>1</itemStatus>
      <LastUpdateDate />
      <LastUpdateTime />
    </Product>
    <Product>
      <PriceUpdateDate>2015/06/09 09:28</PriceUpdateDate>
      <ItemCode>7290106721722</ItemCode>
      <ItemType>1</ItemType>
      <ItemName>מקופלת לבנה מצופה שוקולד 25גר</ItemName>
      <ManufactureName>שטראוס גרופ בעמ</ManufactureName>
      <ManufactureCountry />
      <ManufactureItemDescription />
      <UnitQty>י"ח</UnitQty>
      <Quantity>25</Quantity>
      <UnitMeasure>ל  גרם</UnitMeasure>
      <BisWeighted>0</BisWeighted>
      <QtyInPackage>1</QtyInPackage>
      <ItemPrice>3.90</ItemPrice>
      <UnitOfMeasurePrice>15.60</UnitOfMeasurePrice>
      <AllowDiscount>1</AllowDiscount>
      <itemStatus>1</itemStatus>
      <LastUpdateDate />
      <LastUpdateTime />
    </Product>
    <Product>
      <PriceUpdateDate>2018/07/15 15:22</PriceUpdateDate>
      <ItemCode>7290106721906</ItemCode>
      <ItemType>1</ItemType>
      <ItemName>מסטיק מאסט בזוקה צ`יקלט 66גר</ItemName>
      <ManufactureName>שטראוס גרופ בעמ</ManufactureName>
      <ManufactureCountry />
      <ManufactureItemDescription />
      <UnitQty>י"ח</UnitQty>
      <Quantity>66</Quantity>
      <UnitMeasure>ל  גרם</UnitMeasure>
      <BisWeighted>0</BisWeighted>
      <QtyInPackage>1</QtyInPackage>
      <ItemPrice>9.90</ItemPrice>
      <UnitOfMeasurePrice>15</UnitOfMeasurePrice>
      <AllowDiscount>1</AllowDiscount>
      <itemStatus>1</itemStatus>
      <LastUpdateDate />
      <LastUpdateTime />
    </Product>
    <Product>
      <PriceUpdateDate>2018/05/01 10:59</PriceUpdateDate>
      <ItemCode>7290106721913</ItemCode>
      <ItemType>1</ItemType>
      <ItemName>מסטיק מאסט ריח פה צ`יקלט 66גר</ItemName>
      <ManufactureName>שטראוס גרופ בעמ</ManufactureName>
      <ManufactureCountry />
      <ManufactureItemDescription />
      <UnitQty>י"ח</UnitQty>
      <Quantity>66</Quantity>
      <UnitMeasure>ל  גרם</UnitMeasure>
      <BisWeighted>0</BisWeighted>
      <QtyInPackage>1</QtyInPackage>
      <ItemPrice>9.90</ItemPrice>
      <UnitOfMeasurePrice>15</UnitOfMeasurePrice>
      <AllowDiscount>1</AllowDiscount>
      <itemStatus>1</itemStatus>
      <LastUpdateDate />
      <LastUpdateTime />
    </Product>
    <Product>
      <PriceUpdateDate>2018/07/15 15:22</PriceUpdateDate>
      <ItemCode>7290106721920</ItemCode>
      <ItemType>1</ItemType>
      <ItemName>מסטיק מאסט ספירמינט צ`יקלט 66גר</ItemName>
      <ManufactureName>שטראוס גרופ בעמ</ManufactureName>
      <ManufactureCountry />
      <ManufactureItemDescription />
      <UnitQty>י"ח</UnitQty>
      <Quantity>66</Quantity>
      <UnitMeasure>ל  גרם</UnitMeasure>
      <BisWeighted>0</BisWeighted>
      <QtyInPackage>1</QtyInPackage>
      <ItemPrice>9.90</ItemPrice>
      <UnitOfMeasurePrice>15</UnitOfMeasurePrice>
      <AllowDiscount>1</AllowDiscount>
      <itemStatus>1</itemStatus>
      <LastUpdateDate />
      <LastUpdateTime />
    </Product>
    <Product>
      <PriceUpdateDate>2019/04/12 09:30</PriceUpdateDate>
      <ItemCode>7290106722415</ItemCode>
      <ItemType>1</ItemType>
      <ItemName>שוקולד לבן במילוי תות מגדים</ItemName>
      <ManufactureName>שטראוס גרופ בעמ</ManufactureName>
      <ManufactureCountry />
      <ManufactureItemDescription />
      <UnitQty>י"ח</UnitQty>
      <Quantity>100</Quantity>
      <UnitMeasure>ל  גרם</UnitMeasure>
      <BisWeighted>0</BisWeighted>
      <QtyInPackage>1</QtyInPackage>
      <ItemPrice>5.90</ItemPrice>
      <UnitOfMeasurePrice>5.90</UnitOfMeasurePrice>
      <AllowDiscount>1</AllowDiscount>
      <itemStatus>1</itemStatus>
      <LastUpdateDate />
      <LastUpdateTime />
    </Product>
    <Product>
      <PriceUpdateDate>2015/06/21 09:55</PriceUpdateDate>
      <ItemCode>7290106723443</ItemCode>
      <ItemType>1</ItemType>
      <ItemName>שוקולד פרה לבן מגדים במילוי תות 50גר</ItemName>
      <ManufactureName>שטראוס גרופ בעמ</ManufactureName>
      <ManufactureCountry />
      <ManufactureItemDescription />
      <UnitQty>י"ח</UnitQty>
      <Quantity>50</Quantity>
      <UnitMeasure>ל  גרם</UnitMeasure>
      <BisWeighted>0</BisWeighted>
      <QtyInPackage>1</QtyInPackage>
      <ItemPrice>3.90</ItemPrice>
      <UnitOfMeasurePrice>7.80</UnitOfMeasurePrice>
      <AllowDiscount>1</AllowDiscount>
      <itemStatus>1</itemStatus>
      <LastUpdateDate />
      <LastUpdateTime />
    </Product>
    <Product>
      <PriceUpdateDate>2018/12/31 14:23</PriceUpdateDate>
      <ItemCode>7290106723917</ItemCode>
      <ItemType>1</ItemType>
      <ItemName>צ יטוס ברביקיו   XXL 60ג</ItemName>
      <ManufactureName>שטראוס פריטו ליי בעמ</ManufactureName>
      <ManufactureCountry />
      <ManufactureItemDescription />
      <UnitQty>י"ח</UnitQty>
      <Quantity>60</Quantity>
      <UnitMeasure>ל  גרם</UnitMeasure>
      <BisWeighted>0</BisWeighted>
      <QtyInPackage>1</QtyInPackage>
      <ItemPrice>3.50</ItemPrice>
      <UnitOfMeasurePrice>5.83</UnitOfMeasurePrice>
      <AllowDiscount>1</AllowDiscount>
      <itemStatus>1</itemStatus>
      <LastUpdateDate />
      <LastUpdateTime />
    </Product>
    <Product>
      <PriceUpdateDate>2015/10/13 09:28</PriceUpdateDate>
      <ItemCode>7290106724778</ItemCode>
      <ItemType>1</ItemType>
      <ItemName>טעמי קרם עוגיות שוקולד</ItemName>
      <ManufactureName>שטראוס גרופ בעמ</ManufactureName>
      <ManufactureCountry />
      <ManufactureItemDescription />
      <UnitQty>י"ח</UnitQty>
      <Quantity>40</Quantity>
      <UnitMeasure>ל  גרם</UnitMeasure>
      <BisWeighted>0</BisWeighted>
      <QtyInPackage>1</QtyInPackage>
      <ItemPrice>3.90</ItemPrice>
      <UnitOfMeasurePrice>9.75</UnitOfMeasurePrice>
      <AllowDiscount>1</AllowDiscount>
      <itemStatus>1</itemStatus>
      <LastUpdateDate />
      <LastUpdateTime />
    </Product>
    <Product>
      <PriceUpdateDate>2018/07/15 15:22</PriceUpdateDate>
      <ItemCode>7290106724990</ItemCode>
      <ItemType>1</ItemType>
      <ItemName>טורטית לבנה   40גר</ItemName>
      <ManufactureName>שטראוס גרופ בעמ</ManufactureName>
      <ManufactureCountry />
      <ManufactureItemDescription />
      <UnitQty>י"ח</UnitQty>
      <Quantity>40</Quantity>
      <UnitMeasure>ל  גרם</UnitMeasure>
      <BisWeighted>0</BisWeighted>
      <QtyInPackage>1</QtyInPackage>
      <ItemPrice>4.90</ItemPrice>
      <UnitOfMeasurePrice>12.25</UnitOfMeasurePrice>
      <AllowDiscount>1</AllowDiscount>
      <itemStatus>1</itemStatus>
      <LastUpdateDate />
      <LastUpdateTime />
    </Product>
    <Product>
      <PriceUpdateDate>2015/11/16 13:02</PriceUpdateDate>
      <ItemCode>7290106725423</ItemCode>
      <ItemType>1</ItemType>
      <ItemName>רבע לשבע וופל טעם חלבה 120גר`</ItemName>
      <ManufactureName>שטראוס גרופ בעמ</ManufactureName>
      <ManufactureCountry />
      <ManufactureItemDescription />
      <UnitQty>י"ח</UnitQty>
      <Quantity>120</Quantity>
      <UnitMeasure>ל  גרם</UnitMeasure>
      <BisWeighted>0</BisWeighted>
      <QtyInPackage>1</QtyInPackage>
      <ItemPrice>11.90</ItemPrice>
      <UnitOfMeasurePrice>9.92</UnitOfMeasurePrice>
      <AllowDiscount>1</AllowDiscount>
      <itemStatus>1</itemStatus>
      <LastUpdateDate />
      <LastUpdateTime />
    </Product>
    <Product>
      <PriceUpdateDate>2017/01/31 11:20</PriceUpdateDate>
      <ItemCode>7290106725560</ItemCode>
      <ItemType>1</ItemType>
      <ItemName>רבע לשבע חלבה  בד"ץ 27ג</ItemName>
      <ManufactureName>שטראוס גרופ בעמ</ManufactureName>
      <ManufactureCountry />
      <ManufactureItemDescription />
      <UnitQty>י"ח</UnitQty>
      <Quantity>27</Quantity>
      <UnitMeasure>ל  גרם</UnitMeasure>
      <BisWeighted>0</BisWeighted>
      <QtyInPackage>1</QtyInPackage>
      <ItemPrice>3.60</ItemPrice>
      <UnitOfMeasurePrice>13.33</UnitOfMeasurePrice>
      <AllowDiscount>1</AllowDiscount>
      <itemStatus>1</itemStatus>
      <LastUpdateDate />
      <LastUpdateTime />
    </Product>
    <Product>
      <PriceUpdateDate>2017/05/23 08:05</PriceUpdateDate>
      <ItemCode>7290106725867</ItemCode>
      <ItemType>1</ItemType>
      <ItemName>סירופ מייפל טבעי 189 מ"ל</ItemName>
      <ManufactureName>שטראוס גרופ בעמ</ManufactureName>
      <ManufactureCountry />
      <ManufactureItemDescription />
      <UnitQty>י"ח</UnitQty>
      <Quantity>189</Quantity>
      <UnitMeasure>ל  מ"ל</UnitMeasure>
      <BisWeighted>0</BisWeighted>
      <QtyInPackage>1</QtyInPackage>
      <ItemPrice>30.90</ItemPrice>
      <UnitOfMeasurePrice>16.35</UnitOfMeasurePrice>
      <AllowDiscount>1</AllowDiscount>
      <itemStatus>1</itemStatus>
      <LastUpdateDate />
      <LastUpdateTime />
    </Product>
    <Product>
      <PriceUpdateDate>2016/05/11 11:22</PriceUpdateDate>
      <ItemCode>7290106728288</ItemCode>
      <ItemType>1</ItemType>
      <ItemName>סקי עוגת גבינה ותות 3%</ItemName>
      <ManufactureName>שטראוס גרופ ***בעמ</ManufactureName>
      <ManufactureCountry />
      <ManufactureItemDescription />
      <UnitQty>י"ח</UnitQty>
      <Quantity>125</Quantity>
      <UnitMeasure>ל  גרם</UnitMeasure>
      <BisWeighted>0</BisWeighted>
      <QtyInPackage>1</QtyInPackage>
      <ItemPrice>3.90</ItemPrice>
      <UnitOfMeasurePrice>3.12</UnitOfMeasurePrice>
      <AllowDiscount>1</AllowDiscount>
      <itemStatus>1</itemStatus>
      <LastUpdateDate />
      <LastUpdateTime />
    </Product>
    <Product>
      <PriceUpdateDate>2019/06/02 10:01</PriceUpdateDate>
      <ItemCode>7290106729162</ItemCode>
      <ItemType>1</ItemType>
      <ItemName>רבע לשבע אלפחורס 120ג</ItemName>
      <ManufactureName>שטראוס גרופ בעמ</ManufactureName>
      <ManufactureCountry />
      <ManufactureItemDescription />
      <UnitQty>י"ח</UnitQty>
      <Quantity>120</Quantity>
      <UnitMeasure>ל  גרם</UnitMeasure>
      <BisWeighted>0</BisWeighted>
      <QtyInPackage>1</QtyInPackage>
      <ItemPrice>11.90</ItemPrice>
      <UnitOfMeasurePrice>9.92</UnitOfMeasurePrice>
      <AllowDiscount>1</AllowDiscount>
      <itemStatus>1</itemStatus>
      <LastUpdateDate />
      <LastUpdateTime />
    </Product>
    <Product>
      <PriceUpdateDate>2019/12/04 13:48</PriceUpdateDate>
      <ItemCode>7290107280167</ItemCode>
      <ItemType>1</ItemType>
      <ItemName>תחליב רחצה לפנים תה ירוק קרמה 180 מ"ל</ItemName>
      <ManufactureName>החב הדרומית לשיווק</ManufactureName>
      <ManufactureCountry />
      <ManufactureItemDescription />
      <UnitQty>י"ח</UnitQty>
      <Quantity>750</Quantity>
      <UnitMeasure>ל  מ"ל</UnitMeasure>
      <BisWeighted>0</BisWeighted>
      <QtyInPackage>1</QtyInPackage>
      <ItemPrice>15.90</ItemPrice>
      <UnitOfMeasurePrice>2.12</UnitOfMeasurePrice>
      <AllowDiscount>1</AllowDiscount>
      <itemStatus>1</itemStatus>
      <LastUpdateDate />
      <LastUpdateTime />
    </Product>
    <Product>
      <PriceUpdateDate>2019/12/17 10:06</PriceUpdateDate>
      <ItemCode>7290107280198</ItemCode>
      <ItemType>1</ItemType>
      <ItemName>תחליב רחצה קרמה 750 מ"ל</ItemName>
      <ManufactureName>החב הדרומית לשיווק</ManufactureName>
      <ManufactureCountry />
      <ManufactureItemDescription />
      <UnitQty>י"ח</UnitQty>
      <Quantity>750</Quantity>
      <UnitMeasure>ל  מ"ל</UnitMeasure>
      <BisWeighted>0</BisWeighted>
      <QtyInPackage>1</QtyInPackage>
      <ItemPrice>15.90</ItemPrice>
      <UnitOfMeasurePrice>2.12</UnitOfMeasurePrice>
      <AllowDiscount>1</AllowDiscount>
      <itemStatus>1</itemStatus>
      <LastUpdateDate />
      <LastUpdateTime />
    </Product>
    <Product>
      <PriceUpdateDate>2016/07/03 10:37</PriceUpdateDate>
      <ItemCode>7290107280471</ItemCode>
      <ItemType>1</ItemType>
      <ItemName>טבליות למדיח 30יח</ItemName>
      <ManufactureName>החב הדרומית לשיווק</ManufactureName>
      <ManufactureCountry />
      <ManufactureItemDescription />
      <UnitQty>י"ח</UnitQty>
      <Quantity>30</Quantity>
      <UnitMeasure>י"ח</UnitMeasure>
      <BisWeighted>0</BisWeighted>
      <QtyInPackage>1</QtyInPackage>
      <ItemPrice>22.90</ItemPrice>
      <UnitOfMeasurePrice>0.76</UnitOfMeasurePrice>
      <AllowDiscount>1</AllowDiscount>
      <itemStatus>1</itemStatus>
      <LastUpdateDate />
      <LastUpdateTime />
    </Product>
    <Product>
      <PriceUpdateDate>2019/12/04 13:48</PriceUpdateDate>
      <ItemCode>7290107280549</ItemCode>
      <ItemType>1</ItemType>
      <ItemName>K-400 סנו 300מ"ל</ItemName>
      <ManufactureName>החב הדרומית לשיווק</ManufactureName>
      <ManufactureCountry />
      <ManufactureItemDescription />
      <UnitQty>י"ח</UnitQty>
      <Quantity>300</Quantity>
      <UnitMeasure>ל  מ"ל</UnitMeasure>
      <BisWeighted>0</BisWeighted>
      <QtyInPackage>1</QtyInPackage>
      <ItemPrice>10.90</ItemPrice>
      <UnitOfMeasurePrice>3.63</UnitOfMeasurePrice>
      <AllowDiscount>1</AllowDiscount>
      <itemStatus>1</itemStatus>
      <LastUpdateDate />
      <LastUpdateTime />
    </Product>
    <Product>
      <PriceUpdateDate>2019/12/04 13:48</PriceUpdateDate>
      <ItemCode>7290107280563</ItemCode>
      <ItemType>1</ItemType>
      <ItemName>סנו אוקסיגן  ג`ל בייבי  3ליטר</ItemName>
      <ManufactureName>החב הדרומית לשיווק</ManufactureName>
      <ManufactureCountry />
      <ManufactureItemDescription />
      <UnitQty>י"ח</UnitQty>
      <Quantity>3</Quantity>
      <UnitMeasure>ליטר</UnitMeasure>
      <BisWeighted>0</BisWeighted>
      <QtyInPackage>1</QtyInPackage>
      <ItemPrice>28.90</ItemPrice>
      <UnitOfMeasurePrice>9.63</UnitOfMeasurePrice>
      <AllowDiscount>1</AllowDiscount>
      <itemStatus>1</itemStatus>
      <LastUpdateDate />
      <LastUpdateTime />
    </Product>
    <Product>
      <PriceUpdateDate>2014/12/22 09:13</PriceUpdateDate>
      <ItemCode>7290107280570</ItemCode>
      <ItemType>1</ItemType>
      <ItemName>סנו ג ל כביסה 3ליטר מיקס</ItemName>
      <ManufactureName>החב הדרומית לשיווק</ManufactureName>
      <ManufactureCountry />
      <ManufactureItemDescription />
      <UnitQty>י"ח</UnitQty>
      <Quantity>3</Quantity>
      <UnitMeasure>ליטר</UnitMeasure>
      <BisWeighted>0</BisWeighted>
      <QtyInPackage>1</QtyInPackage>
      <ItemPrice>29.90</ItemPrice>
      <UnitOfMeasurePrice>9.97</UnitOfMeasurePrice>
      <AllowDiscount>1</AllowDiscount>
      <itemStatus>1</itemStatus>
      <LastUpdateDate />
      <LastUpdateTime />
    </Product>
    <Product>
      <PriceUpdateDate>2020/04/19 12:23</PriceUpdateDate>
      <ItemCode>7290107280587</ItemCode>
      <ItemType>1</ItemType>
      <ItemName>סנובון מוצק שלדאבל אקשן בניחוח פרחים ורו</ItemName>
      <ManufactureName>החב הדרומית לשיווק</ManufactureName>
      <ManufactureCountry />
      <ManufactureItemDescription />
      <UnitQty>י"ח</UnitQty>
      <Quantity>750</Quantity>
      <UnitMeasure>ל  מ"ל</UnitMeasure>
      <BisWeighted>0</BisWeighted>
      <QtyInPackage>1</QtyInPackage>
      <ItemPrice>10.90</ItemPrice>
      <UnitOfMeasurePrice>1.45</UnitOfMeasurePrice>
      <AllowDiscount>1</AllowDiscount>
      <itemStatus>1</itemStatus>
      <LastUpdateDate />
      <LastUpdateTime />
    </Product>
    <Product>
      <PriceUpdateDate>2020/04/19 12:23</PriceUpdateDate>
      <ItemCode>7290107280594</ItemCode>
      <ItemType>1</ItemType>
      <ItemName>סנובון מוצק דאבל אקשן בניחוח לבנדר</ItemName>
      <ManufactureName>החב הדרומית לשיווק</ManufactureName>
      <ManufactureCountry />
      <ManufactureItemDescription />
      <UnitQty>י"ח</UnitQty>
      <Quantity>750</Quantity>
      <UnitMeasure>ל  מ"ל</UnitMeasure>
      <BisWeighted>0</BisWeighted>
      <QtyInPackage>1</QtyInPackage>
      <ItemPrice>10.90</ItemPrice>
      <UnitOfMeasurePrice>1.45</UnitOfMeasurePrice>
      <AllowDiscount>1</AllowDiscount>
      <itemStatus>1</itemStatus>
      <LastUpdateDate />
      <LastUpdateTime />
    </Product>
    <Product>
      <PriceUpdateDate>2020/04/19 12:23</PriceUpdateDate>
      <ItemCode>7290107280679</ItemCode>
      <ItemType>1</ItemType>
      <ItemName>טבליות למדיח 70יח</ItemName>
      <ManufactureName>החב הדרומית לשיווק</ManufactureName>
      <ManufactureCountry />
      <ManufactureItemDescription />
      <UnitQty>י"ח</UnitQty>
      <Quantity>70</Quantity>
      <UnitMeasure>י"ח</UnitMeasure>
      <BisWeighted>0</BisWeighted>
      <QtyInPackage>1</QtyInPackage>
      <ItemPrice>44.90</ItemPrice>
      <UnitOfMeasurePrice>0.64</UnitOfMeasurePrice>
      <AllowDiscount>1</AllowDiscount>
      <itemStatus>1</itemStatus>
      <LastUpdateDate />
      <LastUpdateTime />
    </Product>
    <Product>
      <PriceUpdateDate>2019/12/04 13:48</PriceUpdateDate>
      <ItemCode>7290107280716</ItemCode>
      <ItemType>1</ItemType>
      <ItemName>מלח למדיח 2ק"ג ספארק</ItemName>
      <ManufactureName>החב הדרומית לשיווק</ManufactureName>
      <ManufactureCountry />
      <ManufactureItemDescription />
      <UnitQty>י"ח</UnitQty>
      <Quantity>2</Quantity>
      <UnitMeasure>ק"ג</UnitMeasure>
      <BisWeighted>0</BisWeighted>
      <QtyInPackage>1</QtyInPackage>
      <ItemPrice>10.90</ItemPrice>
      <UnitOfMeasurePrice>5.45</UnitOfMeasurePrice>
      <AllowDiscount>1</AllowDiscount>
      <itemStatus>1</itemStatus>
      <LastUpdateDate />
      <LastUpdateTime />
    </Product>
    <Product>
      <PriceUpdateDate>2019/12/04 13:48</PriceUpdateDate>
      <ItemCode>7290107280723</ItemCode>
      <ItemType>1</ItemType>
      <ItemName>נוזל כלים סנו ספארק 700מ"ל לימון</ItemName>
      <ManufactureName>החב הדרומית לשיווק</ManufactureName>
      <ManufactureCountry />
      <ManufactureItemDescription />
      <UnitQty>י"ח</UnitQty>
      <Quantity>700</Quantity>
      <UnitMeasure>ל  מ"ל</UnitMeasure>
      <BisWeighted>0</BisWeighted>
      <QtyInPackage>1</QtyInPackage>
      <ItemPrice>9.90</ItemPrice>
      <UnitOfMeasurePrice>1.41</UnitOfMeasurePrice>
      <AllowDiscount>1</AllowDiscount>
      <itemStatus>1</itemStatus>
      <LastUpdateDate />
      <LastUpdateTime />
    </Product>
    <Product>
      <PriceUpdateDate>2019/12/18 08:01</PriceUpdateDate>
      <ItemCode>7290107280730</ItemCode>
      <ItemType>1</ItemType>
      <ItemName>נוזל כלים סנו ספארק 700מ"ל לבנדר</ItemName>
      <ManufactureName>החב הדרומית לשיווק</ManufactureName>
      <ManufactureCountry />
      <ManufactureItemDescription />
      <UnitQty>י"ח</UnitQty>
      <Quantity>700</Quantity>
      <UnitMeasure>ל  מ"ל</UnitMeasure>
      <BisWeighted>0</BisWeighted>
      <QtyInPackage>1</QtyInPackage>
      <ItemPrice>9.90</ItemPrice>
      <UnitOfMeasurePrice>1.41</UnitOfMeasurePrice>
      <AllowDiscount>1</AllowDiscount>
      <itemStatus>1</itemStatus>
      <LastUpdateDate />
      <LastUpdateTime />
    </Product>
    <Product>
      <PriceUpdateDate>2019/12/04 13:48</PriceUpdateDate>
      <ItemCode>7290107280747</ItemCode>
      <ItemType>1</ItemType>
      <ItemName>נוזל כלים סנו ספארק 700מ"ל קלאסי</ItemName>
      <ManufactureName>החב הדרומית לשיווק</ManufactureName>
      <ManufactureCountry />
      <ManufactureItemDescription />
      <UnitQty>י"ח</UnitQty>
      <Quantity>700</Quantity>
      <UnitMeasure>ל  מ"ל</UnitMeasure>
      <BisWeighted>0</BisWeighted>
      <QtyInPackage>1</QtyInPackage>
      <ItemPrice>9.90</ItemPrice>
      <UnitOfMeasurePrice>1.41</UnitOfMeasurePrice>
      <AllowDiscount>1</AllowDiscount>
      <itemStatus>1</itemStatus>
      <LastUpdateDate />
      <LastUpdateTime />
    </Product>
    <Product>
      <PriceUpdateDate>2019/12/18 08:01</PriceUpdateDate>
      <ItemCode>7290107280754</ItemCode>
      <ItemType>1</ItemType>
      <ItemName>נוזל כלים סנו ספארק 700מ"ל היפואלרגני</ItemName>
      <ManufactureName>החב הדרומית לשיווק</ManufactureName>
      <ManufactureCountry />
      <ManufactureItemDescription />
      <UnitQty>י"ח</UnitQty>
      <Quantity>700</Quantity>
      <UnitMeasure>ל  מ"ל</UnitMeasure>
      <BisWeighted>0</BisWeighted>
      <QtyInPackage>1</QtyInPackage>
      <ItemPrice>9.90</ItemPrice>
      <UnitOfMeasurePrice>1.41</UnitOfMeasurePrice>
      <AllowDiscount>1</AllowDiscount>
      <itemStatus>1</itemStatus>
      <LastUpdateDate />
      <LastUpdateTime />
    </Product>
    <Product>
      <PriceUpdateDate>2019/12/10 08:56</PriceUpdateDate>
      <ItemCode>7290107280815</ItemCode>
      <ItemType>1</ItemType>
      <ItemName>K-301 סנו</ItemName>
      <ManufactureName>החב הדרומית לשיווק</ManufactureName>
      <ManufactureCountry />
      <ManufactureItemDescription />
      <UnitQty>י"ח</UnitQty>
      <Quantity>300</Quantity>
      <UnitMeasure>ל  מ"ל</UnitMeasure>
      <BisWeighted>0</BisWeighted>
      <QtyInPackage>1</QtyInPackage>
      <ItemPrice>16.90</ItemPrice>
      <UnitOfMeasurePrice>5.63</UnitOfMeasurePrice>
      <AllowDiscount>1</AllowDiscount>
      <itemStatus>1</itemStatus>
      <LastUpdateDate />
      <LastUpdateTime />
    </Product>
    <Product>
      <PriceUpdateDate>2016/06/09 14:11</PriceUpdateDate>
      <ItemCode>7290107280822</ItemCode>
      <ItemType>1</ItemType>
      <ItemName>ריצפז פרש  הום ספא 2ל</ItemName>
      <ManufactureName>החב הדרומית לשיווק</ManufactureName>
      <ManufactureCountry />
      <ManufactureItemDescription />
      <UnitQty>י"ח</UnitQty>
      <Quantity>1.45</Quantity>
      <UnitMeasure>ליטר</UnitMeasure>
      <BisWeighted>0</BisWeighted>
      <QtyInPackage>1</QtyInPackage>
      <ItemPrice>19.90</ItemPrice>
      <UnitOfMeasurePrice>13.72</UnitOfMeasurePrice>
      <AllowDiscount>1</AllowDiscount>
      <itemStatus>1</itemStatus>
      <LastUpdateDate />
      <LastUpdateTime />
    </Product>
    <Product>
      <PriceUpdateDate>2020/02/06 13:06</PriceUpdateDate>
      <ItemCode>7290107640145</ItemCode>
      <ItemType>1</ItemType>
      <ItemName>דאב דאו  ספריי 90ג</ItemName>
      <ManufactureName>יוניליוור ישראל שיווק בעמ</ManufactureName>
      <ManufactureCountry />
      <ManufactureItemDescription />
      <UnitQty>י"ח</UnitQty>
      <Quantity>90</Quantity>
      <UnitMeasure>ל  מ"ל</UnitMeasure>
      <BisWeighted>0</BisWeighted>
      <QtyInPackage>1</QtyInPackage>
      <ItemPrice>15.90</ItemPrice>
      <UnitOfMeasurePrice>17.67</UnitOfMeasurePrice>
      <AllowDiscount>1</AllowDiscount>
      <itemStatus>1</itemStatus>
      <LastUpdateDate />
      <LastUpdateTime />
    </Product>
    <Product>
      <PriceUpdateDate>2018/03/19 09:28</PriceUpdateDate>
      <ItemCode>7290107647489</ItemCode>
      <ItemType>1</ItemType>
      <ItemName>גלידה פסק זמן לבן</ItemName>
      <ManufactureName>גלידות שטראוס בעמ</ManufactureName>
      <ManufactureCountry />
      <ManufactureItemDescription />
      <UnitQty>י"ח</UnitQty>
      <Quantity>58</Quantity>
      <UnitMeasure>ל  גרם</UnitMeasure>
      <BisWeighted>0</BisWeighted>
      <QtyInPackage>1</QtyInPackage>
      <ItemPrice>10.90</ItemPrice>
      <UnitOfMeasurePrice>18.79</UnitOfMeasurePrice>
      <AllowDiscount>1</AllowDiscount>
      <itemStatus>1</itemStatus>
      <LastUpdateDate />
      <LastUpdateTime />
    </Product>
    <Product>
      <PriceUpdateDate>2018/03/19 09:28</PriceUpdateDate>
      <ItemCode>7290107647595</ItemCode>
      <ItemType>1</ItemType>
      <ItemName>גלידה שוקוציפס קוקיז</ItemName>
      <ManufactureName>גלידות שטראוס בעמ</ManufactureName>
      <ManufactureCountry />
      <ManufactureItemDescription />
      <UnitQty>י"ח</UnitQty>
      <Quantity>82</Quantity>
      <UnitMeasure>ל  גרם</UnitMeasure>
      <BisWeighted>0</BisWeighted>
      <QtyInPackage>1</QtyInPackage>
      <ItemPrice>12.90</ItemPrice>
      <UnitOfMeasurePrice>15.73</UnitOfMeasurePrice>
      <AllowDiscount>1</AllowDiscount>
      <itemStatus>1</itemStatus>
      <LastUpdateDate />
      <LastUpdateTime />
    </Product>
    <Product>
      <PriceUpdateDate>2019/08/04 10:29</PriceUpdateDate>
      <ItemCode>7290107649698</ItemCode>
      <ItemType>1</ItemType>
      <ItemName>מגנום לבן עוגיות</ItemName>
      <ManufactureName>גלידות שטראוס בעמ</ManufactureName>
      <ManufactureCountry />
      <ManufactureItemDescription />
      <UnitQty>י"ח</UnitQty>
      <Quantity>85</Quantity>
      <UnitMeasure>ל  גרם</UnitMeasure>
      <BisWeighted>0</BisWeighted>
      <QtyInPackage>1</QtyInPackage>
      <ItemPrice>10</ItemPrice>
      <UnitOfMeasurePrice>11.76</UnitOfMeasurePrice>
      <AllowDiscount>1</AllowDiscount>
      <itemStatus>1</itemStatus>
      <LastUpdateDate />
      <LastUpdateTime />
    </Product>
    <Product>
      <PriceUpdateDate>2019/05/02 11:09</PriceUpdateDate>
      <ItemCode>7290107649827</ItemCode>
      <ItemType>1</ItemType>
      <ItemName>פסק זמן שלגון קראטנצי</ItemName>
      <ManufactureName>גלידות שטראוס בעמ</ManufactureName>
      <ManufactureCountry />
      <ManufactureItemDescription />
      <UnitQty>י"ח</UnitQty>
      <Quantity>85</Quantity>
      <UnitMeasure>ל  גרם</UnitMeasure>
      <BisWeighted>0</BisWeighted>
      <QtyInPackage>1</QtyInPackage>
      <ItemPrice>13.90</ItemPrice>
      <UnitOfMeasurePrice>16.35</UnitOfMeasurePrice>
      <AllowDiscount>1</AllowDiscount>
      <itemStatus>1</itemStatus>
      <LastUpdateDate />
      <LastUpdateTime />
    </Product>
    <Product>
      <PriceUpdateDate>2019/08/04 10:29</PriceUpdateDate>
      <ItemCode>7290107649858</ItemCode>
      <ItemType>1</ItemType>
      <ItemName>מגנום לבן</ItemName>
      <ManufactureName>גלידות שטראוס בעמ</ManufactureName>
      <ManufactureCountry />
      <ManufactureItemDescription />
      <UnitQty>י"ח</UnitQty>
      <Quantity>85</Quantity>
      <UnitMeasure>ל  גרם</UnitMeasure>
      <BisWeighted>0</BisWeighted>
      <QtyInPackage>1</QtyInPackage>
      <ItemPrice>10</ItemPrice>
      <UnitOfMeasurePrice>11.76</UnitOfMeasurePrice>
      <AllowDiscount>1</AllowDiscount>
      <itemStatus>1</itemStatus>
      <LastUpdateDate />
      <LastUpdateTime />
    </Product>
    <Product>
      <PriceUpdateDate>2015/02/03 11:40</PriceUpdateDate>
      <ItemCode>7290107870047</ItemCode>
      <ItemType>1</ItemType>
      <ItemName>אקסטרים טילון בראוניז מטבע ענק 115ג</ItemName>
      <ManufactureName>נגה גלידות</ManufactureName>
      <ManufactureCountry />
      <ManufactureItemDescription />
      <UnitQty>י"ח</UnitQty>
      <Quantity>115</Quantity>
      <UnitMeasure>ל  גרם</UnitMeasure>
      <BisWeighted>0</BisWeighted>
      <QtyInPackage>1</QtyInPackage>
      <ItemPrice>9.90</ItemPrice>
      <UnitOfMeasurePrice>8.61</UnitOfMeasurePrice>
      <AllowDiscount>1</AllowDiscount>
      <itemStatus>1</itemStatus>
      <LastUpdateDate />
      <LastUpdateTime />
    </Product>
    <Product>
      <PriceUpdateDate>2015/08/09 10:31</PriceUpdateDate>
      <ItemCode>7290107870313</ItemCode>
      <ItemType>1</ItemType>
      <ItemName>ביסלי אקסטרים ספייסי צ`ילי}קטן{</ItemName>
      <ManufactureName>קבוצת אוסם סחר-שות.מוגבלת</ManufactureName>
      <ManufactureCountry />
      <ManufactureItemDescription />
      <UnitQty>י"ח</UnitQty>
      <Quantity>70</Quantity>
      <UnitMeasure>ל  גרם</UnitMeasure>
      <BisWeighted>0</BisWeighted>
      <QtyInPackage>1</QtyInPackage>
      <ItemPrice>3.90</ItemPrice>
      <UnitOfMeasurePrice>5.57</UnitOfMeasurePrice>
      <AllowDiscount>1</AllowDiscount>
      <itemStatus>1</itemStatus>
      <LastUpdateDate />
      <LastUpdateTime />
    </Product>
    <Product>
      <PriceUpdateDate>2015/03/10 11:33</PriceUpdateDate>
      <ItemCode>7290107870344</ItemCode>
      <ItemType>1</ItemType>
      <ItemName>רוטב וינגרט בלסמי 290 מ"ל</ItemName>
      <ManufactureName>קבוצת אוסם סחר-שות.מוגבלת</ManufactureName>
      <ManufactureCountry />
      <ManufactureItemDescription />
      <UnitQty>י"ח</UnitQty>
      <Quantity>375</Quantity>
      <UnitMeasure>ל  גרם</UnitMeasure>
      <BisWeighted>0</BisWeighted>
      <QtyInPackage>1</QtyInPackage>
      <ItemPrice>10.90</ItemPrice>
      <UnitOfMeasurePrice>2.91</UnitOfMeasurePrice>
      <AllowDiscount>1</AllowDiscount>
      <itemStatus>1</itemStatus>
      <LastUpdateDate />
      <LastUpdateTime />
    </Product>
    <Product>
      <PriceUpdateDate>2015/01/12 09:09</PriceUpdateDate>
      <ItemCode>7290107871310</ItemCode>
      <ItemType>1</ItemType>
      <ItemName>חטיפי פריכונים כוסמת 80 ג`</ItemName>
      <ManufactureName>קבוצת אוסם סחר-שות.מוגבלת</ManufactureName>
      <ManufactureCountry />
      <ManufactureItemDescription />
      <UnitQty>י"ח</UnitQty>
      <Quantity>800</Quantity>
      <UnitMeasure>ל  גרם</UnitMeasure>
      <BisWeighted>0</BisWeighted>
      <QtyInPackage>1</QtyInPackage>
      <ItemPrice>7.60</ItemPrice>
      <UnitOfMeasurePrice>0.95</UnitOfMeasurePrice>
      <AllowDiscount>1</AllowDiscount>
      <itemStatus>1</itemStatus>
      <LastUpdateDate />
      <LastUpdateTime />
    </Product>
    <Product>
      <PriceUpdateDate>2015/03/09 10:49</PriceUpdateDate>
      <ItemCode>7290107871808</ItemCode>
      <ItemType>1</ItemType>
      <ItemName>חטיפי קרקר כשל"פ 80ג</ItemName>
      <ManufactureName>קבוצת אוסם סחר-שות.מוגבלת</ManufactureName>
      <ManufactureCountry />
      <ManufactureItemDescription />
      <UnitQty>י"ח</UnitQty>
      <Quantity>100</Quantity>
      <UnitMeasure>ל  גרם</UnitMeasure>
      <BisWeighted>0</BisWeighted>
      <QtyInPackage>1</QtyInPackage>
      <ItemPrice>7.60</ItemPrice>
      <UnitOfMeasurePrice>7.60</UnitOfMeasurePrice>
      <AllowDiscount>1</AllowDiscount>
      <itemStatus>1</itemStatus>
      <LastUpdateDate />
      <LastUpdateTime />
    </Product>
    <Product>
      <PriceUpdateDate>2016/09/07 15:32</PriceUpdateDate>
      <ItemCode>7290107873086</ItemCode>
      <ItemType>1</ItemType>
      <ItemName>פתיתים אפויים+עדשים  400ג</ItemName>
      <ManufactureName>קבוצת אוסם סחר-שות.מוגבלת</ManufactureName>
      <ManufactureCountry />
      <ManufactureItemDescription />
      <UnitQty>י"ח</UnitQty>
      <Quantity>400</Quantity>
      <UnitMeasure>ל  גרם</UnitMeasure>
      <BisWeighted>0</BisWeighted>
      <QtyInPackage>1</QtyInPackage>
      <ItemPrice>6.90</ItemPrice>
      <UnitOfMeasurePrice>1.73</UnitOfMeasurePrice>
      <AllowDiscount>1</AllowDiscount>
      <itemStatus>1</itemStatus>
      <LastUpdateDate />
      <LastUpdateTime />
    </Product>
    <Product>
      <PriceUpdateDate>2017/01/09 08:46</PriceUpdateDate>
      <ItemCode>7290107874526</ItemCode>
      <ItemType>1</ItemType>
      <ItemName>במבה בומבה 60ג</ItemName>
      <ManufactureName>קבוצת אוסם סחר-שות.מוגבלת</ManufactureName>
      <ManufactureCountry />
      <ManufactureItemDescription />
      <UnitQty>י"ח</UnitQty>
      <Quantity>60</Quantity>
      <UnitMeasure>ל  גרם</UnitMeasure>
      <BisWeighted>0</BisWeighted>
      <QtyInPackage>1</QtyInPackage>
      <ItemPrice>3.90</ItemPrice>
      <UnitOfMeasurePrice>6.50</UnitOfMeasurePrice>
      <AllowDiscount>1</AllowDiscount>
      <itemStatus>1</itemStatus>
      <LastUpdateDate />
      <LastUpdateTime />
    </Product>
    <Product>
      <PriceUpdateDate>2015/03/10 11:33</PriceUpdateDate>
      <ItemCode>7290107875295</ItemCode>
      <ItemType>1</ItemType>
      <ItemName>רוטב וינגרט  לייט 290 מ"ל</ItemName>
      <ManufactureName>קבוצת אוסם סחר-שות.מוגבלת</ManufactureName>
      <ManufactureCountry />
      <ManufactureItemDescription />
      <UnitQty>י"ח</UnitQty>
      <Quantity>375</Quantity>
      <UnitMeasure>ל  גרם</UnitMeasure>
      <BisWeighted>0</BisWeighted>
      <QtyInPackage>1</QtyInPackage>
      <ItemPrice>10.90</ItemPrice>
      <UnitOfMeasurePrice>2.91</UnitOfMeasurePrice>
      <AllowDiscount>1</AllowDiscount>
      <itemStatus>1</itemStatus>
      <LastUpdateDate />
      <LastUpdateTime />
    </Product>
    <Product>
      <PriceUpdateDate>2016/07/17 11:13</PriceUpdateDate>
      <ItemCode>7290107876674</ItemCode>
      <ItemType>1</ItemType>
      <ItemName>במבה עגולה 80 גרם.</ItemName>
      <ManufactureName>קבוצת אוסם סחר-שות.מוגבלת</ManufactureName>
      <ManufactureCountry />
      <ManufactureItemDescription />
      <UnitQty>י"ח</UnitQty>
      <Quantity>80</Quantity>
      <UnitMeasure>ל  גרם</UnitMeasure>
      <BisWeighted>0</BisWeighted>
      <QtyInPackage>1</QtyInPackage>
      <ItemPrice>4.80</ItemPrice>
      <UnitOfMeasurePrice>6</UnitOfMeasurePrice>
      <AllowDiscount>1</AllowDiscount>
      <itemStatus>1</itemStatus>
      <LastUpdateDate />
      <LastUpdateTime />
    </Product>
    <Product>
      <PriceUpdateDate>2020/04/12 11:04</PriceUpdateDate>
      <ItemCode>7290107876889</ItemCode>
      <ItemType>1</ItemType>
      <ItemName>במבה במילוי קרם נוגט 45 גרם</ItemName>
      <ManufactureName>קבוצת אוסם סחר-שות.מוגבלת</ManufactureName>
      <ManufactureCountry />
      <ManufactureItemDescription />
      <UnitQty>י"ח</UnitQty>
      <Quantity>45</Quantity>
      <UnitMeasure>ל  גרם</UnitMeasure>
      <BisWeighted>0</BisWeighted>
      <QtyInPackage>1</QtyInPackage>
      <ItemPrice>4.30</ItemPrice>
      <UnitOfMeasurePrice>9.56</UnitOfMeasurePrice>
      <AllowDiscount>1</AllowDiscount>
      <itemStatus>1</itemStatus>
      <LastUpdateDate />
      <LastUpdateTime />
    </Product>
    <Product>
      <PriceUpdateDate>2015/07/24 12:50</PriceUpdateDate>
      <ItemCode>7290107877428</ItemCode>
      <ItemType>1</ItemType>
      <ItemName>רוטב וינגרט תפוחים 290 מ"ל</ItemName>
      <ManufactureName>קבוצת אוסם סחר-שות.מוגבלת</ManufactureName>
      <ManufactureCountry />
      <ManufactureItemDescription />
      <UnitQty>י"ח</UnitQty>
      <Quantity>290</Quantity>
      <UnitMeasure>ל  גרם</UnitMeasure>
      <BisWeighted>0</BisWeighted>
      <QtyInPackage>1</QtyInPackage>
      <ItemPrice>10.90</ItemPrice>
      <UnitOfMeasurePrice>3.76</UnitOfMeasurePrice>
      <AllowDiscount>1</AllowDiscount>
      <itemStatus>1</itemStatus>
      <LastUpdateDate />
      <LastUpdateTime />
    </Product>
    <Product>
      <PriceUpdateDate>2015/07/24 12:50</PriceUpdateDate>
      <ItemCode>7290107877596</ItemCode>
      <ItemType>1</ItemType>
      <ItemName>רוטב וינגרט פסיפלורה 290 מ"ל</ItemName>
      <ManufactureName>קבוצת אוסם סחר-שות.מוגבלת</ManufactureName>
      <ManufactureCountry />
      <ManufactureItemDescription />
      <UnitQty>י"ח</UnitQty>
      <Quantity>290</Quantity>
      <UnitMeasure>ל  גרם</UnitMeasure>
      <BisWeighted>0</BisWeighted>
      <QtyInPackage>1</QtyInPackage>
      <ItemPrice>10.90</ItemPrice>
      <UnitOfMeasurePrice>3.76</UnitOfMeasurePrice>
      <AllowDiscount>1</AllowDiscount>
      <itemStatus>1</itemStatus>
      <LastUpdateDate />
      <LastUpdateTime />
    </Product>
    <Product>
      <PriceUpdateDate>2015/09/17 12:13</PriceUpdateDate>
      <ItemCode>7290107877763</ItemCode>
      <ItemType>1</ItemType>
      <ItemName>במבה במביני 60ג</ItemName>
      <ManufactureName>קבוצת אוסם סחר-שות.מוגבלת</ManufactureName>
      <ManufactureCountry />
      <ManufactureItemDescription />
      <UnitQty>י"ח</UnitQty>
      <Quantity>60</Quantity>
      <UnitMeasure>ל  גרם</UnitMeasure>
      <BisWeighted>0</BisWeighted>
      <QtyInPackage>1</QtyInPackage>
      <ItemPrice>5</ItemPrice>
      <UnitOfMeasurePrice>8.33</UnitOfMeasurePrice>
      <AllowDiscount>1</AllowDiscount>
      <itemStatus>1</itemStatus>
      <LastUpdateDate />
      <LastUpdateTime />
    </Product>
    <Product>
      <PriceUpdateDate>2015/07/27 08:48</PriceUpdateDate>
      <ItemCode>7290107877992</ItemCode>
      <ItemType>1</ItemType>
      <ItemName>פרפקטו פוסילי מהדורה מיוחדת 600גר</ItemName>
      <ManufactureName>קבוצת אוסם סחר-שות.מוגבלת</ManufactureName>
      <ManufactureCountry />
      <ManufactureItemDescription />
      <UnitQty>י"ח</UnitQty>
      <Quantity>500</Quantity>
      <UnitMeasure>ל  גרם</UnitMeasure>
      <BisWeighted>0</BisWeighted>
      <QtyInPackage>1</QtyInPackage>
      <ItemPrice>7.90</ItemPrice>
      <UnitOfMeasurePrice>1.58</UnitOfMeasurePrice>
      <AllowDiscount>1</AllowDiscount>
      <itemStatus>1</itemStatus>
      <LastUpdateDate />
      <LastUpdateTime />
    </Product>
    <Product>
      <PriceUpdateDate>2016/09/07 15:32</PriceUpdateDate>
      <ItemCode>7290107878548</ItemCode>
      <ItemType>1</ItemType>
      <ItemName>פתיתים אפויים מהדורה מיוחדת דינוזאור 5</ItemName>
      <ManufactureName>קבוצת אוסם סחר-שות.מוגבלת</ManufactureName>
      <ManufactureCountry />
      <ManufactureItemDescription />
      <UnitQty>י"ח</UnitQty>
      <Quantity>500</Quantity>
      <UnitMeasure>ל  גרם</UnitMeasure>
      <BisWeighted>0</BisWeighted>
      <QtyInPackage>1</QtyInPackage>
      <ItemPrice>6.90</ItemPrice>
      <UnitOfMeasurePrice>1.38</UnitOfMeasurePrice>
      <AllowDiscount>1</AllowDiscount>
      <itemStatus>1</itemStatus>
      <LastUpdateDate />
      <LastUpdateTime />
    </Product>
    <Product>
      <PriceUpdateDate>2016/03/18 09:52</PriceUpdateDate>
      <ItemCode>7290107878739</ItemCode>
      <ItemType>1</ItemType>
      <ItemName>במבה במילוי חצי חצי מוקה ונ 80 גר  }אסם{</ItemName>
      <ManufactureName>קבוצת אוסם סחר-שות.מוגבלת</ManufactureName>
      <ManufactureCountry />
      <ManufactureItemDescription />
      <UnitQty>י"ח</UnitQty>
      <Quantity>80</Quantity>
      <UnitMeasure>ל  גרם</UnitMeasure>
      <BisWeighted>0</BisWeighted>
      <QtyInPackage>1</QtyInPackage>
      <ItemPrice>4.30</ItemPrice>
      <UnitOfMeasurePrice>5.38</UnitOfMeasurePrice>
      <AllowDiscount>1</AllowDiscount>
      <itemStatus>1</itemStatus>
      <LastUpdateDate />
      <LastUpdateTime />
    </Product>
    <Product>
      <PriceUpdateDate>2017/02/28 13:10</PriceUpdateDate>
      <ItemCode>7290107879620</ItemCode>
      <ItemType>1</ItemType>
      <ItemName>לה פרוטה מלון תפוח 70ג</ItemName>
      <ManufactureName>נגה גלידות</ManufactureName>
      <ManufactureCountry />
      <ManufactureItemDescription />
      <UnitQty>י"ח</UnitQty>
      <Quantity>70</Quantity>
      <UnitMeasure>ל  גרם</UnitMeasure>
      <BisWeighted>0</BisWeighted>
      <QtyInPackage>1</QtyInPackage>
      <ItemPrice>6.90</ItemPrice>
      <UnitOfMeasurePrice>9.86</UnitOfMeasurePrice>
      <AllowDiscount>1</AllowDiscount>
      <itemStatus>1</itemStatus>
      <LastUpdateDate />
      <LastUpdateTime />
    </Product>
    <Product>
      <PriceUpdateDate>2017/02/28 13:10</PriceUpdateDate>
      <ItemCode>7290107879644</ItemCode>
      <ItemType>1</ItemType>
      <ItemName>לה פרוטה בננה תמר פקאן 70ג</ItemName>
      <ManufactureName>נגה גלידות</ManufactureName>
      <ManufactureCountry />
      <ManufactureItemDescription />
      <UnitQty>י"ח</UnitQty>
      <Quantity>70</Quantity>
      <UnitMeasure>ל  גרם</UnitMeasure>
      <BisWeighted>0</BisWeighted>
      <QtyInPackage>1</QtyInPackage>
      <ItemPrice>6.90</ItemPrice>
      <UnitOfMeasurePrice>9.86</UnitOfMeasurePrice>
      <AllowDiscount>1</AllowDiscount>
      <itemStatus>1</itemStatus>
      <LastUpdateDate />
      <LastUpdateTime />
    </Product>
    <Product>
      <PriceUpdateDate>2018/03/02 08:31</PriceUpdateDate>
      <ItemCode>7290107879668</ItemCode>
      <ItemType>1</ItemType>
      <ItemName>לה פרוטה תות 70ג כשל"פ</ItemName>
      <ManufactureName>נגה גלידות</ManufactureName>
      <ManufactureCountry />
      <ManufactureItemDescription />
      <UnitQty>י"ח</UnitQty>
      <Quantity>70</Quantity>
      <UnitMeasure>ל  גרם</UnitMeasure>
      <BisWeighted>0</BisWeighted>
      <QtyInPackage>1</QtyInPackage>
      <ItemPrice>7.90</ItemPrice>
      <UnitOfMeasurePrice>11.29</UnitOfMeasurePrice>
      <AllowDiscount>1</AllowDiscount>
      <itemStatus>1</itemStatus>
      <LastUpdateDate />
      <LastUpdateTime />
    </Product>
    <Product>
      <PriceUpdateDate>2018/03/02 08:31</PriceUpdateDate>
      <ItemCode>7290107879699</ItemCode>
      <ItemType>1</ItemType>
      <ItemName>לה פרוטה מנגו 70ג כשל"פ</ItemName>
      <ManufactureName>נגה גלידות</ManufactureName>
      <ManufactureCountry />
      <ManufactureItemDescription />
      <UnitQty>י"ח</UnitQty>
      <Quantity>70</Quantity>
      <UnitMeasure>ל  גרם</UnitMeasure>
      <BisWeighted>0</BisWeighted>
      <QtyInPackage>1</QtyInPackage>
      <ItemPrice>7.90</ItemPrice>
      <UnitOfMeasurePrice>11.29</UnitOfMeasurePrice>
      <AllowDiscount>1</AllowDiscount>
      <itemStatus>1</itemStatus>
      <LastUpdateDate />
      <LastUpdateTime />
    </Product>
    <Product>
      <PriceUpdateDate>2019/12/30 14:29</PriceUpdateDate>
      <ItemCode>7290107930246</ItemCode>
      <ItemType>1</ItemType>
      <ItemName>דוריטוס רוליטוס 70 גרם</ItemName>
      <ManufactureName>שטראוס פריטו ליי בעמ</ManufactureName>
      <ManufactureCountry />
      <ManufactureItemDescription />
      <UnitQty>י"ח</UnitQty>
      <Quantity>70</Quantity>
      <UnitMeasure>ל  גרם</UnitMeasure>
      <BisWeighted>0</BisWeighted>
      <QtyInPackage>1</QtyInPackage>
      <ItemPrice>3.90</ItemPrice>
      <UnitOfMeasurePrice>5.57</UnitOfMeasurePrice>
      <AllowDiscount>1</AllowDiscount>
      <itemStatus>1</itemStatus>
      <LastUpdateDate />
      <LastUpdateTime />
    </Product>
    <Product>
      <PriceUpdateDate>2019/12/30 14:29</PriceUpdateDate>
      <ItemCode>7290107930277</ItemCode>
      <ItemType>1</ItemType>
      <ItemName>דוריטוס אמזונס גריל  70גרם</ItemName>
      <ManufactureName>שטראוס פריטו ליי בעמ</ManufactureName>
      <ManufactureCountry />
      <ManufactureItemDescription />
      <UnitQty>י"ח</UnitQty>
      <Quantity>70</Quantity>
      <UnitMeasure>ל  גרם</UnitMeasure>
      <BisWeighted>0</BisWeighted>
      <QtyInPackage>1</QtyInPackage>
      <ItemPrice>3.90</ItemPrice>
      <UnitOfMeasurePrice>5.57</UnitOfMeasurePrice>
      <AllowDiscount>1</AllowDiscount>
      <itemStatus>1</itemStatus>
      <LastUpdateDate />
      <LastUpdateTime />
    </Product>
    <Product>
      <PriceUpdateDate>2019/04/12 09:30</PriceUpdateDate>
      <ItemCode>7290107930963</ItemCode>
      <ItemType>1</ItemType>
      <ItemName>שוקולד חלב אוריגמי  100 ג</ItemName>
      <ManufactureName>שטראוס גרופ בעמ</ManufactureName>
      <ManufactureCountry />
      <ManufactureItemDescription />
      <UnitQty>י"ח</UnitQty>
      <Quantity>100</Quantity>
      <UnitMeasure>ל  גרם</UnitMeasure>
      <BisWeighted>0</BisWeighted>
      <QtyInPackage>1</QtyInPackage>
      <ItemPrice>5.90</ItemPrice>
      <UnitOfMeasurePrice>5.90</UnitOfMeasurePrice>
      <AllowDiscount>1</AllowDiscount>
      <itemStatus>1</itemStatus>
      <LastUpdateDate />
      <LastUpdateTime />
    </Product>
    <Product>
      <PriceUpdateDate>2018/07/15 15:22</PriceUpdateDate>
      <ItemCode>7290107932226</ItemCode>
      <ItemType>1</ItemType>
      <ItemName>שוקולד אקסטרא חלב 100גר`</ItemName>
      <ManufactureName>שטראוס גרופ בעמ</ManufactureName>
      <ManufactureCountry />
      <ManufactureItemDescription />
      <UnitQty>י"ח</UnitQty>
      <Quantity>100</Quantity>
      <UnitMeasure>ל  גרם</UnitMeasure>
      <BisWeighted>0</BisWeighted>
      <QtyInPackage>1</QtyInPackage>
      <ItemPrice>6.90</ItemPrice>
      <UnitOfMeasurePrice>6.90</UnitOfMeasurePrice>
      <AllowDiscount>1</AllowDiscount>
      <itemStatus>1</itemStatus>
      <LastUpdateDate />
      <LastUpdateTime />
    </Product>
    <Product>
      <PriceUpdateDate>2018/07/15 15:22</PriceUpdateDate>
      <ItemCode>7290107932233</ItemCode>
      <ItemType>1</ItemType>
      <ItemName>שוקולד אקסטרא צימוקים ואגוזים 100גר`</ItemName>
      <ManufactureName>שטראוס גרופ בעמ</ManufactureName>
      <ManufactureCountry />
      <ManufactureItemDescription />
      <UnitQty>י"ח</UnitQty>
      <Quantity>100</Quantity>
      <UnitMeasure>ל  גרם</UnitMeasure>
      <BisWeighted>0</BisWeighted>
      <QtyInPackage>1</QtyInPackage>
      <ItemPrice>6.90</ItemPrice>
      <UnitOfMeasurePrice>6.90</UnitOfMeasurePrice>
      <AllowDiscount>1</AllowDiscount>
      <itemStatus>1</itemStatus>
      <LastUpdateDate />
      <LastUpdateTime />
    </Product>
    <Product>
      <PriceUpdateDate>2018/07/17 08:48</PriceUpdateDate>
      <ItemCode>7290107932240</ItemCode>
      <ItemType>1</ItemType>
      <ItemName>שוקולד אקסטרא קרם חלב ועוגיות 100גר`</ItemName>
      <ManufactureName>שטראוס גרופ בעמ</ManufactureName>
      <ManufactureCountry />
      <ManufactureItemDescription />
      <UnitQty>י"ח</UnitQty>
      <Quantity>100</Quantity>
      <UnitMeasure>ל  גרם</UnitMeasure>
      <BisWeighted>0</BisWeighted>
      <QtyInPackage>1</QtyInPackage>
      <ItemPrice>6.90</ItemPrice>
      <UnitOfMeasurePrice>6.90</UnitOfMeasurePrice>
      <AllowDiscount>1</AllowDiscount>
      <itemStatus>1</itemStatus>
      <LastUpdateDate />
      <LastUpdateTime />
    </Product>
    <Product>
      <PriceUpdateDate>2018/07/17 08:48</PriceUpdateDate>
      <ItemCode>7290107932271</ItemCode>
      <ItemType>1</ItemType>
      <ItemName>שוקולד אקסטרא קרם יוגורט תות ועוג 100גר`</ItemName>
      <ManufactureName>שטראוס גרופ בעמ</ManufactureName>
      <ManufactureCountry />
      <ManufactureItemDescription />
      <UnitQty>י"ח</UnitQty>
      <Quantity>100</Quantity>
      <UnitMeasure>ל  גרם</UnitMeasure>
      <BisWeighted>0</BisWeighted>
      <QtyInPackage>1</QtyInPackage>
      <ItemPrice>6.90</ItemPrice>
      <UnitOfMeasurePrice>6.90</UnitOfMeasurePrice>
      <AllowDiscount>1</AllowDiscount>
      <itemStatus>1</itemStatus>
      <LastUpdateDate />
      <LastUpdateTime />
    </Product>
    <Product>
      <PriceUpdateDate>2016/08/05 11:38</PriceUpdateDate>
      <ItemCode>7290107932745</ItemCode>
      <ItemType>1</ItemType>
      <ItemName>טעמי לבן  40גר</ItemName>
      <ManufactureName>שטראוס גרופ בעמ</ManufactureName>
      <ManufactureCountry />
      <ManufactureItemDescription />
      <UnitQty>י"ח</UnitQty>
      <Quantity>40</Quantity>
      <UnitMeasure>ל  גרם</UnitMeasure>
      <BisWeighted>0</BisWeighted>
      <QtyInPackage>1</QtyInPackage>
      <ItemPrice>3.90</ItemPrice>
      <UnitOfMeasurePrice>9.75</UnitOfMeasurePrice>
      <AllowDiscount>1</AllowDiscount>
      <itemStatus>1</itemStatus>
      <LastUpdateDate />
      <LastUpdateTime />
    </Product>
    <Product>
      <PriceUpdateDate>2019/12/30 14:29</PriceUpdateDate>
      <ItemCode>7290107932998</ItemCode>
      <ItemType>1</ItemType>
      <ItemName>דוריטוס אמזונס פלאפל   70גרם</ItemName>
      <ManufactureName>שטראוס פריטו ליי בעמ</ManufactureName>
      <ManufactureCountry />
      <ManufactureItemDescription />
      <UnitQty>י"ח</UnitQty>
      <Quantity>70</Quantity>
      <UnitMeasure>ל  גרם</UnitMeasure>
      <BisWeighted>0</BisWeighted>
      <QtyInPackage>1</QtyInPackage>
      <ItemPrice>3.90</ItemPrice>
      <UnitOfMeasurePrice>5.57</UnitOfMeasurePrice>
      <AllowDiscount>1</AllowDiscount>
      <itemStatus>1</itemStatus>
      <LastUpdateDate />
      <LastUpdateTime />
    </Product>
    <Product>
      <PriceUpdateDate>2018/07/15 15:22</PriceUpdateDate>
      <ItemCode>7290107933100</ItemCode>
      <ItemType>1</ItemType>
      <ItemName>פריכיות אנרג`י גדולות קצח דגנים 135גר</ItemName>
      <ManufactureName>שטראוס גרופ בעמ</ManufactureName>
      <ManufactureCountry />
      <ManufactureItemDescription />
      <UnitQty>י"ח</UnitQty>
      <Quantity>135</Quantity>
      <UnitMeasure>ל  גרם</UnitMeasure>
      <BisWeighted>0</BisWeighted>
      <QtyInPackage>1</QtyInPackage>
      <ItemPrice>13.50</ItemPrice>
      <UnitOfMeasurePrice>10</UnitOfMeasurePrice>
      <AllowDiscount>1</AllowDiscount>
      <itemStatus>1</itemStatus>
      <LastUpdateDate />
      <LastUpdateTime />
    </Product>
    <Product>
      <PriceUpdateDate>2018/07/15 15:22</PriceUpdateDate>
      <ItemCode>7290107933117</ItemCode>
      <ItemType>1</ItemType>
      <ItemName>פריכיות אנרג`י גדולות 3דגנים 135גר</ItemName>
      <ManufactureName>שטראוס גרופ בעמ</ManufactureName>
      <ManufactureCountry />
      <ManufactureItemDescription />
      <UnitQty>י"ח</UnitQty>
      <Quantity>135</Quantity>
      <UnitMeasure>ל  גרם</UnitMeasure>
      <BisWeighted>0</BisWeighted>
      <QtyInPackage>1</QtyInPackage>
      <ItemPrice>13.50</ItemPrice>
      <UnitOfMeasurePrice>10</UnitOfMeasurePrice>
      <AllowDiscount>1</AllowDiscount>
      <itemStatus>1</itemStatus>
      <LastUpdateDate />
      <LastUpdateTime />
    </Product>
    <Product>
      <PriceUpdateDate>2018/12/31 14:23</PriceUpdateDate>
      <ItemCode>7290107933834</ItemCode>
      <ItemType>1</ItemType>
      <ItemName>צ יטוס גבינה  XXL 60ג</ItemName>
      <ManufactureName>שטראוס פריטו ליי בעמ</ManufactureName>
      <ManufactureCountry />
      <ManufactureItemDescription />
      <UnitQty>י"ח</UnitQty>
      <Quantity>60</Quantity>
      <UnitMeasure>ל  גרם</UnitMeasure>
      <BisWeighted>0</BisWeighted>
      <QtyInPackage>1</QtyInPackage>
      <ItemPrice>3.50</ItemPrice>
      <UnitOfMeasurePrice>5.83</UnitOfMeasurePrice>
      <AllowDiscount>1</AllowDiscount>
      <itemStatus>1</itemStatus>
      <LastUpdateDate />
      <LastUpdateTime />
    </Product>
    <Product>
      <PriceUpdateDate>2019/12/30 14:29</PriceUpdateDate>
      <ItemCode>7290107933933</ItemCode>
      <ItemType>1</ItemType>
      <ItemName>דוריטוס מיני  חמוץ חריף 85 גרם</ItemName>
      <ManufactureName>שטראוס פריטו ליי בעמ</ManufactureName>
      <ManufactureCountry />
      <ManufactureItemDescription />
      <UnitQty>י"ח</UnitQty>
      <Quantity>70</Quantity>
      <UnitMeasure>ל  גרם</UnitMeasure>
      <BisWeighted>0</BisWeighted>
      <QtyInPackage>1</QtyInPackage>
      <ItemPrice>3.90</ItemPrice>
      <UnitOfMeasurePrice>5.57</UnitOfMeasurePrice>
      <AllowDiscount>1</AllowDiscount>
      <itemStatus>1</itemStatus>
      <LastUpdateDate />
      <LastUpdateTime />
    </Product>
    <Product>
      <PriceUpdateDate>2019/12/30 14:29</PriceUpdateDate>
      <ItemCode>7290107934022</ItemCode>
      <ItemType>1</ItemType>
      <ItemName>דוריטוס מיני חמוץ חריף 85 גרם</ItemName>
      <ManufactureName>שטראוס פריטו ליי בעמ</ManufactureName>
      <ManufactureCountry />
      <ManufactureItemDescription />
      <UnitQty>י"ח</UnitQty>
      <Quantity>70</Quantity>
      <UnitMeasure>ל  גרם</UnitMeasure>
      <BisWeighted>0</BisWeighted>
      <QtyInPackage>1</QtyInPackage>
      <ItemPrice>3.90</ItemPrice>
      <UnitOfMeasurePrice>5.57</UnitOfMeasurePrice>
      <AllowDiscount>1</AllowDiscount>
      <itemStatus>1</itemStatus>
      <LastUpdateDate />
      <LastUpdateTime />
    </Product>
    <Product>
      <PriceUpdateDate>2019/04/12 09:30</PriceUpdateDate>
      <ItemCode>7290107936422</ItemCode>
      <ItemType>1</ItemType>
      <ItemName>שוקולד אוורירי לבן 85גר</ItemName>
      <ManufactureName>שטראוס גרופ בעמ</ManufactureName>
      <ManufactureCountry />
      <ManufactureItemDescription />
      <UnitQty>י"ח</UnitQty>
      <Quantity>100</Quantity>
      <UnitMeasure>ל  גרם</UnitMeasure>
      <BisWeighted>0</BisWeighted>
      <QtyInPackage>1</QtyInPackage>
      <ItemPrice>5.90</ItemPrice>
      <UnitOfMeasurePrice>5.90</UnitOfMeasurePrice>
      <AllowDiscount>1</AllowDiscount>
      <itemStatus>1</itemStatus>
      <LastUpdateDate />
      <LastUpdateTime />
    </Product>
    <Product>
      <PriceUpdateDate>2019/04/12 09:30</PriceUpdateDate>
      <ItemCode>7290107937139</ItemCode>
      <ItemType>1</ItemType>
      <ItemName>מעדן פרי אפרסק פסיפלורה 250גר</ItemName>
      <ManufactureName>שטראוס גרופ בעמ</ManufactureName>
      <ManufactureCountry />
      <ManufactureItemDescription />
      <UnitQty>י"ח</UnitQty>
      <Quantity>250</Quantity>
      <UnitMeasure>ל  גרם</UnitMeasure>
      <BisWeighted>0</BisWeighted>
      <QtyInPackage>1</QtyInPackage>
      <ItemPrice>14.90</ItemPrice>
      <UnitOfMeasurePrice>5.96</UnitOfMeasurePrice>
      <AllowDiscount>1</AllowDiscount>
      <itemStatus>1</itemStatus>
      <LastUpdateDate />
      <LastUpdateTime />
    </Product>
    <Product>
      <PriceUpdateDate>2016/07/06 07:55</PriceUpdateDate>
      <ItemCode>7290107937498</ItemCode>
      <ItemType>1</ItemType>
      <ItemName>חרדל דיג ון גרעינים 350</ItemName>
      <ManufactureName>שטראוס גרופ בעמ</ManufactureName>
      <ManufactureCountry />
      <ManufactureItemDescription />
      <UnitQty>י"ח</UnitQty>
      <Quantity>350</Quantity>
      <UnitMeasure>ל  גרם</UnitMeasure>
      <BisWeighted>0</BisWeighted>
      <QtyInPackage>1</QtyInPackage>
      <ItemPrice>12.90</ItemPrice>
      <UnitOfMeasurePrice>3.69</UnitOfMeasurePrice>
      <AllowDiscount>1</AllowDiscount>
      <itemStatus>1</itemStatus>
      <LastUpdateDate />
      <LastUpdateTime />
    </Product>
    <Product>
      <PriceUpdateDate>2016/07/06 07:55</PriceUpdateDate>
      <ItemCode>7290107937504</ItemCode>
      <ItemType>1</ItemType>
      <ItemName>חרדל דיג ון גרעינים 350</ItemName>
      <ManufactureName>שטראוס גרופ בעמ</ManufactureName>
      <ManufactureCountry />
      <ManufactureItemDescription />
      <UnitQty>י"ח</UnitQty>
      <Quantity>350</Quantity>
      <UnitMeasure>ל  גרם</UnitMeasure>
      <BisWeighted>0</BisWeighted>
      <QtyInPackage>1</QtyInPackage>
      <ItemPrice>12.90</ItemPrice>
      <UnitOfMeasurePrice>3.69</UnitOfMeasurePrice>
      <AllowDiscount>1</AllowDiscount>
      <itemStatus>1</itemStatus>
      <LastUpdateDate />
      <LastUpdateTime />
    </Product>
    <Product>
      <PriceUpdateDate>2017/01/31 11:20</PriceUpdateDate>
      <ItemCode>7290107937597</ItemCode>
      <ItemType>1</ItemType>
      <ItemName>רבע לשבע אגוזים בד"ץ 27ג</ItemName>
      <ManufactureName>שטראוס גרופ בעמ</ManufactureName>
      <ManufactureCountry />
      <ManufactureItemDescription />
      <UnitQty>י"ח</UnitQty>
      <Quantity>27</Quantity>
      <UnitMeasure>ל  גרם</UnitMeasure>
      <BisWeighted>0</BisWeighted>
      <QtyInPackage>1</QtyInPackage>
      <ItemPrice>3.60</ItemPrice>
      <UnitOfMeasurePrice>13.33</UnitOfMeasurePrice>
      <AllowDiscount>1</AllowDiscount>
      <itemStatus>1</itemStatus>
      <LastUpdateDate />
      <LastUpdateTime />
    </Product>
    <Product>
      <PriceUpdateDate>2018/07/15 15:22</PriceUpdateDate>
      <ItemCode>7290107937627</ItemCode>
      <ItemType>1</ItemType>
      <ItemName>מסטיק מאסט קוביות ספירמינט  58ג</ItemName>
      <ManufactureName>שטראוס גרופ בעמ</ManufactureName>
      <ManufactureCountry />
      <ManufactureItemDescription />
      <UnitQty>י"ח</UnitQty>
      <Quantity>66</Quantity>
      <UnitMeasure>ל  גרם</UnitMeasure>
      <BisWeighted>0</BisWeighted>
      <QtyInPackage>1</QtyInPackage>
      <ItemPrice>9.90</ItemPrice>
      <UnitOfMeasurePrice>15</UnitOfMeasurePrice>
      <AllowDiscount>1</AllowDiscount>
      <itemStatus>1</itemStatus>
      <LastUpdateDate />
      <LastUpdateTime />
    </Product>
    <Product>
      <PriceUpdateDate>2018/07/15 15:22</PriceUpdateDate>
      <ItemCode>7290107937634</ItemCode>
      <ItemType>1</ItemType>
      <ItemName>מסטיק מאסט קוביות פפירמינט  58ג.</ItemName>
      <ManufactureName>שטראוס גרופ בעמ</ManufactureName>
      <ManufactureCountry />
      <ManufactureItemDescription />
      <UnitQty>י"ח</UnitQty>
      <Quantity>66</Quantity>
      <UnitMeasure>ל  גרם</UnitMeasure>
      <BisWeighted>0</BisWeighted>
      <QtyInPackage>1</QtyInPackage>
      <ItemPrice>9.90</ItemPrice>
      <UnitOfMeasurePrice>15</UnitOfMeasurePrice>
      <AllowDiscount>1</AllowDiscount>
      <itemStatus>1</itemStatus>
      <LastUpdateDate />
      <LastUpdateTime />
    </Product>
    <Product>
      <PriceUpdateDate>2018/07/15 15:22</PriceUpdateDate>
      <ItemCode>7290107937641</ItemCode>
      <ItemType>1</ItemType>
      <ItemName>מסטיק מאסט בזוקה 58ג</ItemName>
      <ManufactureName>שטראוס גרופ בעמ</ManufactureName>
      <ManufactureCountry />
      <ManufactureItemDescription />
      <UnitQty>י"ח</UnitQty>
      <Quantity>66</Quantity>
      <UnitMeasure>ל  גרם</UnitMeasure>
      <BisWeighted>0</BisWeighted>
      <QtyInPackage>1</QtyInPackage>
      <ItemPrice>9.90</ItemPrice>
      <UnitOfMeasurePrice>15</UnitOfMeasurePrice>
      <AllowDiscount>1</AllowDiscount>
      <itemStatus>1</itemStatus>
      <LastUpdateDate />
      <LastUpdateTime />
    </Product>
    <Product>
      <PriceUpdateDate>2019/05/06 09:54</PriceUpdateDate>
      <ItemCode>7290107937658</ItemCode>
      <ItemType>1</ItemType>
      <ItemName>מסטיק מאסט קוביות הדרים  58גללס</ItemName>
      <ManufactureName>שטראוס גרופ בעמ</ManufactureName>
      <ManufactureCountry />
      <ManufactureItemDescription />
      <UnitQty>י"ח</UnitQty>
      <Quantity>66</Quantity>
      <UnitMeasure>ל  גרם</UnitMeasure>
      <BisWeighted>0</BisWeighted>
      <QtyInPackage>1</QtyInPackage>
      <ItemPrice>9.90</ItemPrice>
      <UnitOfMeasurePrice>15</UnitOfMeasurePrice>
      <AllowDiscount>1</AllowDiscount>
      <itemStatus>1</itemStatus>
      <LastUpdateDate />
      <LastUpdateTime />
    </Product>
    <Product>
      <PriceUpdateDate>2019/08/16 09:21</PriceUpdateDate>
      <ItemCode>7290107937856</ItemCode>
      <ItemType>1</ItemType>
      <ItemName>קפסולות אספרסו מס11 למכונות נספרסו 50ג</ItemName>
      <ManufactureName>שטראוס גרופ בעמ</ManufactureName>
      <ManufactureCountry />
      <ManufactureItemDescription />
      <UnitQty>י"ח</UnitQty>
      <Quantity>50</Quantity>
      <UnitMeasure>ל  גרם</UnitMeasure>
      <BisWeighted>0</BisWeighted>
      <QtyInPackage>1</QtyInPackage>
      <ItemPrice>17.90</ItemPrice>
      <UnitOfMeasurePrice>35.80</UnitOfMeasurePrice>
      <AllowDiscount>1</AllowDiscount>
      <itemStatus>1</itemStatus>
      <LastUpdateDate />
      <LastUpdateTime />
    </Product>
    <Product>
      <PriceUpdateDate>2019/12/30 14:29</PriceUpdateDate>
      <ItemCode>7290107939881</ItemCode>
      <ItemType>1</ItemType>
      <ItemName>דוריטוס טקסס גריל 70 גרם</ItemName>
      <ManufactureName>שטראוס פריטו ליי בעמ</ManufactureName>
      <ManufactureCountry />
      <ManufactureItemDescription />
      <UnitQty>י"ח</UnitQty>
      <Quantity>70</Quantity>
      <UnitMeasure>ל  גרם</UnitMeasure>
      <BisWeighted>0</BisWeighted>
      <QtyInPackage>1</QtyInPackage>
      <ItemPrice>3.90</ItemPrice>
      <UnitOfMeasurePrice>5.57</UnitOfMeasurePrice>
      <AllowDiscount>1</AllowDiscount>
      <itemStatus>1</itemStatus>
      <LastUpdateDate />
      <LastUpdateTime />
    </Product>
    <Product>
      <PriceUpdateDate>2017/02/22 08:50</PriceUpdateDate>
      <ItemCode>7290107939911</ItemCode>
      <ItemType>1</ItemType>
      <ItemName>טעמי שוקו כשל"פ 40גר</ItemName>
      <ManufactureName>שטראוס גרופ בעמ</ManufactureName>
      <ManufactureCountry />
      <ManufactureItemDescription />
      <UnitQty>י"ח</UnitQty>
      <Quantity>40</Quantity>
      <UnitMeasure>ל  גרם</UnitMeasure>
      <BisWeighted>0</BisWeighted>
      <QtyInPackage>1</QtyInPackage>
      <ItemPrice>3.90</ItemPrice>
      <UnitOfMeasurePrice>9.75</UnitOfMeasurePrice>
      <AllowDiscount>1</AllowDiscount>
      <itemStatus>1</itemStatus>
      <LastUpdateDate />
      <LastUpdateTime />
    </Product>
    <Product>
      <PriceUpdateDate>2017/02/22 08:50</PriceUpdateDate>
      <ItemCode>7290107939928</ItemCode>
      <ItemType>1</ItemType>
      <ItemName>אגוזי קפה  כשל"פ 45גר</ItemName>
      <ManufactureName>שטראוס גרופ בעמ</ManufactureName>
      <ManufactureCountry />
      <ManufactureItemDescription />
      <UnitQty>י"ח</UnitQty>
      <Quantity>45</Quantity>
      <UnitMeasure>ל  גרם</UnitMeasure>
      <BisWeighted>0</BisWeighted>
      <QtyInPackage>1</QtyInPackage>
      <ItemPrice>3.90</ItemPrice>
      <UnitOfMeasurePrice>8.67</UnitOfMeasurePrice>
      <AllowDiscount>1</AllowDiscount>
      <itemStatus>1</itemStatus>
      <LastUpdateDate />
      <LastUpdateTime />
    </Product>
    <Product>
      <PriceUpdateDate>2019/01/21 08:54</PriceUpdateDate>
      <ItemCode>7290107940030</ItemCode>
      <ItemType>1</ItemType>
      <ItemName>חומוס אחלה 650גר שטראוס</ItemName>
      <ManufactureName>שטראוס גרופ ***בעמ</ManufactureName>
      <ManufactureCountry />
      <ManufactureItemDescription />
      <UnitQty>י"ח</UnitQty>
      <Quantity>500</Quantity>
      <UnitMeasure>ל  גרם</UnitMeasure>
      <BisWeighted>0</BisWeighted>
      <QtyInPackage>1</QtyInPackage>
      <ItemPrice>10.90</ItemPrice>
      <UnitOfMeasurePrice>2.18</UnitOfMeasurePrice>
      <AllowDiscount>1</AllowDiscount>
      <itemStatus>1</itemStatus>
      <LastUpdateDate />
      <LastUpdateTime />
    </Product>
    <Product>
      <PriceUpdateDate>2016/09/19 09:47</PriceUpdateDate>
      <ItemCode>7290107942195</ItemCode>
      <ItemType>1</ItemType>
      <ItemName>רולדה ממולדה</ItemName>
      <ManufactureName>שטראוס גרופ בעמ</ManufactureName>
      <ManufactureCountry />
      <ManufactureItemDescription />
      <UnitQty>י"ח</UnitQty>
      <Quantity>400</Quantity>
      <UnitMeasure>ל  גרם</UnitMeasure>
      <BisWeighted>0</BisWeighted>
      <QtyInPackage>1</QtyInPackage>
      <ItemPrice>15.90</ItemPrice>
      <UnitOfMeasurePrice>3.98</UnitOfMeasurePrice>
      <AllowDiscount>1</AllowDiscount>
      <itemStatus>1</itemStatus>
      <LastUpdateDate />
      <LastUpdateTime />
    </Product>
    <Product>
      <PriceUpdateDate>2016/11/24 09:41</PriceUpdateDate>
      <ItemCode>7290107942515</ItemCode>
      <ItemType>1</ItemType>
      <ItemName>שוש 65גר פרחים</ItemName>
      <ManufactureName>שטראוס פריטו ליי בעמ</ManufactureName>
      <ManufactureCountry />
      <ManufactureItemDescription />
      <UnitQty>י"ח</UnitQty>
      <Quantity>65</Quantity>
      <UnitMeasure>ל  גרם</UnitMeasure>
      <BisWeighted>0</BisWeighted>
      <QtyInPackage>1</QtyInPackage>
      <ItemPrice>2.90</ItemPrice>
      <UnitOfMeasurePrice>4.46</UnitOfMeasurePrice>
      <AllowDiscount>1</AllowDiscount>
      <itemStatus>1</itemStatus>
      <LastUpdateDate />
      <LastUpdateTime />
    </Product>
    <Product>
      <PriceUpdateDate>2016/11/22 14:10</PriceUpdateDate>
      <ItemCode>7290107942539</ItemCode>
      <ItemType>1</ItemType>
      <ItemName>שוש פרחים 80 גרם</ItemName>
      <ManufactureName>שטראוס פריטו ליי בעמ</ManufactureName>
      <ManufactureCountry />
      <ManufactureItemDescription />
      <UnitQty>י"ח</UnitQty>
      <Quantity>80</Quantity>
      <UnitMeasure>ל  גרם</UnitMeasure>
      <BisWeighted>0</BisWeighted>
      <QtyInPackage>1</QtyInPackage>
      <ItemPrice>3.90</ItemPrice>
      <UnitOfMeasurePrice>4.88</UnitOfMeasurePrice>
      <AllowDiscount>1</AllowDiscount>
      <itemStatus>1</itemStatus>
      <LastUpdateDate />
      <LastUpdateTime />
    </Product>
    <Product>
      <PriceUpdateDate>2017/06/04 13:15</PriceUpdateDate>
      <ItemCode>7290107942621</ItemCode>
      <ItemType>1</ItemType>
      <ItemName>טבעות בצל 60ג</ItemName>
      <ManufactureName>שטראוס פריטו ליי בעמ</ManufactureName>
      <ManufactureCountry />
      <ManufactureItemDescription />
      <UnitQty>י"ח</UnitQty>
      <Quantity>0.60</Quantity>
      <UnitMeasure>י"ח</UnitMeasure>
      <BisWeighted>0</BisWeighted>
      <QtyInPackage>1</QtyInPackage>
      <ItemPrice>3.90</ItemPrice>
      <UnitOfMeasurePrice>6.50</UnitOfMeasurePrice>
      <AllowDiscount>1</AllowDiscount>
      <itemStatus>1</itemStatus>
      <LastUpdateDate />
      <LastUpdateTime />
    </Product>
    <Product>
      <PriceUpdateDate>2017/08/15 08:22</PriceUpdateDate>
      <ItemCode>7290107942706</ItemCode>
      <ItemType>1</ItemType>
      <ItemName>כוכבים 40ג</ItemName>
      <ManufactureName>שטראוס פריטו ליי בעמ</ManufactureName>
      <ManufactureCountry />
      <ManufactureItemDescription />
      <UnitQty>י"ח</UnitQty>
      <Quantity>0.60</Quantity>
      <UnitMeasure>י"ח</UnitMeasure>
      <BisWeighted>0</BisWeighted>
      <QtyInPackage>1</QtyInPackage>
      <ItemPrice>3.90</ItemPrice>
      <UnitOfMeasurePrice>6.50</UnitOfMeasurePrice>
      <AllowDiscount>1</AllowDiscount>
      <itemStatus>1</itemStatus>
      <LastUpdateDate />
      <LastUpdateTime />
    </Product>
    <Product>
      <PriceUpdateDate>2019/12/30 14:29</PriceUpdateDate>
      <ItemCode>7290107942973</ItemCode>
      <ItemType>1</ItemType>
      <ItemName>דוריטוס אקס ציז  70 גרם</ItemName>
      <ManufactureName>שטראוס פריטו ליי בעמ</ManufactureName>
      <ManufactureCountry />
      <ManufactureItemDescription />
      <UnitQty>י"ח</UnitQty>
      <Quantity>70</Quantity>
      <UnitMeasure>ל  גרם</UnitMeasure>
      <BisWeighted>0</BisWeighted>
      <QtyInPackage>1</QtyInPackage>
      <ItemPrice>3.90</ItemPrice>
      <UnitOfMeasurePrice>5.57</UnitOfMeasurePrice>
      <AllowDiscount>1</AllowDiscount>
      <itemStatus>1</itemStatus>
      <LastUpdateDate />
      <LastUpdateTime />
    </Product>
    <Product>
      <PriceUpdateDate>2019/12/30 14:29</PriceUpdateDate>
      <ItemCode>7290107942997</ItemCode>
      <ItemType>1</ItemType>
      <ItemName>דוריטוס שקשוקה 70ג כשל"פ</ItemName>
      <ManufactureName>שטראוס פריטו ליי בעמ</ManufactureName>
      <ManufactureCountry />
      <ManufactureItemDescription />
      <UnitQty>י"ח</UnitQty>
      <Quantity>70</Quantity>
      <UnitMeasure>ל  גרם</UnitMeasure>
      <BisWeighted>0</BisWeighted>
      <QtyInPackage>1</QtyInPackage>
      <ItemPrice>3.90</ItemPrice>
      <UnitOfMeasurePrice>5.57</UnitOfMeasurePrice>
      <AllowDiscount>1</AllowDiscount>
      <itemStatus>1</itemStatus>
      <LastUpdateDate />
      <LastUpdateTime />
    </Product>
    <Product>
      <PriceUpdateDate>2017/10/04 08:02</PriceUpdateDate>
      <ItemCode>7290107943550</ItemCode>
      <ItemType>1</ItemType>
      <ItemName>עוגיות שוקולדצ`יפס שחור לבן 180גר</ItemName>
      <ManufactureName>שטראוס גרופ בעמ</ManufactureName>
      <ManufactureCountry />
      <ManufactureItemDescription />
      <UnitQty>י"ח</UnitQty>
      <Quantity>180</Quantity>
      <UnitMeasure>ל  גרם</UnitMeasure>
      <BisWeighted>0</BisWeighted>
      <QtyInPackage>1</QtyInPackage>
      <ItemPrice>9.90</ItemPrice>
      <UnitOfMeasurePrice>5.50</UnitOfMeasurePrice>
      <AllowDiscount>1</AllowDiscount>
      <itemStatus>1</itemStatus>
      <LastUpdateDate />
      <LastUpdateTime />
    </Product>
    <Product>
      <PriceUpdateDate>2017/06/19 11:00</PriceUpdateDate>
      <ItemCode>7290107944236</ItemCode>
      <ItemType>1</ItemType>
      <ItemName>רולדה קפה נמס 350גר</ItemName>
      <ManufactureName>שטראוס גרופ בעמ</ManufactureName>
      <ManufactureCountry />
      <ManufactureItemDescription />
      <UnitQty>י"ח</UnitQty>
      <Quantity>350</Quantity>
      <UnitMeasure>ל  גרם</UnitMeasure>
      <BisWeighted>0</BisWeighted>
      <QtyInPackage>1</QtyInPackage>
      <ItemPrice>15.90</ItemPrice>
      <UnitOfMeasurePrice>4.54</UnitOfMeasurePrice>
      <AllowDiscount>1</AllowDiscount>
      <itemStatus>1</itemStatus>
      <LastUpdateDate />
      <LastUpdateTime />
    </Product>
    <Product>
      <PriceUpdateDate>2019/08/16 09:21</PriceUpdateDate>
      <ItemCode>7290107944281</ItemCode>
      <ItemType>1</ItemType>
      <ItemName>קפסולות קפוצ`ינו למכונות נספרסו 50גר</ItemName>
      <ManufactureName>שטראוס גרופ בעמ</ManufactureName>
      <ManufactureCountry />
      <ManufactureItemDescription />
      <UnitQty>י"ח</UnitQty>
      <Quantity>50</Quantity>
      <UnitMeasure>ל  גרם</UnitMeasure>
      <BisWeighted>0</BisWeighted>
      <QtyInPackage>1</QtyInPackage>
      <ItemPrice>17.90</ItemPrice>
      <UnitOfMeasurePrice>35.80</UnitOfMeasurePrice>
      <AllowDiscount>1</AllowDiscount>
      <itemStatus>1</itemStatus>
      <LastUpdateDate />
      <LastUpdateTime />
    </Product>
    <Product>
      <PriceUpdateDate>2019/06/02 10:01</PriceUpdateDate>
      <ItemCode>7290107944366</ItemCode>
      <ItemType>1</ItemType>
      <ItemName>רבע לשבע לבן 120גר`</ItemName>
      <ManufactureName>שטראוס גרופ בעמ</ManufactureName>
      <ManufactureCountry />
      <ManufactureItemDescription />
      <UnitQty>י"ח</UnitQty>
      <Quantity>120</Quantity>
      <UnitMeasure>ל  גרם</UnitMeasure>
      <BisWeighted>0</BisWeighted>
      <QtyInPackage>1</QtyInPackage>
      <ItemPrice>11.90</ItemPrice>
      <UnitOfMeasurePrice>9.92</UnitOfMeasurePrice>
      <AllowDiscount>1</AllowDiscount>
      <itemStatus>1</itemStatus>
      <LastUpdateDate />
      <LastUpdateTime />
    </Product>
    <Product>
      <PriceUpdateDate>2018/07/15 15:22</PriceUpdateDate>
      <ItemCode>7290107944380</ItemCode>
      <ItemType>1</ItemType>
      <ItemName>אגוזי כשל"פ 45גר</ItemName>
      <ManufactureName>שטראוס גרופ בעמ</ManufactureName>
      <ManufactureCountry />
      <ManufactureItemDescription />
      <UnitQty>י"ח</UnitQty>
      <Quantity>45</Quantity>
      <UnitMeasure>ל  גרם</UnitMeasure>
      <BisWeighted>0</BisWeighted>
      <QtyInPackage>1</QtyInPackage>
      <ItemPrice>4.90</ItemPrice>
      <UnitOfMeasurePrice>10.89</UnitOfMeasurePrice>
      <AllowDiscount>1</AllowDiscount>
      <itemStatus>1</itemStatus>
      <LastUpdateDate />
      <LastUpdateTime />
    </Product>
    <Product>
      <PriceUpdateDate>2019/06/02 10:01</PriceUpdateDate>
      <ItemCode>7290107944540</ItemCode>
      <ItemType>1</ItemType>
      <ItemName>רבע לשבע ארטיק שוקו בננה  120גר</ItemName>
      <ManufactureName>שטראוס גרופ בעמ</ManufactureName>
      <ManufactureCountry />
      <ManufactureItemDescription />
      <UnitQty>י"ח</UnitQty>
      <Quantity>120</Quantity>
      <UnitMeasure>ל  גרם</UnitMeasure>
      <BisWeighted>0</BisWeighted>
      <QtyInPackage>1</QtyInPackage>
      <ItemPrice>11.90</ItemPrice>
      <UnitOfMeasurePrice>9.92</UnitOfMeasurePrice>
      <AllowDiscount>1</AllowDiscount>
      <itemStatus>1</itemStatus>
      <LastUpdateDate />
      <LastUpdateTime />
    </Product>
    <Product>
      <PriceUpdateDate>2019/06/02 10:01</PriceUpdateDate>
      <ItemCode>7290107944557</ItemCode>
      <ItemType>1</ItemType>
      <ItemName>רבע לשבע גלידה שמנת ותות 120גר</ItemName>
      <ManufactureName>שטראוס גרופ בעמ</ManufactureName>
      <ManufactureCountry />
      <ManufactureItemDescription />
      <UnitQty>י"ח</UnitQty>
      <Quantity>120</Quantity>
      <UnitMeasure>ל  גרם</UnitMeasure>
      <BisWeighted>0</BisWeighted>
      <QtyInPackage>1</QtyInPackage>
      <ItemPrice>11.90</ItemPrice>
      <UnitOfMeasurePrice>9.92</UnitOfMeasurePrice>
      <AllowDiscount>1</AllowDiscount>
      <itemStatus>1</itemStatus>
      <LastUpdateDate />
      <LastUpdateTime />
    </Product>
    <Product>
      <PriceUpdateDate>2018/07/17 08:48</PriceUpdateDate>
      <ItemCode>7290107944816</ItemCode>
      <ItemType>1</ItemType>
      <ItemName>שוקולד אקסטרא עוגיות קרמל ושקדים</ItemName>
      <ManufactureName>שטראוס גרופ בעמ</ManufactureName>
      <ManufactureCountry />
      <ManufactureItemDescription />
      <UnitQty>י"ח</UnitQty>
      <Quantity>100</Quantity>
      <UnitMeasure>ל  גרם</UnitMeasure>
      <BisWeighted>0</BisWeighted>
      <QtyInPackage>1</QtyInPackage>
      <ItemPrice>6.90</ItemPrice>
      <UnitOfMeasurePrice>6.90</UnitOfMeasurePrice>
      <AllowDiscount>1</AllowDiscount>
      <itemStatus>1</itemStatus>
      <LastUpdateDate />
      <LastUpdateTime />
    </Product>
    <Product>
      <PriceUpdateDate>2018/07/15 15:22</PriceUpdateDate>
      <ItemCode>7290107944823</ItemCode>
      <ItemType>1</ItemType>
      <ItemName>שוקולד אקסטרא קרם שוקולד ואגוזים</ItemName>
      <ManufactureName>שטראוס גרופ בעמ</ManufactureName>
      <ManufactureCountry />
      <ManufactureItemDescription />
      <UnitQty>י"ח</UnitQty>
      <Quantity>100</Quantity>
      <UnitMeasure>ל  גרם</UnitMeasure>
      <BisWeighted>0</BisWeighted>
      <QtyInPackage>1</QtyInPackage>
      <ItemPrice>6.90</ItemPrice>
      <UnitOfMeasurePrice>6.90</UnitOfMeasurePrice>
      <AllowDiscount>1</AllowDiscount>
      <itemStatus>1</itemStatus>
      <LastUpdateDate />
      <LastUpdateTime />
    </Product>
    <Product>
      <PriceUpdateDate>2020/02/03 14:12</PriceUpdateDate>
      <ItemCode>7290107945165</ItemCode>
      <ItemType>1</ItemType>
      <ItemName>קונפיטורה משמש 340גר</ItemName>
      <ManufactureName>שטראוס גרופ בעמ</ManufactureName>
      <ManufactureCountry />
      <ManufactureItemDescription />
      <UnitQty>י"ח</UnitQty>
      <Quantity>340</Quantity>
      <UnitMeasure>ל  גרם</UnitMeasure>
      <BisWeighted>0</BisWeighted>
      <QtyInPackage>1</QtyInPackage>
      <ItemPrice>12.90</ItemPrice>
      <UnitOfMeasurePrice>3.79</UnitOfMeasurePrice>
      <AllowDiscount>1</AllowDiscount>
      <itemStatus>1</itemStatus>
      <LastUpdateDate />
      <LastUpdateTime />
    </Product>
    <Product>
      <PriceUpdateDate>2018/08/01 13:04</PriceUpdateDate>
      <ItemCode>7290107947992</ItemCode>
      <ItemType>1</ItemType>
      <ItemName>שוקולד אקסטרה חלב 100ג</ItemName>
      <ManufactureName>שטראוס גרופ בעמ</ManufactureName>
      <ManufactureCountry />
      <ManufactureItemDescription />
      <UnitQty>י"ח</UnitQty>
      <Quantity>105</Quantity>
      <UnitMeasure>ל  גרם</UnitMeasure>
      <BisWeighted>0</BisWeighted>
      <QtyInPackage>1</QtyInPackage>
      <ItemPrice>6.90</ItemPrice>
      <UnitOfMeasurePrice>6.57</UnitOfMeasurePrice>
      <AllowDiscount>1</AllowDiscount>
      <itemStatus>1</itemStatus>
      <LastUpdateDate />
      <LastUpdateTime />
    </Product>
    <Product>
      <PriceUpdateDate>2018/08/01 13:04</PriceUpdateDate>
      <ItemCode>7290107948005</ItemCode>
      <ItemType>1</ItemType>
      <ItemName>שוקולד אקסטרא וניל עוגיות שוק 100ג</ItemName>
      <ManufactureName>שטראוס גרופ בעמ</ManufactureName>
      <ManufactureCountry />
      <ManufactureItemDescription />
      <UnitQty>י"ח</UnitQty>
      <Quantity>100</Quantity>
      <UnitMeasure>ל  גרם</UnitMeasure>
      <BisWeighted>0</BisWeighted>
      <QtyInPackage>1</QtyInPackage>
      <ItemPrice>6.90</ItemPrice>
      <UnitOfMeasurePrice>6.90</UnitOfMeasurePrice>
      <AllowDiscount>1</AllowDiscount>
      <itemStatus>1</itemStatus>
      <LastUpdateDate />
      <LastUpdateTime />
    </Product>
    <Product>
      <PriceUpdateDate>2018/08/01 13:04</PriceUpdateDate>
      <ItemCode>7290107948012</ItemCode>
      <ItemType>1</ItemType>
      <ItemName>שוקולד אקסטרא קרם יוגורט תות  100ג</ItemName>
      <ManufactureName>שטראוס גרופ בעמ</ManufactureName>
      <ManufactureCountry />
      <ManufactureItemDescription />
      <UnitQty>י"ח</UnitQty>
      <Quantity>100</Quantity>
      <UnitMeasure>ל  גרם</UnitMeasure>
      <BisWeighted>0</BisWeighted>
      <QtyInPackage>1</QtyInPackage>
      <ItemPrice>6.90</ItemPrice>
      <UnitOfMeasurePrice>6.90</UnitOfMeasurePrice>
      <AllowDiscount>1</AllowDiscount>
      <itemStatus>1</itemStatus>
      <LastUpdateDate />
      <LastUpdateTime />
    </Product>
    <Product>
      <PriceUpdateDate>2018/08/01 13:04</PriceUpdateDate>
      <ItemCode>7290107948029</ItemCode>
      <ItemType>1</ItemType>
      <ItemName>שוקולד אקסטרא צימוקים ואגוזים  100ג</ItemName>
      <ManufactureName>שטראוס גרופ בעמ</ManufactureName>
      <ManufactureCountry />
      <ManufactureItemDescription />
      <UnitQty>י"ח</UnitQty>
      <Quantity>100</Quantity>
      <UnitMeasure>ל  גרם</UnitMeasure>
      <BisWeighted>0</BisWeighted>
      <QtyInPackage>1</QtyInPackage>
      <ItemPrice>6.90</ItemPrice>
      <UnitOfMeasurePrice>6.90</UnitOfMeasurePrice>
      <AllowDiscount>1</AllowDiscount>
      <itemStatus>1</itemStatus>
      <LastUpdateDate />
      <LastUpdateTime />
    </Product>
    <Product>
      <PriceUpdateDate>2019/05/06 09:54</PriceUpdateDate>
      <ItemCode>7290107948098</ItemCode>
      <ItemType>1</ItemType>
      <ItemName>מסטיק  עלמה טעם בזוקה 66ג צנצנת</ItemName>
      <ManufactureName>שטראוס גרופ בעמ</ManufactureName>
      <ManufactureCountry />
      <ManufactureItemDescription />
      <UnitQty>י"ח</UnitQty>
      <Quantity>66</Quantity>
      <UnitMeasure>ל  גרם</UnitMeasure>
      <BisWeighted>0</BisWeighted>
      <QtyInPackage>1</QtyInPackage>
      <ItemPrice>9.90</ItemPrice>
      <UnitOfMeasurePrice>15</UnitOfMeasurePrice>
      <AllowDiscount>1</AllowDiscount>
      <itemStatus>1</itemStatus>
      <LastUpdateDate />
      <LastUpdateTime />
    </Product>
    <Product>
      <PriceUpdateDate>2018/09/20 07:21</PriceUpdateDate>
      <ItemCode>7290107948333</ItemCode>
      <ItemType>1</ItemType>
      <ItemName>מקופלת ספלנדיד עלית</ItemName>
      <ManufactureName>שטראוס גרופ בעמ</ManufactureName>
      <ManufactureCountry />
      <ManufactureItemDescription />
      <UnitQty>י"ח</UnitQty>
      <Quantity>25</Quantity>
      <UnitMeasure>ל  גרם</UnitMeasure>
      <BisWeighted>0</BisWeighted>
      <QtyInPackage>1</QtyInPackage>
      <ItemPrice>3.90</ItemPrice>
      <UnitOfMeasurePrice>15.60</UnitOfMeasurePrice>
      <AllowDiscount>1</AllowDiscount>
      <itemStatus>1</itemStatus>
      <LastUpdateDate />
      <LastUpdateTime />
    </Product>
    <Product>
      <PriceUpdateDate>2019/07/01 13:20</PriceUpdateDate>
      <ItemCode>7290107950336</ItemCode>
      <ItemType>1</ItemType>
      <ItemName>מילקי טופ מגולגלת מריר 143גר</ItemName>
      <ManufactureName>שטראוס גרופ ***בעמ</ManufactureName>
      <ManufactureCountry />
      <ManufactureItemDescription />
      <UnitQty>י"ח</UnitQty>
      <Quantity>143</Quantity>
      <UnitMeasure>ל  גרם</UnitMeasure>
      <BisWeighted>0</BisWeighted>
      <QtyInPackage>1</QtyInPackage>
      <ItemPrice>4.80</ItemPrice>
      <UnitOfMeasurePrice>3.36</UnitOfMeasurePrice>
      <AllowDiscount>1</AllowDiscount>
      <itemStatus>1</itemStatus>
      <LastUpdateDate />
      <LastUpdateTime />
    </Product>
    <Product>
      <PriceUpdateDate>2017/02/12 08:05</PriceUpdateDate>
      <ItemCode>7290107950459</ItemCode>
      <ItemType>1</ItemType>
      <ItemName>סקי פירות יער 3% 125גר</ItemName>
      <ManufactureName>שטראוס גרופ ***בעמ</ManufactureName>
      <ManufactureCountry />
      <ManufactureItemDescription />
      <UnitQty>י"ח</UnitQty>
      <Quantity>125</Quantity>
      <UnitMeasure>ל  גרם</UnitMeasure>
      <BisWeighted>0</BisWeighted>
      <QtyInPackage>1</QtyInPackage>
      <ItemPrice>3.90</ItemPrice>
      <UnitOfMeasurePrice>3.12</UnitOfMeasurePrice>
      <AllowDiscount>1</AllowDiscount>
      <itemStatus>1</itemStatus>
      <LastUpdateDate />
      <LastUpdateTime />
    </Product>
    <Product>
      <PriceUpdateDate>2020/02/03 14:12</PriceUpdateDate>
      <ItemCode>7290107951210</ItemCode>
      <ItemType>1</ItemType>
      <ItemName>קונפיטורה תות עם פולי קקאו 340גר</ItemName>
      <ManufactureName>שטראוס גרופ בעמ</ManufactureName>
      <ManufactureCountry />
      <ManufactureItemDescription />
      <UnitQty>י"ח</UnitQty>
      <Quantity>340</Quantity>
      <UnitMeasure>ל  גרם</UnitMeasure>
      <BisWeighted>0</BisWeighted>
      <QtyInPackage>1</QtyInPackage>
      <ItemPrice>12.90</ItemPrice>
      <UnitOfMeasurePrice>3.79</UnitOfMeasurePrice>
      <AllowDiscount>1</AllowDiscount>
      <itemStatus>1</itemStatus>
      <LastUpdateDate />
      <LastUpdateTime />
    </Product>
    <Product>
      <PriceUpdateDate>2020/02/03 14:12</PriceUpdateDate>
      <ItemCode>7290107951227</ItemCode>
      <ItemType>1</ItemType>
      <ItemName>קונפיטורה תות טעם וניל 340גר</ItemName>
      <ManufactureName>שטראוס גרופ בעמ</ManufactureName>
      <ManufactureCountry />
      <ManufactureItemDescription />
      <UnitQty>י"ח</UnitQty>
      <Quantity>340</Quantity>
      <UnitMeasure>ל  גרם</UnitMeasure>
      <BisWeighted>0</BisWeighted>
      <QtyInPackage>1</QtyInPackage>
      <ItemPrice>12.90</ItemPrice>
      <UnitOfMeasurePrice>3.79</UnitOfMeasurePrice>
      <AllowDiscount>1</AllowDiscount>
      <itemStatus>1</itemStatus>
      <LastUpdateDate />
      <LastUpdateTime />
    </Product>
    <Product>
      <PriceUpdateDate>2020/02/03 14:12</PriceUpdateDate>
      <ItemCode>7290107951241</ItemCode>
      <ItemType>1</ItemType>
      <ItemName>קונפיטורה תפוז מנדרינה 340גר</ItemName>
      <ManufactureName>שטראוס גרופ בעמ</ManufactureName>
      <ManufactureCountry />
      <ManufactureItemDescription />
      <UnitQty>י"ח</UnitQty>
      <Quantity>340</Quantity>
      <UnitMeasure>ל  גרם</UnitMeasure>
      <BisWeighted>0</BisWeighted>
      <QtyInPackage>1</QtyInPackage>
      <ItemPrice>12.90</ItemPrice>
      <UnitOfMeasurePrice>3.79</UnitOfMeasurePrice>
      <AllowDiscount>1</AllowDiscount>
      <itemStatus>1</itemStatus>
      <LastUpdateDate />
      <LastUpdateTime />
    </Product>
    <Product>
      <PriceUpdateDate>2020/02/03 14:12</PriceUpdateDate>
      <ItemCode>7290107951258</ItemCode>
      <ItemType>1</ItemType>
      <ItemName>קונפיטורה שזיף 340גר</ItemName>
      <ManufactureName>שטראוס גרופ בעמ</ManufactureName>
      <ManufactureCountry />
      <ManufactureItemDescription />
      <UnitQty>י"ח</UnitQty>
      <Quantity>340</Quantity>
      <UnitMeasure>ל  גרם</UnitMeasure>
      <BisWeighted>0</BisWeighted>
      <QtyInPackage>1</QtyInPackage>
      <ItemPrice>12.90</ItemPrice>
      <UnitOfMeasurePrice>3.79</UnitOfMeasurePrice>
      <AllowDiscount>1</AllowDiscount>
      <itemStatus>1</itemStatus>
      <LastUpdateDate />
      <LastUpdateTime />
    </Product>
    <Product>
      <PriceUpdateDate>2017/11/02 09:30</PriceUpdateDate>
      <ItemCode>7290107951548</ItemCode>
      <ItemType>1</ItemType>
      <ItemName>בלונדי שוקולד דקשים 100גר.</ItemName>
      <ManufactureName>שטראוס גרופ בעמ</ManufactureName>
      <ManufactureCountry />
      <ManufactureItemDescription />
      <UnitQty>י"ח</UnitQty>
      <Quantity>1</Quantity>
      <UnitMeasure>י"ח</UnitMeasure>
      <BisWeighted>0</BisWeighted>
      <QtyInPackage>1</QtyInPackage>
      <ItemPrice>7.90</ItemPrice>
      <UnitOfMeasurePrice>7.90</UnitOfMeasurePrice>
      <AllowDiscount>1</AllowDiscount>
      <itemStatus>1</itemStatus>
      <LastUpdateDate />
      <LastUpdateTime />
    </Product>
    <Product>
      <PriceUpdateDate>2018/07/15 15:22</PriceUpdateDate>
      <ItemCode>7290107951593</ItemCode>
      <ItemType>1</ItemType>
      <ItemName>שוקולד פרה במילוי תות כשל"פ 50גר</ItemName>
      <ManufactureName>שטראוס גרופ בעמ</ManufactureName>
      <ManufactureCountry />
      <ManufactureItemDescription />
      <UnitQty>י"ח</UnitQty>
      <Quantity>50</Quantity>
      <UnitMeasure>ל  גרם</UnitMeasure>
      <BisWeighted>0</BisWeighted>
      <QtyInPackage>1</QtyInPackage>
      <ItemPrice>4.90</ItemPrice>
      <UnitOfMeasurePrice>9.80</UnitOfMeasurePrice>
      <AllowDiscount>1</AllowDiscount>
      <itemStatus>1</itemStatus>
      <LastUpdateDate />
      <LastUpdateTime />
    </Product>
    <Product>
      <PriceUpdateDate>2017/11/02 09:30</PriceUpdateDate>
      <ItemCode>7290107951623</ItemCode>
      <ItemType>1</ItemType>
      <ItemName>בלונדי שוקולד קרמל ומלח 100גר</ItemName>
      <ManufactureName>שטראוס גרופ בעמ</ManufactureName>
      <ManufactureCountry />
      <ManufactureItemDescription />
      <UnitQty>י"ח</UnitQty>
      <Quantity>1</Quantity>
      <UnitMeasure>י"ח</UnitMeasure>
      <BisWeighted>0</BisWeighted>
      <QtyInPackage>1</QtyInPackage>
      <ItemPrice>7.90</ItemPrice>
      <UnitOfMeasurePrice>7.90</UnitOfMeasurePrice>
      <AllowDiscount>1</AllowDiscount>
      <itemStatus>1</itemStatus>
      <LastUpdateDate />
      <LastUpdateTime />
    </Product>
    <Product>
      <PriceUpdateDate>2017/11/02 09:30</PriceUpdateDate>
      <ItemCode>7290107951630</ItemCode>
      <ItemType>1</ItemType>
      <ItemName>בלונדי שוקולד שבבי קוקוס קלוי 100גר</ItemName>
      <ManufactureName>שטראוס גרופ בעמ</ManufactureName>
      <ManufactureCountry />
      <ManufactureItemDescription />
      <UnitQty>י"ח</UnitQty>
      <Quantity>100</Quantity>
      <UnitMeasure>ל  גרם</UnitMeasure>
      <BisWeighted>0</BisWeighted>
      <QtyInPackage>1</QtyInPackage>
      <ItemPrice>7.90</ItemPrice>
      <UnitOfMeasurePrice>7.90</UnitOfMeasurePrice>
      <AllowDiscount>1</AllowDiscount>
      <itemStatus>1</itemStatus>
      <LastUpdateDate />
      <LastUpdateTime />
    </Product>
    <Product>
      <PriceUpdateDate>2018/07/15 15:22</PriceUpdateDate>
      <ItemCode>7290107951685</ItemCode>
      <ItemType>1</ItemType>
      <ItemName>מסטיק מאסט קוביות באבלמינט  66גר</ItemName>
      <ManufactureName>שטראוס גרופ בעמ</ManufactureName>
      <ManufactureCountry />
      <ManufactureItemDescription />
      <UnitQty>י"ח</UnitQty>
      <Quantity>66</Quantity>
      <UnitMeasure>ל  גרם</UnitMeasure>
      <BisWeighted>0</BisWeighted>
      <QtyInPackage>1</QtyInPackage>
      <ItemPrice>9.90</ItemPrice>
      <UnitOfMeasurePrice>15</UnitOfMeasurePrice>
      <AllowDiscount>1</AllowDiscount>
      <itemStatus>1</itemStatus>
      <LastUpdateDate />
      <LastUpdateTime />
    </Product>
    <Product>
      <PriceUpdateDate>2018/07/15 15:22</PriceUpdateDate>
      <ItemCode>7290107951715</ItemCode>
      <ItemType>1</ItemType>
      <ItemName>מסטיק מאסט קוביות ענבים 58גר</ItemName>
      <ManufactureName>שטראוס גרופ בעמ</ManufactureName>
      <ManufactureCountry />
      <ManufactureItemDescription />
      <UnitQty>י"ח</UnitQty>
      <Quantity>66</Quantity>
      <UnitMeasure>ל  גרם</UnitMeasure>
      <BisWeighted>0</BisWeighted>
      <QtyInPackage>1</QtyInPackage>
      <ItemPrice>9.90</ItemPrice>
      <UnitOfMeasurePrice>15</UnitOfMeasurePrice>
      <AllowDiscount>1</AllowDiscount>
      <itemStatus>1</itemStatus>
      <LastUpdateDate />
      <LastUpdateTime />
    </Product>
    <Product>
      <PriceUpdateDate>2017/05/11 10:18</PriceUpdateDate>
      <ItemCode>7290107953788</ItemCode>
      <ItemType>1</ItemType>
      <ItemName>טוויסט נשנושים 130גר</ItemName>
      <ManufactureName>שטראוס גרופ בעמ</ManufactureName>
      <ManufactureCountry />
      <ManufactureItemDescription />
      <UnitQty>י"ח</UnitQty>
      <Quantity>130</Quantity>
      <UnitMeasure>ל  גרם</UnitMeasure>
      <BisWeighted>0</BisWeighted>
      <QtyInPackage>1</QtyInPackage>
      <ItemPrice>11.90</ItemPrice>
      <UnitOfMeasurePrice>9.15</UnitOfMeasurePrice>
      <AllowDiscount>1</AllowDiscount>
      <itemStatus>1</itemStatus>
      <LastUpdateDate />
      <LastUpdateTime />
    </Product>
    <Product>
      <PriceUpdateDate>2018/07/15 15:22</PriceUpdateDate>
      <ItemCode>7290107953917</ItemCode>
      <ItemType>1</ItemType>
      <ItemName>פריכיות אנרג`י גדולות תפו"א ודגנים 135גר</ItemName>
      <ManufactureName>שטראוס גרופ בעמ</ManufactureName>
      <ManufactureCountry />
      <ManufactureItemDescription />
      <UnitQty>י"ח</UnitQty>
      <Quantity>135</Quantity>
      <UnitMeasure>ל  גרם</UnitMeasure>
      <BisWeighted>0</BisWeighted>
      <QtyInPackage>1</QtyInPackage>
      <ItemPrice>13.50</ItemPrice>
      <UnitOfMeasurePrice>10</UnitOfMeasurePrice>
      <AllowDiscount>1</AllowDiscount>
      <itemStatus>1</itemStatus>
      <LastUpdateDate />
      <LastUpdateTime />
    </Product>
    <Product>
      <PriceUpdateDate>2018/07/15 15:22</PriceUpdateDate>
      <ItemCode>7290107954105</ItemCode>
      <ItemType>1</ItemType>
      <ItemName>טעמי קרמל מלוח 40גר</ItemName>
      <ManufactureName>שטראוס גרופ בעמ</ManufactureName>
      <ManufactureCountry />
      <ManufactureItemDescription />
      <UnitQty>י"ח</UnitQty>
      <Quantity>25</Quantity>
      <UnitMeasure>ל  גרם</UnitMeasure>
      <BisWeighted>0</BisWeighted>
      <QtyInPackage>1</QtyInPackage>
      <ItemPrice>4.90</ItemPrice>
      <UnitOfMeasurePrice>19.60</UnitOfMeasurePrice>
      <AllowDiscount>1</AllowDiscount>
      <itemStatus>1</itemStatus>
      <LastUpdateDate />
      <LastUpdateTime />
    </Product>
    <Product>
      <PriceUpdateDate>2017/10/04 08:02</PriceUpdateDate>
      <ItemCode>7290107954112</ItemCode>
      <ItemType>1</ItemType>
      <ItemName>טוויסט קריספי 28גר</ItemName>
      <ManufactureName>שטראוס גרופ בעמ</ManufactureName>
      <ManufactureCountry />
      <ManufactureItemDescription />
      <UnitQty>י"ח</UnitQty>
      <Quantity>25</Quantity>
      <UnitMeasure>ל  גרם</UnitMeasure>
      <BisWeighted>0</BisWeighted>
      <QtyInPackage>1</QtyInPackage>
      <ItemPrice>3.90</ItemPrice>
      <UnitOfMeasurePrice>15.60</UnitOfMeasurePrice>
      <AllowDiscount>1</AllowDiscount>
      <itemStatus>1</itemStatus>
      <LastUpdateDate />
      <LastUpdateTime />
    </Product>
    <Product>
      <PriceUpdateDate>2017/05/16 09:49</PriceUpdateDate>
      <ItemCode>7290107954310</ItemCode>
      <ItemType>1</ItemType>
      <ItemName>פופקורן קרמל 60ג</ItemName>
      <ManufactureName>שטראוס פריטו ליי בעמ</ManufactureName>
      <ManufactureCountry />
      <ManufactureItemDescription />
      <UnitQty>י"ח</UnitQty>
      <Quantity>0.60</Quantity>
      <UnitMeasure>י"ח</UnitMeasure>
      <BisWeighted>0</BisWeighted>
      <QtyInPackage>1</QtyInPackage>
      <ItemPrice>3.90</ItemPrice>
      <UnitOfMeasurePrice>6.50</UnitOfMeasurePrice>
      <AllowDiscount>1</AllowDiscount>
      <itemStatus>1</itemStatus>
      <LastUpdateDate />
      <LastUpdateTime />
    </Product>
    <Product>
      <PriceUpdateDate>2020/02/03 14:12</PriceUpdateDate>
      <ItemCode>7290107954693</ItemCode>
      <ItemType>1</ItemType>
      <ItemName>קונפיטורה תאנה אגס 340גר</ItemName>
      <ManufactureName>שטראוס גרופ בעמ</ManufactureName>
      <ManufactureCountry />
      <ManufactureItemDescription />
      <UnitQty>י"ח</UnitQty>
      <Quantity>340</Quantity>
      <UnitMeasure>ל  גרם</UnitMeasure>
      <BisWeighted>0</BisWeighted>
      <QtyInPackage>1</QtyInPackage>
      <ItemPrice>12.90</ItemPrice>
      <UnitOfMeasurePrice>3.79</UnitOfMeasurePrice>
      <AllowDiscount>1</AllowDiscount>
      <itemStatus>1</itemStatus>
      <LastUpdateDate />
      <LastUpdateTime />
    </Product>
    <Product>
      <PriceUpdateDate>2020/02/03 14:12</PriceUpdateDate>
      <ItemCode>7290107954709</ItemCode>
      <ItemType>1</ItemType>
      <ItemName>קונפיטורה פירות יער  340גר</ItemName>
      <ManufactureName>שטראוס גרופ בעמ</ManufactureName>
      <ManufactureCountry />
      <ManufactureItemDescription />
      <UnitQty>י"ח</UnitQty>
      <Quantity>340</Quantity>
      <UnitMeasure>ל  גרם</UnitMeasure>
      <BisWeighted>0</BisWeighted>
      <QtyInPackage>1</QtyInPackage>
      <ItemPrice>12.90</ItemPrice>
      <UnitOfMeasurePrice>3.79</UnitOfMeasurePrice>
      <AllowDiscount>1</AllowDiscount>
      <itemStatus>1</itemStatus>
      <LastUpdateDate />
      <LastUpdateTime />
    </Product>
    <Product>
      <PriceUpdateDate>2020/02/03 14:12</PriceUpdateDate>
      <ItemCode>7290107954716</ItemCode>
      <ItemType>1</ItemType>
      <ItemName>קונפיטורה אפרסק פסיפלורה  340גר</ItemName>
      <ManufactureName>שטראוס גרופ בעמ</ManufactureName>
      <ManufactureCountry />
      <ManufactureItemDescription />
      <UnitQty>י"ח</UnitQty>
      <Quantity>340</Quantity>
      <UnitMeasure>ל  גרם</UnitMeasure>
      <BisWeighted>0</BisWeighted>
      <QtyInPackage>1</QtyInPackage>
      <ItemPrice>12.90</ItemPrice>
      <UnitOfMeasurePrice>3.79</UnitOfMeasurePrice>
      <AllowDiscount>1</AllowDiscount>
      <itemStatus>1</itemStatus>
      <LastUpdateDate />
      <LastUpdateTime />
    </Product>
    <Product>
      <PriceUpdateDate>2020/02/03 14:12</PriceUpdateDate>
      <ItemCode>7290107954723</ItemCode>
      <ItemType>1</ItemType>
      <ItemName>קונפיטורה תפוח אגס  340גר</ItemName>
      <ManufactureName>שטראוס גרופ בעמ</ManufactureName>
      <ManufactureCountry />
      <ManufactureItemDescription />
      <UnitQty>י"ח</UnitQty>
      <Quantity>340</Quantity>
      <UnitMeasure>ל  גרם</UnitMeasure>
      <BisWeighted>0</BisWeighted>
      <QtyInPackage>1</QtyInPackage>
      <ItemPrice>12.90</ItemPrice>
      <UnitOfMeasurePrice>3.79</UnitOfMeasurePrice>
      <AllowDiscount>1</AllowDiscount>
      <itemStatus>1</itemStatus>
      <LastUpdateDate />
      <LastUpdateTime />
    </Product>
    <Product>
      <PriceUpdateDate>2018/12/31 14:23</PriceUpdateDate>
      <ItemCode>7290107955492</ItemCode>
      <ItemType>1</ItemType>
      <ItemName>צ יטוס דינוזאורים 55ג</ItemName>
      <ManufactureName>שטראוס פריטו ליי בעמ</ManufactureName>
      <ManufactureCountry />
      <ManufactureItemDescription />
      <UnitQty>י"ח</UnitQty>
      <Quantity>60</Quantity>
      <UnitMeasure>ל  גרם</UnitMeasure>
      <BisWeighted>0</BisWeighted>
      <QtyInPackage>1</QtyInPackage>
      <ItemPrice>3.50</ItemPrice>
      <UnitOfMeasurePrice>5.83</UnitOfMeasurePrice>
      <AllowDiscount>1</AllowDiscount>
      <itemStatus>1</itemStatus>
      <LastUpdateDate />
      <LastUpdateTime />
    </Product>
    <Product>
      <PriceUpdateDate>2019/08/22 08:58</PriceUpdateDate>
      <ItemCode>7290107955805</ItemCode>
      <ItemType>1</ItemType>
      <ItemName>שוקולד חלב במתיקות מעודנת 100גר</ItemName>
      <ManufactureName>שטראוס גרופ בעמ</ManufactureName>
      <ManufactureCountry />
      <ManufactureItemDescription />
      <UnitQty>י"ח</UnitQty>
      <Quantity>100</Quantity>
      <UnitMeasure>ל  גרם</UnitMeasure>
      <BisWeighted>0</BisWeighted>
      <QtyInPackage>1</QtyInPackage>
      <ItemPrice>7.90</ItemPrice>
      <UnitOfMeasurePrice>7.90</UnitOfMeasurePrice>
      <AllowDiscount>1</AllowDiscount>
      <itemStatus>1</itemStatus>
      <LastUpdateDate />
      <LastUpdateTime />
    </Product>
    <Product>
      <PriceUpdateDate>2019/08/22 08:58</PriceUpdateDate>
      <ItemCode>7290107955812</ItemCode>
      <ItemType>1</ItemType>
      <ItemName>שוקולד אגוזים במתיקות מעודנת 100גר</ItemName>
      <ManufactureName>שטראוס גרופ בעמ</ManufactureName>
      <ManufactureCountry />
      <ManufactureItemDescription />
      <UnitQty>י"ח</UnitQty>
      <Quantity>100</Quantity>
      <UnitMeasure>ל  גרם</UnitMeasure>
      <BisWeighted>0</BisWeighted>
      <QtyInPackage>1</QtyInPackage>
      <ItemPrice>7.90</ItemPrice>
      <UnitOfMeasurePrice>7.90</UnitOfMeasurePrice>
      <AllowDiscount>1</AllowDiscount>
      <itemStatus>1</itemStatus>
      <LastUpdateDate />
      <LastUpdateTime />
    </Product>
    <Product>
      <PriceUpdateDate>2019/08/22 08:58</PriceUpdateDate>
      <ItemCode>7290107955829</ItemCode>
      <ItemType>1</ItemType>
      <ItemName>שוקולד קוקוס במתיקות מעודנת 100גר</ItemName>
      <ManufactureName>שטראוס גרופ בעמ</ManufactureName>
      <ManufactureCountry />
      <ManufactureItemDescription />
      <UnitQty>י"ח</UnitQty>
      <Quantity>100</Quantity>
      <UnitMeasure>ל  גרם</UnitMeasure>
      <BisWeighted>0</BisWeighted>
      <QtyInPackage>1</QtyInPackage>
      <ItemPrice>7.90</ItemPrice>
      <UnitOfMeasurePrice>7.90</UnitOfMeasurePrice>
      <AllowDiscount>1</AllowDiscount>
      <itemStatus>1</itemStatus>
      <LastUpdateDate />
      <LastUpdateTime />
    </Product>
    <Product>
      <PriceUpdateDate>2017/12/17 10:31</PriceUpdateDate>
      <ItemCode>7290107956666</ItemCode>
      <ItemType>1</ItemType>
      <ItemName>מאסט לארג באבלמינט 80גר</ItemName>
      <ManufactureName>שטראוס גרופ בעמ</ManufactureName>
      <ManufactureCountry />
      <ManufactureItemDescription />
      <UnitQty>י"ח</UnitQty>
      <Quantity>80</Quantity>
      <UnitMeasure>ל  גרם</UnitMeasure>
      <BisWeighted>0</BisWeighted>
      <QtyInPackage>1</QtyInPackage>
      <ItemPrice>13.90</ItemPrice>
      <UnitOfMeasurePrice>17.38</UnitOfMeasurePrice>
      <AllowDiscount>1</AllowDiscount>
      <itemStatus>1</itemStatus>
      <LastUpdateDate />
      <LastUpdateTime />
    </Product>
    <Product>
      <PriceUpdateDate>2017/12/17 10:31</PriceUpdateDate>
      <ItemCode>7290107956673</ItemCode>
      <ItemType>1</ItemType>
      <ItemName>מאסט לארג אבטיח 80גר</ItemName>
      <ManufactureName>שטראוס גרופ בעמ</ManufactureName>
      <ManufactureCountry />
      <ManufactureItemDescription />
      <UnitQty>י"ח</UnitQty>
      <Quantity>80</Quantity>
      <UnitMeasure>ל  גרם</UnitMeasure>
      <BisWeighted>0</BisWeighted>
      <QtyInPackage>1</QtyInPackage>
      <ItemPrice>13.90</ItemPrice>
      <UnitOfMeasurePrice>17.38</UnitOfMeasurePrice>
      <AllowDiscount>1</AllowDiscount>
      <itemStatus>1</itemStatus>
      <LastUpdateDate />
      <LastUpdateTime />
    </Product>
    <Product>
      <PriceUpdateDate>2017/12/17 10:31</PriceUpdateDate>
      <ItemCode>7290107956680</ItemCode>
      <ItemType>1</ItemType>
      <ItemName>מאסט לארג מנטה עדינה 80גר</ItemName>
      <ManufactureName>שטראוס גרופ בעמ</ManufactureName>
      <ManufactureCountry />
      <ManufactureItemDescription />
      <UnitQty>י"ח</UnitQty>
      <Quantity>80</Quantity>
      <UnitMeasure>ל  גרם</UnitMeasure>
      <BisWeighted>0</BisWeighted>
      <QtyInPackage>1</QtyInPackage>
      <ItemPrice>13.90</ItemPrice>
      <UnitOfMeasurePrice>17.38</UnitOfMeasurePrice>
      <AllowDiscount>1</AllowDiscount>
      <itemStatus>1</itemStatus>
      <LastUpdateDate />
      <LastUpdateTime />
    </Product>
    <Product>
      <PriceUpdateDate>2017/10/04 08:02</PriceUpdateDate>
      <ItemCode>7290107956826</ItemCode>
      <ItemType>1</ItemType>
      <ItemName>עוגיות שוקולדצ`יפס 180גר</ItemName>
      <ManufactureName>שטראוס גרופ בעמ</ManufactureName>
      <ManufactureCountry />
      <ManufactureItemDescription />
      <UnitQty>י"ח</UnitQty>
      <Quantity>180</Quantity>
      <UnitMeasure>ל  גרם</UnitMeasure>
      <BisWeighted>0</BisWeighted>
      <QtyInPackage>1</QtyInPackage>
      <ItemPrice>9.90</ItemPrice>
      <UnitOfMeasurePrice>5.50</UnitOfMeasurePrice>
      <AllowDiscount>1</AllowDiscount>
      <itemStatus>1</itemStatus>
      <LastUpdateDate />
      <LastUpdateTime />
    </Product>
    <Product>
      <PriceUpdateDate>2017/10/04 08:02</PriceUpdateDate>
      <ItemCode>7290107956833</ItemCode>
      <ItemType>1</ItemType>
      <ItemName>עוגיות שוקולדצ`יפס 180גר</ItemName>
      <ManufactureName>שטראוס גרופ בעמ</ManufactureName>
      <ManufactureCountry />
      <ManufactureItemDescription />
      <UnitQty>י"ח</UnitQty>
      <Quantity>180</Quantity>
      <UnitMeasure>ל  גרם</UnitMeasure>
      <BisWeighted>0</BisWeighted>
      <QtyInPackage>1</QtyInPackage>
      <ItemPrice>9.90</ItemPrice>
      <UnitOfMeasurePrice>5.50</UnitOfMeasurePrice>
      <AllowDiscount>1</AllowDiscount>
      <itemStatus>1</itemStatus>
      <LastUpdateDate />
      <LastUpdateTime />
    </Product>
    <Product>
      <PriceUpdateDate>2019/01/01 12:53</PriceUpdateDate>
      <ItemCode>7290107956895</ItemCode>
      <ItemType>1</ItemType>
      <ItemName>קפסולות טעם קרמל למכונות נספרסו 50גר</ItemName>
      <ManufactureName>שטראוס גרופ בעמ</ManufactureName>
      <ManufactureCountry />
      <ManufactureItemDescription />
      <UnitQty>י"ח</UnitQty>
      <Quantity>50</Quantity>
      <UnitMeasure>ל  גרם</UnitMeasure>
      <BisWeighted>0</BisWeighted>
      <QtyInPackage>1</QtyInPackage>
      <ItemPrice>17.90</ItemPrice>
      <UnitOfMeasurePrice>35.80</UnitOfMeasurePrice>
      <AllowDiscount>1</AllowDiscount>
      <itemStatus>1</itemStatus>
      <LastUpdateDate />
      <LastUpdateTime />
    </Product>
    <Product>
      <PriceUpdateDate>2019/01/01 12:53</PriceUpdateDate>
      <ItemCode>7290107956901</ItemCode>
      <ItemType>1</ItemType>
      <ItemName>קפסולות אספרסו טעם אגוזים  150גר</ItemName>
      <ManufactureName>שטראוס גרופ בעמ</ManufactureName>
      <ManufactureCountry />
      <ManufactureItemDescription />
      <UnitQty>י"ח</UnitQty>
      <Quantity>50</Quantity>
      <UnitMeasure>ל  גרם</UnitMeasure>
      <BisWeighted>0</BisWeighted>
      <QtyInPackage>1</QtyInPackage>
      <ItemPrice>17.90</ItemPrice>
      <UnitOfMeasurePrice>35.80</UnitOfMeasurePrice>
      <AllowDiscount>1</AllowDiscount>
      <itemStatus>1</itemStatus>
      <LastUpdateDate />
      <LastUpdateTime />
    </Product>
    <Product>
      <PriceUpdateDate>2019/01/01 12:53</PriceUpdateDate>
      <ItemCode>7290107956925</ItemCode>
      <ItemType>1</ItemType>
      <ItemName>קפסולות עלית אוגנדה 13 למכונת נספרסו</ItemName>
      <ManufactureName>שטראוס גרופ בעמ</ManufactureName>
      <ManufactureCountry />
      <ManufactureItemDescription />
      <UnitQty>י"ח</UnitQty>
      <Quantity>50</Quantity>
      <UnitMeasure>ל  גרם</UnitMeasure>
      <BisWeighted>0</BisWeighted>
      <QtyInPackage>1</QtyInPackage>
      <ItemPrice>17.90</ItemPrice>
      <UnitOfMeasurePrice>35.80</UnitOfMeasurePrice>
      <AllowDiscount>1</AllowDiscount>
      <itemStatus>1</itemStatus>
      <LastUpdateDate />
      <LastUpdateTime />
    </Product>
    <Product>
      <PriceUpdateDate>2019/01/01 12:53</PriceUpdateDate>
      <ItemCode>7290107956932</ItemCode>
      <ItemType>1</ItemType>
      <ItemName>קפסולות אספרסו  עלית 50גר</ItemName>
      <ManufactureName>שטראוס גרופ בעמ</ManufactureName>
      <ManufactureCountry />
      <ManufactureItemDescription />
      <UnitQty>י"ח</UnitQty>
      <Quantity>50</Quantity>
      <UnitMeasure>ל  גרם</UnitMeasure>
      <BisWeighted>0</BisWeighted>
      <QtyInPackage>1</QtyInPackage>
      <ItemPrice>17.90</ItemPrice>
      <UnitOfMeasurePrice>35.80</UnitOfMeasurePrice>
      <AllowDiscount>1</AllowDiscount>
      <itemStatus>1</itemStatus>
      <LastUpdateDate />
      <LastUpdateTime />
    </Product>
    <Product>
      <PriceUpdateDate>2019/05/06 09:54</PriceUpdateDate>
      <ItemCode>7290107957069</ItemCode>
      <ItemType>1</ItemType>
      <ItemName>מסטיק  עלמה טעם אוכמניות 66ג צנצנת</ItemName>
      <ManufactureName>שטראוס גרופ בעמ</ManufactureName>
      <ManufactureCountry />
      <ManufactureItemDescription />
      <UnitQty>י"ח</UnitQty>
      <Quantity>66</Quantity>
      <UnitMeasure>ל  גרם</UnitMeasure>
      <BisWeighted>0</BisWeighted>
      <QtyInPackage>1</QtyInPackage>
      <ItemPrice>9.90</ItemPrice>
      <UnitOfMeasurePrice>15</UnitOfMeasurePrice>
      <AllowDiscount>1</AllowDiscount>
      <itemStatus>1</itemStatus>
      <LastUpdateDate />
      <LastUpdateTime />
    </Product>
    <Product>
      <PriceUpdateDate>2018/07/15 15:22</PriceUpdateDate>
      <ItemCode>7290107957076</ItemCode>
      <ItemType>1</ItemType>
      <ItemName>מסטיק  עלמה טעם ספירמינט 66ג צנצנת</ItemName>
      <ManufactureName>שטראוס גרופ בעמ</ManufactureName>
      <ManufactureCountry />
      <ManufactureItemDescription />
      <UnitQty>י"ח</UnitQty>
      <Quantity>66</Quantity>
      <UnitMeasure>ל  גרם</UnitMeasure>
      <BisWeighted>0</BisWeighted>
      <QtyInPackage>1</QtyInPackage>
      <ItemPrice>9.90</ItemPrice>
      <UnitOfMeasurePrice>15</UnitOfMeasurePrice>
      <AllowDiscount>1</AllowDiscount>
      <itemStatus>1</itemStatus>
      <LastUpdateDate />
      <LastUpdateTime />
    </Product>
    <Product>
      <PriceUpdateDate>2019/12/30 14:29</PriceUpdateDate>
      <ItemCode>7290107958240</ItemCode>
      <ItemType>1</ItemType>
      <ItemName>דוריטוס אסאדו 70 גרם</ItemName>
      <ManufactureName>שטראוס פריטו ליי בעמ</ManufactureName>
      <ManufactureCountry />
      <ManufactureItemDescription />
      <UnitQty>י"ח</UnitQty>
      <Quantity>70</Quantity>
      <UnitMeasure>ל  גרם</UnitMeasure>
      <BisWeighted>0</BisWeighted>
      <QtyInPackage>1</QtyInPackage>
      <ItemPrice>3.90</ItemPrice>
      <UnitOfMeasurePrice>5.57</UnitOfMeasurePrice>
      <AllowDiscount>1</AllowDiscount>
      <itemStatus>1</itemStatus>
      <LastUpdateDate />
      <LastUpdateTime />
    </Product>
    <Product>
      <PriceUpdateDate>2019/05/12 09:04</PriceUpdateDate>
      <ItemCode>7290107958332</ItemCode>
      <ItemType>1</ItemType>
      <ItemName>ציטוס  קראנצ`אפוי גבינה 65ג</ItemName>
      <ManufactureName>לפ שטראוס פריטו ליי בע``מ</ManufactureName>
      <ManufactureCountry />
      <ManufactureItemDescription />
      <UnitQty>י"ח</UnitQty>
      <Quantity>1</Quantity>
      <UnitMeasure />
      <BisWeighted>0</BisWeighted>
      <QtyInPackage>1</QtyInPackage>
      <ItemPrice>3.90</ItemPrice>
      <UnitOfMeasurePrice>3.90</UnitOfMeasurePrice>
      <AllowDiscount>1</AllowDiscount>
      <itemStatus>1</itemStatus>
      <LastUpdateDate />
      <LastUpdateTime />
    </Product>
    <Product>
      <PriceUpdateDate>2019/05/12 09:04</PriceUpdateDate>
      <ItemCode>7290107958370</ItemCode>
      <ItemType>1</ItemType>
      <ItemName>ציטוס  קראנצ`אפוי ברביקיו 65ג</ItemName>
      <ManufactureName>לפ שטראוס פריטו ליי בע``מ</ManufactureName>
      <ManufactureCountry />
      <ManufactureItemDescription />
      <UnitQty>י"ח</UnitQty>
      <Quantity>1</Quantity>
      <UnitMeasure />
      <BisWeighted>0</BisWeighted>
      <QtyInPackage>1</QtyInPackage>
      <ItemPrice>3.90</ItemPrice>
      <UnitOfMeasurePrice>3.90</UnitOfMeasurePrice>
      <AllowDiscount>1</AllowDiscount>
      <itemStatus>1</itemStatus>
      <LastUpdateDate />
      <LastUpdateTime />
    </Product>
    <Product>
      <PriceUpdateDate>2018/03/27 09:14</PriceUpdateDate>
      <ItemCode>7290107958400</ItemCode>
      <ItemType>1</ItemType>
      <ItemName>גלים טעם מלוח 50ג</ItemName>
      <ManufactureName>שטראוס פריטו ליי בעמ</ManufactureName>
      <ManufactureCountry />
      <ManufactureItemDescription />
      <UnitQty>י"ח</UnitQty>
      <Quantity>50</Quantity>
      <UnitMeasure>ל  גרם</UnitMeasure>
      <BisWeighted>0</BisWeighted>
      <QtyInPackage>1</QtyInPackage>
      <ItemPrice>3.90</ItemPrice>
      <UnitOfMeasurePrice>7.80</UnitOfMeasurePrice>
      <AllowDiscount>1</AllowDiscount>
      <itemStatus>1</itemStatus>
      <LastUpdateDate />
      <LastUpdateTime />
    </Product>
    <Product>
      <PriceUpdateDate>2019/06/02 10:01</PriceUpdateDate>
      <ItemCode>7290107958462</ItemCode>
      <ItemType>1</ItemType>
      <ItemName>רבע לשבע להקפאה שוקולד 120גר`</ItemName>
      <ManufactureName>שטראוס גרופ בעמ</ManufactureName>
      <ManufactureCountry />
      <ManufactureItemDescription />
      <UnitQty>י"ח</UnitQty>
      <Quantity>120</Quantity>
      <UnitMeasure>ל  גרם</UnitMeasure>
      <BisWeighted>0</BisWeighted>
      <QtyInPackage>1</QtyInPackage>
      <ItemPrice>11.90</ItemPrice>
      <UnitOfMeasurePrice>9.92</UnitOfMeasurePrice>
      <AllowDiscount>1</AllowDiscount>
      <itemStatus>1</itemStatus>
      <LastUpdateDate />
      <LastUpdateTime />
    </Product>
    <Product>
      <PriceUpdateDate>2019/06/02 10:01</PriceUpdateDate>
      <ItemCode>7290107958769</ItemCode>
      <ItemType>1</ItemType>
      <ItemName>רבע לשבע רולס שוקולד 120גר`</ItemName>
      <ManufactureName>שטראוס גרופ בעמ</ManufactureName>
      <ManufactureCountry />
      <ManufactureItemDescription />
      <UnitQty>י"ח</UnitQty>
      <Quantity>120</Quantity>
      <UnitMeasure>ל  גרם</UnitMeasure>
      <BisWeighted>0</BisWeighted>
      <QtyInPackage>1</QtyInPackage>
      <ItemPrice>11.90</ItemPrice>
      <UnitOfMeasurePrice>9.92</UnitOfMeasurePrice>
      <AllowDiscount>1</AllowDiscount>
      <itemStatus>1</itemStatus>
      <LastUpdateDate />
      <LastUpdateTime />
    </Product>
    <Product>
      <PriceUpdateDate>2019/06/02 10:01</PriceUpdateDate>
      <ItemCode>7290107958813</ItemCode>
      <ItemType>1</ItemType>
      <ItemName>רבע לשבע רולס קרם קפה 120גר`</ItemName>
      <ManufactureName>שטראוס גרופ בעמ</ManufactureName>
      <ManufactureCountry />
      <ManufactureItemDescription />
      <UnitQty>י"ח</UnitQty>
      <Quantity>120</Quantity>
      <UnitMeasure>ל  גרם</UnitMeasure>
      <BisWeighted>0</BisWeighted>
      <QtyInPackage>1</QtyInPackage>
      <ItemPrice>11.90</ItemPrice>
      <UnitOfMeasurePrice>9.92</UnitOfMeasurePrice>
      <AllowDiscount>1</AllowDiscount>
      <itemStatus>1</itemStatus>
      <LastUpdateDate />
      <LastUpdateTime />
    </Product>
    <Product>
      <PriceUpdateDate>2019/08/26 13:59</PriceUpdateDate>
      <ItemCode>7290107959070</ItemCode>
      <ItemType>1</ItemType>
      <ItemName>טעמי בלונדי</ItemName>
      <ManufactureName>שטראוס גרופ בעמ</ManufactureName>
      <ManufactureCountry />
      <ManufactureItemDescription />
      <UnitQty>י"ח</UnitQty>
      <Quantity>40</Quantity>
      <UnitMeasure>ל  גרם</UnitMeasure>
      <BisWeighted>0</BisWeighted>
      <QtyInPackage>1</QtyInPackage>
      <ItemPrice>3.90</ItemPrice>
      <UnitOfMeasurePrice>9.75</UnitOfMeasurePrice>
      <AllowDiscount>1</AllowDiscount>
      <itemStatus>1</itemStatus>
      <LastUpdateDate />
      <LastUpdateTime />
    </Product>
    <Product>
      <PriceUpdateDate>2018/02/18 08:46</PriceUpdateDate>
      <ItemCode>7290107959353</ItemCode>
      <ItemType>1</ItemType>
      <ItemName>מקופלת XL כשל"פ 33גרם</ItemName>
      <ManufactureName>שטראוס גרופ בעמ</ManufactureName>
      <ManufactureCountry />
      <ManufactureItemDescription />
      <UnitQty>י"ח</UnitQty>
      <Quantity>33</Quantity>
      <UnitMeasure>ל  גרם</UnitMeasure>
      <BisWeighted>0</BisWeighted>
      <QtyInPackage>1</QtyInPackage>
      <ItemPrice>3.90</ItemPrice>
      <UnitOfMeasurePrice>11.82</UnitOfMeasurePrice>
      <AllowDiscount>1</AllowDiscount>
      <itemStatus>1</itemStatus>
      <LastUpdateDate />
      <LastUpdateTime />
    </Product>
    <Product>
      <PriceUpdateDate>2016/02/08 08:33</PriceUpdateDate>
      <ItemCode>7290107970129</ItemCode>
      <ItemType>1</ItemType>
      <ItemName>ליידי 24/7 רול און ירוק</ItemName>
      <ManufactureName>ש.שסטוביץ בעמ</ManufactureName>
      <ManufactureCountry />
      <ManufactureItemDescription />
      <UnitQty>י"ח</UnitQty>
      <Quantity>50</Quantity>
      <UnitMeasure>ל  מ"ל</UnitMeasure>
      <BisWeighted>0</BisWeighted>
      <QtyInPackage>1</QtyInPackage>
      <ItemPrice>21.90</ItemPrice>
      <UnitOfMeasurePrice>43.80</UnitOfMeasurePrice>
      <AllowDiscount>1</AllowDiscount>
      <itemStatus>1</itemStatus>
      <LastUpdateDate />
      <LastUpdateTime />
    </Product>
    <Product>
      <PriceUpdateDate>2016/07/10 14:30</PriceUpdateDate>
      <ItemCode>7290107971652</ItemCode>
      <ItemType>1</ItemType>
      <ItemName>ליידי ספיד ספריי 24/7 ספריי ורוד</ItemName>
      <ManufactureName>ש.שסטוביץ בעמ</ManufactureName>
      <ManufactureCountry />
      <ManufactureItemDescription />
      <UnitQty>י"ח</UnitQty>
      <Quantity>1</Quantity>
      <UnitMeasure />
      <BisWeighted>0</BisWeighted>
      <QtyInPackage>1</QtyInPackage>
      <ItemPrice>21.90</ItemPrice>
      <UnitOfMeasurePrice>21.90</UnitOfMeasurePrice>
      <AllowDiscount>1</AllowDiscount>
      <itemStatus>1</itemStatus>
      <LastUpdateDate />
      <LastUpdateTime />
    </Product>
    <Product>
      <PriceUpdateDate>2020/01/14 09:59</PriceUpdateDate>
      <ItemCode>7290107971744</ItemCode>
      <ItemType>1</ItemType>
      <ItemName>קולגייט  מי פה טוטל ירוק 500מ"ל</ItemName>
      <ManufactureName>ש.שסטוביץ בעמ</ManufactureName>
      <ManufactureCountry />
      <ManufactureItemDescription />
      <UnitQty>י"ח</UnitQty>
      <Quantity>500</Quantity>
      <UnitMeasure>ל  מ"ל</UnitMeasure>
      <BisWeighted>0</BisWeighted>
      <QtyInPackage>1</QtyInPackage>
      <ItemPrice>29.90</ItemPrice>
      <UnitOfMeasurePrice>5.98</UnitOfMeasurePrice>
      <AllowDiscount>1</AllowDiscount>
      <itemStatus>1</itemStatus>
      <LastUpdateDate />
      <LastUpdateTime />
    </Product>
    <Product>
      <PriceUpdateDate>2020/01/14 09:59</PriceUpdateDate>
      <ItemCode>7290107971751</ItemCode>
      <ItemType>1</ItemType>
      <ItemName>קולגייט  מי פה טוטל כחול 500מ"ל</ItemName>
      <ManufactureName>ש.שסטוביץ בעמ</ManufactureName>
      <ManufactureCountry />
      <ManufactureItemDescription />
      <UnitQty>י"ח</UnitQty>
      <Quantity>500</Quantity>
      <UnitMeasure>ל  מ"ל</UnitMeasure>
      <BisWeighted>0</BisWeighted>
      <QtyInPackage>1</QtyInPackage>
      <ItemPrice>29.90</ItemPrice>
      <UnitOfMeasurePrice>5.98</UnitOfMeasurePrice>
      <AllowDiscount>1</AllowDiscount>
      <itemStatus>1</itemStatus>
      <LastUpdateDate />
      <LastUpdateTime />
    </Product>
    <Product>
      <PriceUpdateDate>2017/04/09 13:23</PriceUpdateDate>
      <ItemCode>7290107972307</ItemCode>
      <ItemType>1</ItemType>
      <ItemName>קולגייט  אופטיק וייט75מ"ל</ItemName>
      <ManufactureName>ש.שסטוביץ בעמ</ManufactureName>
      <ManufactureCountry />
      <ManufactureItemDescription />
      <UnitQty>י"ח</UnitQty>
      <Quantity>256</Quantity>
      <UnitMeasure>ל  גרם</UnitMeasure>
      <BisWeighted>0</BisWeighted>
      <QtyInPackage>1</QtyInPackage>
      <ItemPrice>29.90</ItemPrice>
      <UnitOfMeasurePrice>11.68</UnitOfMeasurePrice>
      <AllowDiscount>1</AllowDiscount>
      <itemStatus>1</itemStatus>
      <LastUpdateDate />
      <LastUpdateTime />
    </Product>
    <Product>
      <PriceUpdateDate>2019/02/03 09:34</PriceUpdateDate>
      <ItemCode>7290107973045</ItemCode>
      <ItemType>1</ItemType>
      <ItemName>פלמוליב ס. נוזלי לגבר 500מ"ל</ItemName>
      <ManufactureName>ש.שסטוביץ בעמ</ManufactureName>
      <ManufactureCountry />
      <ManufactureItemDescription />
      <UnitQty>י"ח</UnitQty>
      <Quantity>500</Quantity>
      <UnitMeasure>ל  מ"ל</UnitMeasure>
      <BisWeighted>0</BisWeighted>
      <QtyInPackage>1</QtyInPackage>
      <ItemPrice>15.90</ItemPrice>
      <UnitOfMeasurePrice>3.18</UnitOfMeasurePrice>
      <AllowDiscount>1</AllowDiscount>
      <itemStatus>1</itemStatus>
      <LastUpdateDate />
      <LastUpdateTime />
    </Product>
    <Product>
      <PriceUpdateDate>2019/02/03 09:34</PriceUpdateDate>
      <ItemCode>7290107973052</ItemCode>
      <ItemType>1</ItemType>
      <ItemName>פלמוליב סבון נוזלי ירוק דינמיק 500מ"ל</ItemName>
      <ManufactureName>ש.שסטוביץ בעמ</ManufactureName>
      <ManufactureCountry />
      <ManufactureItemDescription />
      <UnitQty>י"ח</UnitQty>
      <Quantity>500</Quantity>
      <UnitMeasure>ל  מ"ל</UnitMeasure>
      <BisWeighted>0</BisWeighted>
      <QtyInPackage>1</QtyInPackage>
      <ItemPrice>15.90</ItemPrice>
      <UnitOfMeasurePrice>3.18</UnitOfMeasurePrice>
      <AllowDiscount>1</AllowDiscount>
      <itemStatus>1</itemStatus>
      <LastUpdateDate />
      <LastUpdateTime />
    </Product>
    <Product>
      <PriceUpdateDate>2016/05/05 08:41</PriceUpdateDate>
      <ItemCode>7290107973311</ItemCode>
      <ItemType>1</ItemType>
      <ItemName>מברשת שיניים זוג 360</ItemName>
      <ManufactureName>ש.שסטוביץ בעמ</ManufactureName>
      <ManufactureCountry />
      <ManufactureItemDescription />
      <UnitQty>י"ח</UnitQty>
      <Quantity>1</Quantity>
      <UnitMeasure />
      <BisWeighted>0</BisWeighted>
      <QtyInPackage>1</QtyInPackage>
      <ItemPrice>29.90</ItemPrice>
      <UnitOfMeasurePrice>29.90</UnitOfMeasurePrice>
      <AllowDiscount>1</AllowDiscount>
      <itemStatus>1</itemStatus>
      <LastUpdateDate />
      <LastUpdateTime />
    </Product>
    <Product>
      <PriceUpdateDate>2019/02/03 09:34</PriceUpdateDate>
      <ItemCode>7290107973427</ItemCode>
      <ItemType>1</ItemType>
      <ItemName>פלמוליב ס. סנשיין 500מ"ל</ItemName>
      <ManufactureName>ש.שסטוביץ בעמ</ManufactureName>
      <ManufactureCountry />
      <ManufactureItemDescription />
      <UnitQty>י"ח</UnitQty>
      <Quantity>500</Quantity>
      <UnitMeasure>ל  מ"ל</UnitMeasure>
      <BisWeighted>0</BisWeighted>
      <QtyInPackage>1</QtyInPackage>
      <ItemPrice>15.90</ItemPrice>
      <UnitOfMeasurePrice>3.18</UnitOfMeasurePrice>
      <AllowDiscount>1</AllowDiscount>
      <itemStatus>1</itemStatus>
      <LastUpdateDate />
      <LastUpdateTime />
    </Product>
    <Product>
      <PriceUpdateDate>2017/07/30 08:19</PriceUpdateDate>
      <ItemCode>7290107973489</ItemCode>
      <ItemType>1</ItemType>
      <ItemName>ליידי ספיד סטיק 24/7 ספריי פיור</ItemName>
      <ManufactureName>ש.שסטוביץ בעמ</ManufactureName>
      <ManufactureCountry />
      <ManufactureItemDescription />
      <UnitQty>י"ח</UnitQty>
      <Quantity>1</Quantity>
      <UnitMeasure />
      <BisWeighted>0</BisWeighted>
      <QtyInPackage>1</QtyInPackage>
      <ItemPrice>21.90</ItemPrice>
      <UnitOfMeasurePrice>21.90</UnitOfMeasurePrice>
      <AllowDiscount>1</AllowDiscount>
      <itemStatus>1</itemStatus>
      <LastUpdateDate />
      <LastUpdateTime />
    </Product>
    <Product>
      <PriceUpdateDate>2017/06/12 09:12</PriceUpdateDate>
      <ItemCode>7290107973557</ItemCode>
      <ItemType>1</ItemType>
      <ItemName>ליידי ספיד סטיק 24/7 ספרי אלוורה</ItemName>
      <ManufactureName>ש.שסטוביץ בעמ</ManufactureName>
      <ManufactureCountry />
      <ManufactureItemDescription />
      <UnitQty>י"ח</UnitQty>
      <Quantity>1</Quantity>
      <UnitMeasure />
      <BisWeighted>0</BisWeighted>
      <QtyInPackage>1</QtyInPackage>
      <ItemPrice>21.90</ItemPrice>
      <UnitOfMeasurePrice>21.90</UnitOfMeasurePrice>
      <AllowDiscount>1</AllowDiscount>
      <itemStatus>1</itemStatus>
      <LastUpdateDate />
      <LastUpdateTime />
    </Product>
    <Product>
      <PriceUpdateDate>2017/03/03 08:04</PriceUpdateDate>
      <ItemCode>7290107973861</ItemCode>
      <ItemType>1</ItemType>
      <ItemName>עגבניות קצוצות דק מנה  400גר*3</ItemName>
      <ManufactureName>ש.שסטוביץ בעמ</ManufactureName>
      <ManufactureCountry />
      <ManufactureItemDescription />
      <UnitQty>י"ח</UnitQty>
      <Quantity>1.20</Quantity>
      <UnitMeasure>ק"ג</UnitMeasure>
      <BisWeighted>0</BisWeighted>
      <QtyInPackage>1</QtyInPackage>
      <ItemPrice>14.90</ItemPrice>
      <UnitOfMeasurePrice>12.42</UnitOfMeasurePrice>
      <AllowDiscount>1</AllowDiscount>
      <itemStatus>1</itemStatus>
      <LastUpdateDate />
      <LastUpdateTime />
    </Product>
    <Product>
      <PriceUpdateDate>2020/04/05 09:35</PriceUpdateDate>
      <ItemCode>7290107973915</ItemCode>
      <ItemType>1</ItemType>
      <ItemName>קולגייט טוטל פרו נשימה רעננה 75 מייל</ItemName>
      <ManufactureName>ש.שסטוביץ בעמ</ManufactureName>
      <ManufactureCountry />
      <ManufactureItemDescription />
      <UnitQty>י"ח</UnitQty>
      <Quantity>75</Quantity>
      <UnitMeasure>ל  מ"ל</UnitMeasure>
      <BisWeighted>0</BisWeighted>
      <QtyInPackage>1</QtyInPackage>
      <ItemPrice>19.90</ItemPrice>
      <UnitOfMeasurePrice>26.53</UnitOfMeasurePrice>
      <AllowDiscount>1</AllowDiscount>
      <itemStatus>1</itemStatus>
      <LastUpdateDate />
      <LastUpdateTime />
    </Product>
    <Product>
      <PriceUpdateDate>2017/06/12 09:12</PriceUpdateDate>
      <ItemCode>7290107974301</ItemCode>
      <ItemType>1</ItemType>
      <ItemName>ליידי ספיד סטיק אלוורה ירוק</ItemName>
      <ManufactureName>ש.שסטוביץ בעמ</ManufactureName>
      <ManufactureCountry />
      <ManufactureItemDescription />
      <UnitQty>י"ח</UnitQty>
      <Quantity>1</Quantity>
      <UnitMeasure>י"ח</UnitMeasure>
      <BisWeighted>0</BisWeighted>
      <QtyInPackage>1</QtyInPackage>
      <ItemPrice>24.90</ItemPrice>
      <UnitOfMeasurePrice>24.90</UnitOfMeasurePrice>
      <AllowDiscount>1</AllowDiscount>
      <itemStatus>1</itemStatus>
      <LastUpdateDate />
      <LastUpdateTime />
    </Product>
    <Product>
      <PriceUpdateDate>2017/12/25 08:57</PriceUpdateDate>
      <ItemCode>7290107974691</ItemCode>
      <ItemType>1</ItemType>
      <ItemName>קולגייט טוטל פרו ויזיבל אקשן 75 מייל</ItemName>
      <ManufactureName>ש.שסטוביץ בעמ</ManufactureName>
      <ManufactureCountry />
      <ManufactureItemDescription />
      <UnitQty>י"ח</UnitQty>
      <Quantity>75</Quantity>
      <UnitMeasure>ל  מ"ל</UnitMeasure>
      <BisWeighted>0</BisWeighted>
      <QtyInPackage>1</QtyInPackage>
      <ItemPrice>19.90</ItemPrice>
      <UnitOfMeasurePrice>26.53</UnitOfMeasurePrice>
      <AllowDiscount>1</AllowDiscount>
      <itemStatus>1</itemStatus>
      <LastUpdateDate />
      <LastUpdateTime />
    </Product>
    <Product>
      <PriceUpdateDate>2017/06/12 09:12</PriceUpdateDate>
      <ItemCode>7290107975278</ItemCode>
      <ItemType>1</ItemType>
      <ItemName>ליידי ספיד סטיק אלוורה</ItemName>
      <ManufactureName>ש.שסטוביץ בעמ</ManufactureName>
      <ManufactureCountry />
      <ManufactureItemDescription />
      <UnitQty>י"ח</UnitQty>
      <Quantity>45</Quantity>
      <UnitMeasure>ל  מ"ל</UnitMeasure>
      <BisWeighted>0</BisWeighted>
      <QtyInPackage>1</QtyInPackage>
      <ItemPrice>24.90</ItemPrice>
      <UnitOfMeasurePrice>55.33</UnitOfMeasurePrice>
      <AllowDiscount>1</AllowDiscount>
      <itemStatus>1</itemStatus>
      <LastUpdateDate />
      <LastUpdateTime />
    </Product>
    <Product>
      <PriceUpdateDate>2017/11/01 09:13</PriceUpdateDate>
      <ItemCode>7290107975285</ItemCode>
      <ItemType>1</ItemType>
      <ItemName>ליידי ספיד סטיק נערות תות מתוק 65ג</ItemName>
      <ManufactureName>ש.שסטוביץ בעמ</ManufactureName>
      <ManufactureCountry />
      <ManufactureItemDescription />
      <UnitQty>י"ח</UnitQty>
      <Quantity>65</Quantity>
      <UnitMeasure>ל  גרם</UnitMeasure>
      <BisWeighted>0</BisWeighted>
      <QtyInPackage>1</QtyInPackage>
      <ItemPrice>24.90</ItemPrice>
      <UnitOfMeasurePrice>38.31</UnitOfMeasurePrice>
      <AllowDiscount>1</AllowDiscount>
      <itemStatus>1</itemStatus>
      <LastUpdateDate />
      <LastUpdateTime />
    </Product>
    <Product>
      <PriceUpdateDate>2017/11/01 09:13</PriceUpdateDate>
      <ItemCode>7290107975292</ItemCode>
      <ItemType>1</ItemType>
      <ItemName>ליידי ספיד סטיק נערות ורווד 65ג</ItemName>
      <ManufactureName>ש.שסטוביץ בעמ</ManufactureName>
      <ManufactureCountry />
      <ManufactureItemDescription />
      <UnitQty>י"ח</UnitQty>
      <Quantity>65</Quantity>
      <UnitMeasure>ל  גרם</UnitMeasure>
      <BisWeighted>0</BisWeighted>
      <QtyInPackage>1</QtyInPackage>
      <ItemPrice>24.90</ItemPrice>
      <UnitOfMeasurePrice>38.31</UnitOfMeasurePrice>
      <AllowDiscount>1</AllowDiscount>
      <itemStatus>1</itemStatus>
      <LastUpdateDate />
      <LastUpdateTime />
    </Product>
    <Product>
      <PriceUpdateDate>2017/07/30 08:19</PriceUpdateDate>
      <ItemCode>7290107975346</ItemCode>
      <ItemType>1</ItemType>
      <ItemName>ספיד סטיק 24/7  ג ל</ItemName>
      <ManufactureName>ש.שסטוביץ בעמ</ManufactureName>
      <ManufactureCountry />
      <ManufactureItemDescription />
      <UnitQty>י"ח</UnitQty>
      <Quantity>1</Quantity>
      <UnitMeasure>י"ח</UnitMeasure>
      <BisWeighted>0</BisWeighted>
      <QtyInPackage>1</QtyInPackage>
      <ItemPrice>24.90</ItemPrice>
      <UnitOfMeasurePrice>24.90</UnitOfMeasurePrice>
      <AllowDiscount>1</AllowDiscount>
      <itemStatus>1</itemStatus>
      <LastUpdateDate />
      <LastUpdateTime />
    </Product>
    <Product>
      <PriceUpdateDate>2017/07/30 08:19</PriceUpdateDate>
      <ItemCode>7290107975353</ItemCode>
      <ItemType>1</ItemType>
      <ItemName>ליידי ספיד סטיק פיור</ItemName>
      <ManufactureName>ש.שסטוביץ בעמ</ManufactureName>
      <ManufactureCountry />
      <ManufactureItemDescription />
      <UnitQty>י"ח</UnitQty>
      <Quantity>1</Quantity>
      <UnitMeasure />
      <BisWeighted>0</BisWeighted>
      <QtyInPackage>1</QtyInPackage>
      <ItemPrice>24.90</ItemPrice>
      <UnitOfMeasurePrice>24.90</UnitOfMeasurePrice>
      <AllowDiscount>1</AllowDiscount>
      <itemStatus>1</itemStatus>
      <LastUpdateDate />
      <LastUpdateTime />
    </Product>
    <Product>
      <PriceUpdateDate>2017/07/30 08:19</PriceUpdateDate>
      <ItemCode>7290107975360</ItemCode>
      <ItemType>1</ItemType>
      <ItemName>ליידי ספיד סטיק פיור גל</ItemName>
      <ManufactureName>ש.שסטוביץ בעמ</ManufactureName>
      <ManufactureCountry />
      <ManufactureItemDescription />
      <UnitQty>י"ח</UnitQty>
      <Quantity>1</Quantity>
      <UnitMeasure>י"ח</UnitMeasure>
      <BisWeighted>0</BisWeighted>
      <QtyInPackage>1</QtyInPackage>
      <ItemPrice>24.90</ItemPrice>
      <UnitOfMeasurePrice>24.90</UnitOfMeasurePrice>
      <AllowDiscount>1</AllowDiscount>
      <itemStatus>1</itemStatus>
      <LastUpdateDate />
      <LastUpdateTime />
    </Product>
    <Product>
      <PriceUpdateDate>2017/07/13 10:15</PriceUpdateDate>
      <ItemCode>7290107975544</ItemCode>
      <ItemType>1</ItemType>
      <ItemName>קולגייט סמיילס ברבי 50מ"ל</ItemName>
      <ManufactureName>ש.שסטוביץ בעמ</ManufactureName>
      <ManufactureCountry />
      <ManufactureItemDescription />
      <UnitQty>י"ח</UnitQty>
      <Quantity>66</Quantity>
      <UnitMeasure>ל  גרם</UnitMeasure>
      <BisWeighted>0</BisWeighted>
      <QtyInPackage>1</QtyInPackage>
      <ItemPrice>13.50</ItemPrice>
      <UnitOfMeasurePrice>20.45</UnitOfMeasurePrice>
      <AllowDiscount>1</AllowDiscount>
      <itemStatus>1</itemStatus>
      <LastUpdateDate />
      <LastUpdateTime />
    </Product>
    <Product>
      <PriceUpdateDate>2019/02/03 09:34</PriceUpdateDate>
      <ItemCode>7290107976855</ItemCode>
      <ItemType>1</ItemType>
      <ItemName>פלמוליב סבון לומינוס אבוקדו  500מ"ל.</ItemName>
      <ManufactureName>ש.שסטוביץ בעמ</ManufactureName>
      <ManufactureCountry />
      <ManufactureItemDescription />
      <UnitQty>י"ח</UnitQty>
      <Quantity>500</Quantity>
      <UnitMeasure>ל  מ"ל</UnitMeasure>
      <BisWeighted>0</BisWeighted>
      <QtyInPackage>1</QtyInPackage>
      <ItemPrice>15.90</ItemPrice>
      <UnitOfMeasurePrice>3.18</UnitOfMeasurePrice>
      <AllowDiscount>1</AllowDiscount>
      <itemStatus>1</itemStatus>
      <LastUpdateDate />
      <LastUpdateTime />
    </Product>
    <Product>
      <PriceUpdateDate>2019/02/03 09:34</PriceUpdateDate>
      <ItemCode>7290107976862</ItemCode>
      <ItemType>1</ItemType>
      <ItemName>פלמוליב סבון לומינוס מקדמיה 500מ"ל.</ItemName>
      <ManufactureName>ש.שסטוביץ בעמ</ManufactureName>
      <ManufactureCountry />
      <ManufactureItemDescription />
      <UnitQty>י"ח</UnitQty>
      <Quantity>500</Quantity>
      <UnitMeasure>ל  מ"ל</UnitMeasure>
      <BisWeighted>0</BisWeighted>
      <QtyInPackage>1</QtyInPackage>
      <ItemPrice>15.90</ItemPrice>
      <UnitOfMeasurePrice>3.18</UnitOfMeasurePrice>
      <AllowDiscount>1</AllowDiscount>
      <itemStatus>1</itemStatus>
      <LastUpdateDate />
      <LastUpdateTime />
    </Product>
    <Product>
      <PriceUpdateDate>2019/10/11 06:48</PriceUpdateDate>
      <ItemCode>7290107977456</ItemCode>
      <ItemType>1</ItemType>
      <ItemName>פלמוליב מן גל רחצה  ושמפו 750מ"ל ספורט</ItemName>
      <ManufactureName>ש.שסטוביץ בעמ</ManufactureName>
      <ManufactureCountry />
      <ManufactureItemDescription />
      <UnitQty>י"ח</UnitQty>
      <Quantity>750</Quantity>
      <UnitMeasure>ל  מ"ל</UnitMeasure>
      <BisWeighted>0</BisWeighted>
      <QtyInPackage>1</QtyInPackage>
      <ItemPrice>22.90</ItemPrice>
      <UnitOfMeasurePrice>3.05</UnitOfMeasurePrice>
      <AllowDiscount>1</AllowDiscount>
      <itemStatus>1</itemStatus>
      <LastUpdateDate />
      <LastUpdateTime />
    </Product>
    <Product>
      <PriceUpdateDate>2018/04/23 10:49</PriceUpdateDate>
      <ItemCode>7290107978101</ItemCode>
      <ItemType>1</ItemType>
      <ItemName>קולגייט  אופטיק וויט אקסטרה  75מ"ל</ItemName>
      <ManufactureName>ש.שסטוביץ בעמ</ManufactureName>
      <ManufactureCountry />
      <ManufactureItemDescription />
      <UnitQty>י"ח</UnitQty>
      <Quantity>256</Quantity>
      <UnitMeasure>ל  גרם</UnitMeasure>
      <BisWeighted>0</BisWeighted>
      <QtyInPackage>1</QtyInPackage>
      <ItemPrice>29.90</ItemPrice>
      <UnitOfMeasurePrice>11.68</UnitOfMeasurePrice>
      <AllowDiscount>1</AllowDiscount>
      <itemStatus>1</itemStatus>
      <LastUpdateDate />
      <LastUpdateTime />
    </Product>
    <Product>
      <PriceUpdateDate>2017/08/07 09:15</PriceUpdateDate>
      <ItemCode>7290107978453</ItemCode>
      <ItemType>1</ItemType>
      <ItemName>קראנצ וס גריל 55ג חדש</ItemName>
      <ManufactureName>ש.שסטוביץ בעמ</ManufactureName>
      <ManufactureCountry />
      <ManufactureItemDescription />
      <UnitQty>י"ח</UnitQty>
      <Quantity>55</Quantity>
      <UnitMeasure>ל  גרם</UnitMeasure>
      <BisWeighted>0</BisWeighted>
      <QtyInPackage>1</QtyInPackage>
      <ItemPrice>3.90</ItemPrice>
      <UnitOfMeasurePrice>7.09</UnitOfMeasurePrice>
      <AllowDiscount>1</AllowDiscount>
      <itemStatus>1</itemStatus>
      <LastUpdateDate />
      <LastUpdateTime />
    </Product>
    <Product>
      <PriceUpdateDate>2017/08/07 09:15</PriceUpdateDate>
      <ItemCode>7290107978460</ItemCode>
      <ItemType>1</ItemType>
      <ItemName>קראנצ וס פלאפל  60ג חדש</ItemName>
      <ManufactureName>ש.שסטוביץ בעמ</ManufactureName>
      <ManufactureCountry />
      <ManufactureItemDescription />
      <UnitQty>י"ח</UnitQty>
      <Quantity>60</Quantity>
      <UnitMeasure>ל  גרם</UnitMeasure>
      <BisWeighted>0</BisWeighted>
      <QtyInPackage>1</QtyInPackage>
      <ItemPrice>3.90</ItemPrice>
      <UnitOfMeasurePrice>6.50</UnitOfMeasurePrice>
      <AllowDiscount>1</AllowDiscount>
      <itemStatus>1</itemStatus>
      <LastUpdateDate />
      <LastUpdateTime />
    </Product>
    <Product>
      <PriceUpdateDate>2015/06/14 09:46</PriceUpdateDate>
      <ItemCode>7290108200201</ItemCode>
      <ItemType>1</ItemType>
      <ItemName>וניש גולד אבקה 1.35ק"ג ורוד</ItemName>
      <ManufactureName>רקיט בנקיזר (ניר איסט) בעמ</ManufactureName>
      <ManufactureCountry />
      <ManufactureItemDescription />
      <UnitQty>י"ח</UnitQty>
      <Quantity>1.35</Quantity>
      <UnitMeasure>ק"ג</UnitMeasure>
      <BisWeighted>0</BisWeighted>
      <QtyInPackage>1</QtyInPackage>
      <ItemPrice>34.90</ItemPrice>
      <UnitOfMeasurePrice>25.85</UnitOfMeasurePrice>
      <AllowDiscount>1</AllowDiscount>
      <itemStatus>1</itemStatus>
      <LastUpdateDate />
      <LastUpdateTime />
    </Product>
    <Product>
      <PriceUpdateDate>2015/06/14 09:46</PriceUpdateDate>
      <ItemCode>7290108200218</ItemCode>
      <ItemType>1</ItemType>
      <ItemName>וניש גולד אבקה 1.35ק"ג לבן</ItemName>
      <ManufactureName>רקיט בנקיזר (ניר איסט) בעמ</ManufactureName>
      <ManufactureCountry />
      <ManufactureItemDescription />
      <UnitQty>י"ח</UnitQty>
      <Quantity>1.35</Quantity>
      <UnitMeasure>ק"ג</UnitMeasure>
      <BisWeighted>0</BisWeighted>
      <QtyInPackage>1</QtyInPackage>
      <ItemPrice>34.90</ItemPrice>
      <UnitOfMeasurePrice>25.85</UnitOfMeasurePrice>
      <AllowDiscount>1</AllowDiscount>
      <itemStatus>1</itemStatus>
      <LastUpdateDate />
      <LastUpdateTime />
    </Product>
    <Product>
      <PriceUpdateDate>2018/12/06 07:50</PriceUpdateDate>
      <ItemCode>7290108200225</ItemCode>
      <ItemType>1</ItemType>
      <ItemName>וניש גולד אבקה 470גר ורוד</ItemName>
      <ManufactureName>רקיט בנקיזר (ניר איסט) בעמ</ManufactureName>
      <ManufactureCountry />
      <ManufactureItemDescription />
      <UnitQty>י"ח</UnitQty>
      <Quantity>470</Quantity>
      <UnitMeasure>ל  גרם</UnitMeasure>
      <BisWeighted>0</BisWeighted>
      <QtyInPackage>1</QtyInPackage>
      <ItemPrice>15.90</ItemPrice>
      <UnitOfMeasurePrice>3.38</UnitOfMeasurePrice>
      <AllowDiscount>1</AllowDiscount>
      <itemStatus>1</itemStatus>
      <LastUpdateDate />
      <LastUpdateTime />
    </Product>
    <Product>
      <PriceUpdateDate>2018/12/06 07:50</PriceUpdateDate>
      <ItemCode>7290108200232</ItemCode>
      <ItemType>1</ItemType>
      <ItemName>וניש גולד אבקה 470גר לבן</ItemName>
      <ManufactureName>רקיט בנקיזר (ניר איסט) בעמ</ManufactureName>
      <ManufactureCountry />
      <ManufactureItemDescription />
      <UnitQty>י"ח</UnitQty>
      <Quantity>1.35</Quantity>
      <UnitMeasure>ק"ג</UnitMeasure>
      <BisWeighted>0</BisWeighted>
      <QtyInPackage>1</QtyInPackage>
      <ItemPrice>15.90</ItemPrice>
      <UnitOfMeasurePrice>11.78</UnitOfMeasurePrice>
      <AllowDiscount>1</AllowDiscount>
      <itemStatus>1</itemStatus>
      <LastUpdateDate />
      <LastUpdateTime />
    </Product>
    <Product>
      <PriceUpdateDate>2017/11/19 08:54</PriceUpdateDate>
      <ItemCode>7290108201062</ItemCode>
      <ItemType>1</ItemType>
      <ItemName>ויט רצועות שעווה לקו ביקיני ובית השחי</ItemName>
      <ManufactureName>רקיט בנקיזר (ניר איסט) בעמ</ManufactureName>
      <ManufactureCountry />
      <ManufactureItemDescription />
      <UnitQty>י"ח</UnitQty>
      <Quantity>1</Quantity>
      <UnitMeasure>י"ח</UnitMeasure>
      <BisWeighted>0</BisWeighted>
      <QtyInPackage>1</QtyInPackage>
      <ItemPrice>37.90</ItemPrice>
      <UnitOfMeasurePrice>37.90</UnitOfMeasurePrice>
      <AllowDiscount>1</AllowDiscount>
      <itemStatus>1</itemStatus>
      <LastUpdateDate />
      <LastUpdateTime />
    </Product>
    <Product>
      <PriceUpdateDate>2017/07/03 08:19</PriceUpdateDate>
      <ItemCode>7290108201284</ItemCode>
      <ItemType>1</ItemType>
      <ItemName>אירוויק מקלות לבנדר  30מ"ל</ItemName>
      <ManufactureName>רקיט בנקיזר (ניר איסט) בעמ</ManufactureName>
      <ManufactureCountry />
      <ManufactureItemDescription />
      <UnitQty>י"ח</UnitQty>
      <Quantity>30</Quantity>
      <UnitMeasure>ל  מ"ל</UnitMeasure>
      <BisWeighted>0</BisWeighted>
      <QtyInPackage>1</QtyInPackage>
      <ItemPrice>19.90</ItemPrice>
      <UnitOfMeasurePrice>66.33</UnitOfMeasurePrice>
      <AllowDiscount>1</AllowDiscount>
      <itemStatus>1</itemStatus>
      <LastUpdateDate />
      <LastUpdateTime />
    </Product>
    <Product>
      <PriceUpdateDate>2017/07/03 08:19</PriceUpdateDate>
      <ItemCode>7290108201291</ItemCode>
      <ItemType>1</ItemType>
      <ItemName>אירוויק מקלות ניחוח אביב 30מ"ל</ItemName>
      <ManufactureName>רקיט בנקיזר (ניר איסט) בעמ</ManufactureName>
      <ManufactureCountry />
      <ManufactureItemDescription />
      <UnitQty>י"ח</UnitQty>
      <Quantity>30</Quantity>
      <UnitMeasure>ל  מ"ל</UnitMeasure>
      <BisWeighted>0</BisWeighted>
      <QtyInPackage>1</QtyInPackage>
      <ItemPrice>19.90</ItemPrice>
      <UnitOfMeasurePrice>66.33</UnitOfMeasurePrice>
      <AllowDiscount>1</AllowDiscount>
      <itemStatus>1</itemStatus>
      <LastUpdateDate />
      <LastUpdateTime />
    </Product>
    <Product>
      <PriceUpdateDate>2018/10/08 07:48</PriceUpdateDate>
      <ItemCode>7290108201802</ItemCode>
      <ItemType>1</ItemType>
      <ItemName>דטול ספריי חיטוי בניחוח כביסה 400מ"ל</ItemName>
      <ManufactureName>רקיט בנקיזר (ניר איסט) בעמ</ManufactureName>
      <ManufactureCountry />
      <ManufactureItemDescription />
      <UnitQty>י"ח</UnitQty>
      <Quantity>400</Quantity>
      <UnitMeasure>ל  מ"ל</UnitMeasure>
      <BisWeighted>0</BisWeighted>
      <QtyInPackage>1</QtyInPackage>
      <ItemPrice>24.90</ItemPrice>
      <UnitOfMeasurePrice>6.23</UnitOfMeasurePrice>
      <AllowDiscount>1</AllowDiscount>
      <itemStatus>1</itemStatus>
      <LastUpdateDate />
      <LastUpdateTime />
    </Product>
    <Product>
      <PriceUpdateDate>2017/12/14 11:23</PriceUpdateDate>
      <ItemCode>7290108201819</ItemCode>
      <ItemType>1</ItemType>
      <ItemName>וולייט גל לכביסה גולד 1.5 ליטר</ItemName>
      <ManufactureName>רקיט בנקיזר (ניר איסט) בעמ</ManufactureName>
      <ManufactureCountry />
      <ManufactureItemDescription />
      <UnitQty>י"ח</UnitQty>
      <Quantity>1.50</Quantity>
      <UnitMeasure>ליטר</UnitMeasure>
      <BisWeighted>0</BisWeighted>
      <QtyInPackage>1</QtyInPackage>
      <ItemPrice>19.90</ItemPrice>
      <UnitOfMeasurePrice>13.27</UnitOfMeasurePrice>
      <AllowDiscount>1</AllowDiscount>
      <itemStatus>1</itemStatus>
      <LastUpdateDate />
      <LastUpdateTime />
    </Product>
    <Product>
      <PriceUpdateDate>2018/10/08 07:48</PriceUpdateDate>
      <ItemCode>7290108201963</ItemCode>
      <ItemType>1</ItemType>
      <ItemName>דטול ספריי חיטוי בניחוח פריחה 400מ"ל</ItemName>
      <ManufactureName>רקיט בנקיזר (ניר איסט) בעמ</ManufactureName>
      <ManufactureCountry />
      <ManufactureItemDescription />
      <UnitQty>י"ח</UnitQty>
      <Quantity>400</Quantity>
      <UnitMeasure>ל  מ"ל</UnitMeasure>
      <BisWeighted>0</BisWeighted>
      <QtyInPackage>1</QtyInPackage>
      <ItemPrice>24.90</ItemPrice>
      <UnitOfMeasurePrice>6.23</UnitOfMeasurePrice>
      <AllowDiscount>1</AllowDiscount>
      <itemStatus>1</itemStatus>
      <LastUpdateDate />
      <LastUpdateTime />
    </Product>
    <Product>
      <PriceUpdateDate>2017/12/14 11:23</PriceUpdateDate>
      <ItemCode>7290108201970</ItemCode>
      <ItemType>1</ItemType>
      <ItemName>וולייט גל לכביסה עדינה 1.5 ליטר</ItemName>
      <ManufactureName>רקיט בנקיזר (ניר איסט) בעמ</ManufactureName>
      <ManufactureCountry />
      <ManufactureItemDescription />
      <UnitQty>י"ח</UnitQty>
      <Quantity>1.50</Quantity>
      <UnitMeasure>ליטר</UnitMeasure>
      <BisWeighted>0</BisWeighted>
      <QtyInPackage>1</QtyInPackage>
      <ItemPrice>19.90</ItemPrice>
      <UnitOfMeasurePrice>13.27</UnitOfMeasurePrice>
      <AllowDiscount>1</AllowDiscount>
      <itemStatus>1</itemStatus>
      <LastUpdateDate />
      <LastUpdateTime />
    </Product>
    <Product>
      <PriceUpdateDate>2018/10/08 07:48</PriceUpdateDate>
      <ItemCode>7290108201987</ItemCode>
      <ItemType>1</ItemType>
      <ItemName>דטול ספריי בניחוח מפל אביבי 400מ"ל</ItemName>
      <ManufactureName>רקיט בנקיזר (ניר איסט) בעמ</ManufactureName>
      <ManufactureCountry />
      <ManufactureItemDescription />
      <UnitQty>י"ח</UnitQty>
      <Quantity>400</Quantity>
      <UnitMeasure>ל  מ"ל</UnitMeasure>
      <BisWeighted>0</BisWeighted>
      <QtyInPackage>1</QtyInPackage>
      <ItemPrice>24.90</ItemPrice>
      <UnitOfMeasurePrice>6.23</UnitOfMeasurePrice>
      <AllowDiscount>1</AllowDiscount>
      <itemStatus>1</itemStatus>
      <LastUpdateDate />
      <LastUpdateTime />
    </Product>
    <Product>
      <PriceUpdateDate>2017/10/10 11:52</PriceUpdateDate>
      <ItemCode>7290108275568</ItemCode>
      <ItemType>1</ItemType>
      <ItemName>כפיות לבן 100יח אופל שווה</ItemName>
      <ManufactureName>ח.כהן סוכנות מזון ומשקאות בע</ManufactureName>
      <ManufactureCountry />
      <ManufactureItemDescription />
      <UnitQty>י"ח</UnitQty>
      <Quantity>100</Quantity>
      <UnitMeasure>י"ח</UnitMeasure>
      <BisWeighted>0</BisWeighted>
      <QtyInPackage>1</QtyInPackage>
      <ItemPrice>4.90</ItemPrice>
      <UnitOfMeasurePrice>0.05</UnitOfMeasurePrice>
      <AllowDiscount>1</AllowDiscount>
      <itemStatus>1</itemStatus>
      <LastUpdateDate />
      <LastUpdateTime />
    </Product>
    <Product>
      <PriceUpdateDate>2020/04/19 12:23</PriceUpdateDate>
      <ItemCode>7290108350500</ItemCode>
      <ItemType>1</ItemType>
      <ItemName>סנובון מוצק דאבל אקשן בניחוח תפוז</ItemName>
      <ManufactureName>החב הדרומית לשיווק</ManufactureName>
      <ManufactureCountry />
      <ManufactureItemDescription />
      <UnitQty>י"ח</UnitQty>
      <Quantity>750</Quantity>
      <UnitMeasure>ל  מ"ל</UnitMeasure>
      <BisWeighted>0</BisWeighted>
      <QtyInPackage>1</QtyInPackage>
      <ItemPrice>10.90</ItemPrice>
      <UnitOfMeasurePrice>1.45</UnitOfMeasurePrice>
      <AllowDiscount>1</AllowDiscount>
      <itemStatus>1</itemStatus>
      <LastUpdateDate />
      <LastUpdateTime />
    </Product>
    <Product>
      <PriceUpdateDate>2019/12/04 13:48</PriceUpdateDate>
      <ItemCode>7290108350616</ItemCode>
      <ItemType>1</ItemType>
      <ItemName>מרכך מקסימה  כביסה 1 ליטר בלו</ItemName>
      <ManufactureName>החב הדרומית לשיווק</ManufactureName>
      <ManufactureCountry />
      <ManufactureItemDescription />
      <UnitQty>י"ח</UnitQty>
      <Quantity>1</Quantity>
      <UnitMeasure>ליטר</UnitMeasure>
      <BisWeighted>0</BisWeighted>
      <QtyInPackage>1</QtyInPackage>
      <ItemPrice>15.90</ItemPrice>
      <UnitOfMeasurePrice>15.90</UnitOfMeasurePrice>
      <AllowDiscount>1</AllowDiscount>
      <itemStatus>1</itemStatus>
      <LastUpdateDate />
      <LastUpdateTime />
    </Product>
    <Product>
      <PriceUpdateDate>2019/12/04 13:48</PriceUpdateDate>
      <ItemCode>7290108350623</ItemCode>
      <ItemType>1</ItemType>
      <ItemName>מרכך מקסימהכביסה 1 ליטר סופט סילק</ItemName>
      <ManufactureName>החב הדרומית לשיווק</ManufactureName>
      <ManufactureCountry />
      <ManufactureItemDescription />
      <UnitQty>י"ח</UnitQty>
      <Quantity>1</Quantity>
      <UnitMeasure>ליטר</UnitMeasure>
      <BisWeighted>0</BisWeighted>
      <QtyInPackage>1</QtyInPackage>
      <ItemPrice>15.90</ItemPrice>
      <UnitOfMeasurePrice>15.90</UnitOfMeasurePrice>
      <AllowDiscount>1</AllowDiscount>
      <itemStatus>1</itemStatus>
      <LastUpdateDate />
      <LastUpdateTime />
    </Product>
    <Product>
      <PriceUpdateDate>2019/12/04 13:48</PriceUpdateDate>
      <ItemCode>7290108350692</ItemCode>
      <ItemType>1</ItemType>
      <ItemName>סנו מקסימה קומפקט 6 ק"ג BLACK</ItemName>
      <ManufactureName>החב הדרומית לשיווק</ManufactureName>
      <ManufactureCountry />
      <ManufactureItemDescription />
      <UnitQty>י"ח</UnitQty>
      <Quantity>6</Quantity>
      <UnitMeasure>ק"ג</UnitMeasure>
      <BisWeighted>0</BisWeighted>
      <QtyInPackage>1</QtyInPackage>
      <ItemPrice>44.90</ItemPrice>
      <UnitOfMeasurePrice>7.48</UnitOfMeasurePrice>
      <AllowDiscount>1</AllowDiscount>
      <itemStatus>1</itemStatus>
      <LastUpdateDate />
      <LastUpdateTime />
    </Product>
    <Product>
      <PriceUpdateDate>2020/01/12 13:26</PriceUpdateDate>
      <ItemCode>7290108350968</ItemCode>
      <ItemType>1</ItemType>
      <ItemName>דאו`ספריי קרמה150מ"ל</ItemName>
      <ManufactureName>החב הדרומית לשיווק</ManufactureName>
      <ManufactureCountry />
      <ManufactureItemDescription />
      <UnitQty>י"ח</UnitQty>
      <Quantity>7500</Quantity>
      <UnitMeasure>ל  מ"ל</UnitMeasure>
      <BisWeighted>0</BisWeighted>
      <QtyInPackage>1</QtyInPackage>
      <ItemPrice>13.90</ItemPrice>
      <UnitOfMeasurePrice>0.19</UnitOfMeasurePrice>
      <AllowDiscount>1</AllowDiscount>
      <itemStatus>1</itemStatus>
      <LastUpdateDate />
      <LastUpdateTime />
    </Product>
    <Product>
      <PriceUpdateDate>2019/12/09 09:27</PriceUpdateDate>
      <ItemCode>7290108350975</ItemCode>
      <ItemType>1</ItemType>
      <ItemName>קרמה רול-און קלאסי</ItemName>
      <ManufactureName>החב הדרומית לשיווק</ManufactureName>
      <ManufactureCountry />
      <ManufactureItemDescription />
      <UnitQty>י"ח</UnitQty>
      <Quantity>80</Quantity>
      <UnitMeasure>ל  מ"ל</UnitMeasure>
      <BisWeighted>0</BisWeighted>
      <QtyInPackage>1</QtyInPackage>
      <ItemPrice>15.90</ItemPrice>
      <UnitOfMeasurePrice>19.88</UnitOfMeasurePrice>
      <AllowDiscount>1</AllowDiscount>
      <itemStatus>1</itemStatus>
      <LastUpdateDate />
      <LastUpdateTime />
    </Product>
    <Product>
      <PriceUpdateDate>2019/12/04 13:48</PriceUpdateDate>
      <ItemCode>7290108351149</ItemCode>
      <ItemType>1</ItemType>
      <ItemName>סנו גט לניקוי כללי ורצפות+סודה 1.5ל.</ItemName>
      <ManufactureName>החב הדרומית לשיווק</ManufactureName>
      <ManufactureCountry />
      <ManufactureItemDescription />
      <UnitQty>י"ח</UnitQty>
      <Quantity>1.50</Quantity>
      <UnitMeasure>ליטר</UnitMeasure>
      <BisWeighted>0</BisWeighted>
      <QtyInPackage>1</QtyInPackage>
      <ItemPrice>14.90</ItemPrice>
      <UnitOfMeasurePrice>9.93</UnitOfMeasurePrice>
      <AllowDiscount>1</AllowDiscount>
      <itemStatus>1</itemStatus>
      <LastUpdateDate />
      <LastUpdateTime />
    </Product>
    <Product>
      <PriceUpdateDate>2019/12/04 13:48</PriceUpdateDate>
      <ItemCode>7290108351156</ItemCode>
      <ItemType>1</ItemType>
      <ItemName>סנו גט לניקוי כללי ורצפות+חומץ 1.5ל.</ItemName>
      <ManufactureName>החב הדרומית לשיווק</ManufactureName>
      <ManufactureCountry />
      <ManufactureItemDescription />
      <UnitQty>י"ח</UnitQty>
      <Quantity>1.50</Quantity>
      <UnitMeasure>ליטר</UnitMeasure>
      <BisWeighted>0</BisWeighted>
      <QtyInPackage>1</QtyInPackage>
      <ItemPrice>14.90</ItemPrice>
      <UnitOfMeasurePrice>9.93</UnitOfMeasurePrice>
      <AllowDiscount>1</AllowDiscount>
      <itemStatus>1</itemStatus>
      <LastUpdateDate />
      <LastUpdateTime />
    </Product>
    <Product>
      <PriceUpdateDate>2017/07/10 10:09</PriceUpdateDate>
      <ItemCode>7290108351613</ItemCode>
      <ItemType>1</ItemType>
      <ItemName>ריצפז פרש הום בית מלון חלומי 2ל לרצפה</ItemName>
      <ManufactureName>החב הדרומית לשיווק</ManufactureName>
      <ManufactureCountry />
      <ManufactureItemDescription />
      <UnitQty>י"ח</UnitQty>
      <Quantity>1.45</Quantity>
      <UnitMeasure>ליטר</UnitMeasure>
      <BisWeighted>0</BisWeighted>
      <QtyInPackage>1</QtyInPackage>
      <ItemPrice>19.90</ItemPrice>
      <UnitOfMeasurePrice>13.72</UnitOfMeasurePrice>
      <AllowDiscount>1</AllowDiscount>
      <itemStatus>1</itemStatus>
      <LastUpdateDate />
      <LastUpdateTime />
    </Product>
    <Product>
      <PriceUpdateDate>2019/12/04 13:48</PriceUpdateDate>
      <ItemCode>7290108351699</ItemCode>
      <ItemType>1</ItemType>
      <ItemName>מגבוני JET ניקוי+חומץ מארז שלישייה</ItemName>
      <ManufactureName>החב הדרומית לשיווק</ManufactureName>
      <ManufactureCountry />
      <ManufactureItemDescription />
      <UnitQty>י"ח</UnitQty>
      <Quantity>1</Quantity>
      <UnitMeasure />
      <BisWeighted>0</BisWeighted>
      <QtyInPackage>1</QtyInPackage>
      <ItemPrice>19.90</ItemPrice>
      <UnitOfMeasurePrice>19.90</UnitOfMeasurePrice>
      <AllowDiscount>1</AllowDiscount>
      <itemStatus>1</itemStatus>
      <LastUpdateDate />
      <LastUpdateTime />
    </Product>
    <Product>
      <PriceUpdateDate>2019/12/04 13:48</PriceUpdateDate>
      <ItemCode>7290108351705</ItemCode>
      <ItemType>1</ItemType>
      <ItemName>פניני בישום FRESH LINEN י 275 גרם</ItemName>
      <ManufactureName>החב הדרומית לשיווק</ManufactureName>
      <ManufactureCountry />
      <ManufactureItemDescription />
      <UnitQty>י"ח</UnitQty>
      <Quantity>275</Quantity>
      <UnitMeasure>ל  גרם</UnitMeasure>
      <BisWeighted>0</BisWeighted>
      <QtyInPackage>1</QtyInPackage>
      <ItemPrice>29.90</ItemPrice>
      <UnitOfMeasurePrice>10.87</UnitOfMeasurePrice>
      <AllowDiscount>1</AllowDiscount>
      <itemStatus>1</itemStatus>
      <LastUpdateDate />
      <LastUpdateTime />
    </Product>
    <Product>
      <PriceUpdateDate>2019/12/04 13:48</PriceUpdateDate>
      <ItemCode>7290108351712</ItemCode>
      <ItemType>1</ItemType>
      <ItemName>פניני בישום LOVELY י 275 גרם</ItemName>
      <ManufactureName>החב הדרומית לשיווק</ManufactureName>
      <ManufactureCountry />
      <ManufactureItemDescription />
      <UnitQty>י"ח</UnitQty>
      <Quantity>275</Quantity>
      <UnitMeasure>ל  גרם</UnitMeasure>
      <BisWeighted>0</BisWeighted>
      <QtyInPackage>1</QtyInPackage>
      <ItemPrice>29.90</ItemPrice>
      <UnitOfMeasurePrice>10.87</UnitOfMeasurePrice>
      <AllowDiscount>1</AllowDiscount>
      <itemStatus>1</itemStatus>
      <LastUpdateDate />
      <LastUpdateTime />
    </Product>
    <Product>
      <PriceUpdateDate>2019/12/04 13:48</PriceUpdateDate>
      <ItemCode>7290108351767</ItemCode>
      <ItemType>1</ItemType>
      <ItemName>סנופרש מכשיר אוטומטי לבישום אוויר</ItemName>
      <ManufactureName>החב הדרומית לשיווק</ManufactureName>
      <ManufactureCountry />
      <ManufactureItemDescription />
      <UnitQty>י"ח</UnitQty>
      <Quantity>350</Quantity>
      <UnitMeasure>ל  מ"ל</UnitMeasure>
      <BisWeighted>0</BisWeighted>
      <QtyInPackage>1</QtyInPackage>
      <ItemPrice>46.90</ItemPrice>
      <UnitOfMeasurePrice>13.40</UnitOfMeasurePrice>
      <AllowDiscount>1</AllowDiscount>
      <itemStatus>1</itemStatus>
      <LastUpdateDate />
      <LastUpdateTime />
    </Product>
    <Product>
      <PriceUpdateDate>2019/12/04 13:48</PriceUpdateDate>
      <ItemCode>7290108351811</ItemCode>
      <ItemType>1</ItemType>
      <ItemName>מרכך מקסימה סופר מרוכז Floral tou 1 ליטר</ItemName>
      <ManufactureName>החב הדרומית לשיווק</ManufactureName>
      <ManufactureCountry />
      <ManufactureItemDescription />
      <UnitQty>י"ח</UnitQty>
      <Quantity>1</Quantity>
      <UnitMeasure>ליטר</UnitMeasure>
      <BisWeighted>0</BisWeighted>
      <QtyInPackage>1</QtyInPackage>
      <ItemPrice>15.90</ItemPrice>
      <UnitOfMeasurePrice>15.90</UnitOfMeasurePrice>
      <AllowDiscount>1</AllowDiscount>
      <itemStatus>1</itemStatus>
      <LastUpdateDate />
      <LastUpdateTime />
    </Product>
    <Product>
      <PriceUpdateDate>2019/12/04 13:48</PriceUpdateDate>
      <ItemCode>7290108351910</ItemCode>
      <ItemType>1</ItemType>
      <ItemName>טבליות למדיח 30יח ספארק</ItemName>
      <ManufactureName>החב הדרומית לשיווק</ManufactureName>
      <ManufactureCountry />
      <ManufactureItemDescription />
      <UnitQty>י"ח</UnitQty>
      <Quantity>30</Quantity>
      <UnitMeasure>י"ח</UnitMeasure>
      <BisWeighted>0</BisWeighted>
      <QtyInPackage>1</QtyInPackage>
      <ItemPrice>21.90</ItemPrice>
      <UnitOfMeasurePrice>0.73</UnitOfMeasurePrice>
      <AllowDiscount>1</AllowDiscount>
      <itemStatus>1</itemStatus>
      <LastUpdateDate />
      <LastUpdateTime />
    </Product>
    <Product>
      <PriceUpdateDate>2020/04/19 12:23</PriceUpdateDate>
      <ItemCode>7290108351927</ItemCode>
      <ItemType>1</ItemType>
      <ItemName>טבליות למדיח 70יח ספארק</ItemName>
      <ManufactureName>החב הדרומית לשיווק</ManufactureName>
      <ManufactureCountry />
      <ManufactureItemDescription />
      <UnitQty>י"ח</UnitQty>
      <Quantity>70</Quantity>
      <UnitMeasure>י"ח</UnitMeasure>
      <BisWeighted>0</BisWeighted>
      <QtyInPackage>1</QtyInPackage>
      <ItemPrice>44.90</ItemPrice>
      <UnitOfMeasurePrice>0.64</UnitOfMeasurePrice>
      <AllowDiscount>1</AllowDiscount>
      <itemStatus>1</itemStatus>
      <LastUpdateDate />
      <LastUpdateTime />
    </Product>
    <Product>
      <PriceUpdateDate>2019/12/17 10:06</PriceUpdateDate>
      <ItemCode>7290108353006</ItemCode>
      <ItemType>1</ItemType>
      <ItemName>שקיות אוכל נקשרות 250יח</ItemName>
      <ManufactureName>החב הדרומית לשיווק</ManufactureName>
      <ManufactureCountry />
      <ManufactureItemDescription />
      <UnitQty>י"ח</UnitQty>
      <Quantity>1</Quantity>
      <UnitMeasure />
      <BisWeighted>0</BisWeighted>
      <QtyInPackage>1</QtyInPackage>
      <ItemPrice>10.90</ItemPrice>
      <UnitOfMeasurePrice>10.90</UnitOfMeasurePrice>
      <AllowDiscount>1</AllowDiscount>
      <itemStatus>1</itemStatus>
      <LastUpdateDate />
      <LastUpdateTime />
    </Product>
    <Product>
      <PriceUpdateDate>2019/10/24 06:29</PriceUpdateDate>
      <ItemCode>7290108353334</ItemCode>
      <ItemType>1</ItemType>
      <ItemName>כיף שמפו למניעת קשקשים שמן עץ התה</ItemName>
      <ManufactureName>החב הדרומית לשיווק</ManufactureName>
      <ManufactureCountry />
      <ManufactureItemDescription />
      <UnitQty>י"ח</UnitQty>
      <Quantity>700</Quantity>
      <UnitMeasure>ל  מ"ל</UnitMeasure>
      <BisWeighted>0</BisWeighted>
      <QtyInPackage>1</QtyInPackage>
      <ItemPrice>12.90</ItemPrice>
      <UnitOfMeasurePrice>1.84</UnitOfMeasurePrice>
      <AllowDiscount>1</AllowDiscount>
      <itemStatus>1</itemStatus>
      <LastUpdateDate />
      <LastUpdateTime />
    </Product>
    <Product>
      <PriceUpdateDate>2019/10/24 06:29</PriceUpdateDate>
      <ItemCode>7290108353341</ItemCode>
      <ItemType>1</ItemType>
      <ItemName>כיף מרכך למניעת קשקשים שמן עץ התה</ItemName>
      <ManufactureName>החב הדרומית לשיווק</ManufactureName>
      <ManufactureCountry />
      <ManufactureItemDescription />
      <UnitQty>י"ח</UnitQty>
      <Quantity>700</Quantity>
      <UnitMeasure>ל  מ"ל</UnitMeasure>
      <BisWeighted>0</BisWeighted>
      <QtyInPackage>1</QtyInPackage>
      <ItemPrice>12.90</ItemPrice>
      <UnitOfMeasurePrice>1.84</UnitOfMeasurePrice>
      <AllowDiscount>1</AllowDiscount>
      <itemStatus>1</itemStatus>
      <LastUpdateDate />
      <LastUpdateTime />
    </Product>
    <Product>
      <PriceUpdateDate>2019/12/11 09:26</PriceUpdateDate>
      <ItemCode>7290108353501</ItemCode>
      <ItemType>1</ItemType>
      <ItemName>שקיות אשפה 25יח עם ידיות</ItemName>
      <ManufactureName>החב הדרומית לשיווק</ManufactureName>
      <ManufactureCountry />
      <ManufactureItemDescription />
      <UnitQty>י"ח</UnitQty>
      <Quantity>1</Quantity>
      <UnitMeasure />
      <BisWeighted>0</BisWeighted>
      <QtyInPackage>1</QtyInPackage>
      <ItemPrice>23.90</ItemPrice>
      <UnitOfMeasurePrice>23.90</UnitOfMeasurePrice>
      <AllowDiscount>1</AllowDiscount>
      <itemStatus>1</itemStatus>
      <LastUpdateDate />
      <LastUpdateTime />
    </Product>
    <Product>
      <PriceUpdateDate>2019/12/11 09:26</PriceUpdateDate>
      <ItemCode>7290108353532</ItemCode>
      <ItemType>1</ItemType>
      <ItemName>שקיות אשפה 100שקיות בגליל סנו סושי</ItemName>
      <ManufactureName>החב הדרומית לשיווק</ManufactureName>
      <ManufactureCountry />
      <ManufactureItemDescription />
      <UnitQty>י"ח</UnitQty>
      <Quantity>100</Quantity>
      <UnitMeasure>י"ח</UnitMeasure>
      <BisWeighted>0</BisWeighted>
      <QtyInPackage>1</QtyInPackage>
      <ItemPrice>34.90</ItemPrice>
      <UnitOfMeasurePrice>0.35</UnitOfMeasurePrice>
      <AllowDiscount>1</AllowDiscount>
      <itemStatus>1</itemStatus>
      <LastUpdateDate />
      <LastUpdateTime />
    </Product>
    <Product>
      <PriceUpdateDate>2019/12/04 13:48</PriceUpdateDate>
      <ItemCode>7290108354874</ItemCode>
      <ItemType>1</ItemType>
      <ItemName>קרמה סבון מוצק מאסק</ItemName>
      <ManufactureName>החב הדרומית לשיווק</ManufactureName>
      <ManufactureCountry />
      <ManufactureItemDescription />
      <UnitQty>י"ח</UnitQty>
      <Quantity>410</Quantity>
      <UnitMeasure>ל  גרם</UnitMeasure>
      <BisWeighted>0</BisWeighted>
      <QtyInPackage>1</QtyInPackage>
      <ItemPrice>12.90</ItemPrice>
      <UnitOfMeasurePrice>3.15</UnitOfMeasurePrice>
      <AllowDiscount>1</AllowDiscount>
      <itemStatus>1</itemStatus>
      <LastUpdateDate />
      <LastUpdateTime />
    </Product>
    <Product>
      <PriceUpdateDate>2019/12/04 13:48</PriceUpdateDate>
      <ItemCode>7290108354881</ItemCode>
      <ItemType>1</ItemType>
      <ItemName>קרמה סבון מוצק פילינג</ItemName>
      <ManufactureName>החב הדרומית לשיווק</ManufactureName>
      <ManufactureCountry />
      <ManufactureItemDescription />
      <UnitQty>י"ח</UnitQty>
      <Quantity>410</Quantity>
      <UnitMeasure>ל  גרם</UnitMeasure>
      <BisWeighted>0</BisWeighted>
      <QtyInPackage>1</QtyInPackage>
      <ItemPrice>12.90</ItemPrice>
      <UnitOfMeasurePrice>3.15</UnitOfMeasurePrice>
      <AllowDiscount>1</AllowDiscount>
      <itemStatus>1</itemStatus>
      <LastUpdateDate />
      <LastUpdateTime />
    </Product>
    <Product>
      <PriceUpdateDate>2020/01/12 13:26</PriceUpdateDate>
      <ItemCode>7290108354898</ItemCode>
      <ItemType>1</ItemType>
      <ItemName>קרמה סבון מוצק שמנים</ItemName>
      <ManufactureName>החב הדרומית לשיווק</ManufactureName>
      <ManufactureCountry />
      <ManufactureItemDescription />
      <UnitQty>י"ח</UnitQty>
      <Quantity>410</Quantity>
      <UnitMeasure>ל  גרם</UnitMeasure>
      <BisWeighted>0</BisWeighted>
      <QtyInPackage>1</QtyInPackage>
      <ItemPrice>12.90</ItemPrice>
      <UnitOfMeasurePrice>3.15</UnitOfMeasurePrice>
      <AllowDiscount>1</AllowDiscount>
      <itemStatus>1</itemStatus>
      <LastUpdateDate />
      <LastUpdateTime />
    </Product>
    <Product>
      <PriceUpdateDate>2019/12/04 13:48</PriceUpdateDate>
      <ItemCode>7290108354904</ItemCode>
      <ItemType>1</ItemType>
      <ItemName>קרמה סבון מוצק בוץ</ItemName>
      <ManufactureName>החב הדרומית לשיווק</ManufactureName>
      <ManufactureCountry />
      <ManufactureItemDescription />
      <UnitQty>י"ח</UnitQty>
      <Quantity>410</Quantity>
      <UnitMeasure>ל  גרם</UnitMeasure>
      <BisWeighted>0</BisWeighted>
      <QtyInPackage>1</QtyInPackage>
      <ItemPrice>12.90</ItemPrice>
      <UnitOfMeasurePrice>3.15</UnitOfMeasurePrice>
      <AllowDiscount>1</AllowDiscount>
      <itemStatus>1</itemStatus>
      <LastUpdateDate />
      <LastUpdateTime />
    </Product>
    <Product>
      <PriceUpdateDate>2019/12/04 13:48</PriceUpdateDate>
      <ItemCode>7290108354935</ItemCode>
      <ItemType>1</ItemType>
      <ItemName>קרמה תחליב רחצה 750מ"ל</ItemName>
      <ManufactureName>החב הדרומית לשיווק</ManufactureName>
      <ManufactureCountry />
      <ManufactureItemDescription />
      <UnitQty>י"ח</UnitQty>
      <Quantity>750</Quantity>
      <UnitMeasure>ל  מ"ל</UnitMeasure>
      <BisWeighted>0</BisWeighted>
      <QtyInPackage>1</QtyInPackage>
      <ItemPrice>15.90</ItemPrice>
      <UnitOfMeasurePrice>2.12</UnitOfMeasurePrice>
      <AllowDiscount>1</AllowDiscount>
      <itemStatus>1</itemStatus>
      <LastUpdateDate />
      <LastUpdateTime />
    </Product>
    <Product>
      <PriceUpdateDate>2019/12/17 10:06</PriceUpdateDate>
      <ItemCode>7290108355000</ItemCode>
      <ItemType>1</ItemType>
      <ItemName>שמפו  מיניונים נקה 7 קידס</ItemName>
      <ManufactureName>החב הדרומית לשיווק</ManufactureName>
      <ManufactureCountry />
      <ManufactureItemDescription />
      <UnitQty>י"ח</UnitQty>
      <Quantity>750</Quantity>
      <UnitMeasure>ל  מ"ל</UnitMeasure>
      <BisWeighted>0</BisWeighted>
      <QtyInPackage>1</QtyInPackage>
      <ItemPrice>10.90</ItemPrice>
      <UnitOfMeasurePrice>1.45</UnitOfMeasurePrice>
      <AllowDiscount>1</AllowDiscount>
      <itemStatus>1</itemStatus>
      <LastUpdateDate />
      <LastUpdateTime />
    </Product>
    <Product>
      <PriceUpdateDate>2019/12/17 10:06</PriceUpdateDate>
      <ItemCode>7290108355017</ItemCode>
      <ItemType>1</ItemType>
      <ItemName>מרכך  מיניונים נקה 7 קידס</ItemName>
      <ManufactureName>החב הדרומית לשיווק</ManufactureName>
      <ManufactureCountry />
      <ManufactureItemDescription />
      <UnitQty>י"ח</UnitQty>
      <Quantity>750</Quantity>
      <UnitMeasure>ל  מ"ל</UnitMeasure>
      <BisWeighted>0</BisWeighted>
      <QtyInPackage>1</QtyInPackage>
      <ItemPrice>10.90</ItemPrice>
      <UnitOfMeasurePrice>1.45</UnitOfMeasurePrice>
      <AllowDiscount>1</AllowDiscount>
      <itemStatus>1</itemStatus>
      <LastUpdateDate />
      <LastUpdateTime />
    </Product>
    <Product>
      <PriceUpdateDate>2019/12/17 10:06</PriceUpdateDate>
      <ItemCode>7290108355024</ItemCode>
      <ItemType>1</ItemType>
      <ItemName>שמפו+מרכך  מיניונים נקה 7 קידס</ItemName>
      <ManufactureName>החב הדרומית לשיווק</ManufactureName>
      <ManufactureCountry />
      <ManufactureItemDescription />
      <UnitQty>י"ח</UnitQty>
      <Quantity>750</Quantity>
      <UnitMeasure>ל  מ"ל</UnitMeasure>
      <BisWeighted>0</BisWeighted>
      <QtyInPackage>1</QtyInPackage>
      <ItemPrice>10.90</ItemPrice>
      <UnitOfMeasurePrice>1.45</UnitOfMeasurePrice>
      <AllowDiscount>1</AllowDiscount>
      <itemStatus>1</itemStatus>
      <LastUpdateDate />
      <LastUpdateTime />
    </Product>
    <Product>
      <PriceUpdateDate>2019/12/17 10:06</PriceUpdateDate>
      <ItemCode>7290108355031</ItemCode>
      <ItemType>1</ItemType>
      <ItemName>אל סבון מיניונים נקה 7 קידס</ItemName>
      <ManufactureName>החב הדרומית לשיווק</ManufactureName>
      <ManufactureCountry />
      <ManufactureItemDescription />
      <UnitQty>י"ח</UnitQty>
      <Quantity>750</Quantity>
      <UnitMeasure>ל  מ"ל</UnitMeasure>
      <BisWeighted>0</BisWeighted>
      <QtyInPackage>1</QtyInPackage>
      <ItemPrice>10.90</ItemPrice>
      <UnitOfMeasurePrice>1.45</UnitOfMeasurePrice>
      <AllowDiscount>1</AllowDiscount>
      <itemStatus>1</itemStatus>
      <LastUpdateDate />
      <LastUpdateTime />
    </Product>
    <Product>
      <PriceUpdateDate>2020/01/03 08:45</PriceUpdateDate>
      <ItemCode>7290108355147</ItemCode>
      <ItemType>1</ItemType>
      <ItemName>תחליב רחצה נקה7 שמני הזנה 750 מ"ל</ItemName>
      <ManufactureName>החב הדרומית לשיווק</ManufactureName>
      <ManufactureCountry />
      <ManufactureItemDescription />
      <UnitQty>י"ח</UnitQty>
      <Quantity>750</Quantity>
      <UnitMeasure>ל  מ"ל</UnitMeasure>
      <BisWeighted>0</BisWeighted>
      <QtyInPackage>1</QtyInPackage>
      <ItemPrice>10.90</ItemPrice>
      <UnitOfMeasurePrice>1.45</UnitOfMeasurePrice>
      <AllowDiscount>1</AllowDiscount>
      <itemStatus>1</itemStatus>
      <LastUpdateDate />
      <LastUpdateTime />
    </Product>
    <Product>
      <PriceUpdateDate>2019/02/13 13:33</PriceUpdateDate>
      <ItemCode>7290108355154</ItemCode>
      <ItemType>1</ItemType>
      <ItemName>שמפו נקה 7 שמני הזנה 750 מ"ל </ItemName>
      <ManufactureName>החב הדרומית לשיווק</ManufactureName>
      <ManufactureCountry />
      <ManufactureItemDescription />
      <UnitQty>י"ח</UnitQty>
      <Quantity>750</Quantity>
      <UnitMeasure>ל  מ"ל</UnitMeasure>
      <BisWeighted>0</BisWeighted>
      <QtyInPackage>1</QtyInPackage>
      <ItemPrice>10.90</ItemPrice>
      <UnitOfMeasurePrice>1.45</UnitOfMeasurePrice>
      <AllowDiscount>1</AllowDiscount>
      <itemStatus>1</itemStatus>
      <LastUpdateDate />
      <LastUpdateTime />
    </Product>
    <Product>
      <PriceUpdateDate>2019/02/13 13:33</PriceUpdateDate>
      <ItemCode>7290108355161</ItemCode>
      <ItemType>1</ItemType>
      <ItemName>מרכך נקה 7 שמני הזנה 750מ"ל</ItemName>
      <ManufactureName>החב הדרומית לשיווק</ManufactureName>
      <ManufactureCountry />
      <ManufactureItemDescription />
      <UnitQty>י"ח</UnitQty>
      <Quantity>750</Quantity>
      <UnitMeasure>ל  מ"ל</UnitMeasure>
      <BisWeighted>0</BisWeighted>
      <QtyInPackage>1</QtyInPackage>
      <ItemPrice>10.90</ItemPrice>
      <UnitOfMeasurePrice>1.45</UnitOfMeasurePrice>
      <AllowDiscount>1</AllowDiscount>
      <itemStatus>1</itemStatus>
      <LastUpdateDate />
      <LastUpdateTime />
    </Product>
    <Product>
      <PriceUpdateDate>2018/09/27 09:06</PriceUpdateDate>
      <ItemCode>7290108355253</ItemCode>
      <ItemType>1</ItemType>
      <ItemName>נקה 7 גל רחצה לגבר 750מ"ל</ItemName>
      <ManufactureName>החב הדרומית לשיווק</ManufactureName>
      <ManufactureCountry />
      <ManufactureItemDescription />
      <UnitQty>י"ח</UnitQty>
      <Quantity>750</Quantity>
      <UnitMeasure>ל  מ"ל</UnitMeasure>
      <BisWeighted>0</BisWeighted>
      <QtyInPackage>1</QtyInPackage>
      <ItemPrice>10.90</ItemPrice>
      <UnitOfMeasurePrice>1.45</UnitOfMeasurePrice>
      <AllowDiscount>1</AllowDiscount>
      <itemStatus>1</itemStatus>
      <LastUpdateDate />
      <LastUpdateTime />
    </Product>
    <Product>
      <PriceUpdateDate>2020/01/13 10:05</PriceUpdateDate>
      <ItemCode>7290108355260</ItemCode>
      <ItemType>1</ItemType>
      <ItemName>נקה 7 שמפו ומרכך גל רחצה  750מ"ל 3ב1</ItemName>
      <ManufactureName>החב הדרומית לשיווק</ManufactureName>
      <ManufactureCountry />
      <ManufactureItemDescription />
      <UnitQty>י"ח</UnitQty>
      <Quantity>750</Quantity>
      <UnitMeasure>ל  מ"ל</UnitMeasure>
      <BisWeighted>0</BisWeighted>
      <QtyInPackage>1</QtyInPackage>
      <ItemPrice>10.90</ItemPrice>
      <UnitOfMeasurePrice>1.45</UnitOfMeasurePrice>
      <AllowDiscount>1</AllowDiscount>
      <itemStatus>1</itemStatus>
      <LastUpdateDate />
      <LastUpdateTime />
    </Product>
    <Product>
      <PriceUpdateDate>2020/01/13 10:05</PriceUpdateDate>
      <ItemCode>7290108355277</ItemCode>
      <ItemType>1</ItemType>
      <ItemName>שמפו מרכך נקה 7  750מ"ל 2ב1</ItemName>
      <ManufactureName>החב הדרומית לשיווק</ManufactureName>
      <ManufactureCountry />
      <ManufactureItemDescription />
      <UnitQty>י"ח</UnitQty>
      <Quantity>750</Quantity>
      <UnitMeasure>ל  מ"ל</UnitMeasure>
      <BisWeighted>0</BisWeighted>
      <QtyInPackage>1</QtyInPackage>
      <ItemPrice>10.90</ItemPrice>
      <UnitOfMeasurePrice>1.45</UnitOfMeasurePrice>
      <AllowDiscount>1</AllowDiscount>
      <itemStatus>1</itemStatus>
      <LastUpdateDate />
      <LastUpdateTime />
    </Product>
    <Product>
      <PriceUpdateDate>2020/02/21 11:07</PriceUpdateDate>
      <ItemCode>7290108355307</ItemCode>
      <ItemType>1</ItemType>
      <ItemName>שמפו נקה -7 לשיער לסירוק קל 750מ"ל</ItemName>
      <ManufactureName>החב הדרומית לשיווק</ManufactureName>
      <ManufactureCountry />
      <ManufactureItemDescription />
      <UnitQty>י"ח</UnitQty>
      <Quantity>750</Quantity>
      <UnitMeasure>ל  מ"ל</UnitMeasure>
      <BisWeighted>0</BisWeighted>
      <QtyInPackage>1</QtyInPackage>
      <ItemPrice>13.90</ItemPrice>
      <UnitOfMeasurePrice>1.85</UnitOfMeasurePrice>
      <AllowDiscount>1</AllowDiscount>
      <itemStatus>1</itemStatus>
      <LastUpdateDate />
      <LastUpdateTime />
    </Product>
    <Product>
      <PriceUpdateDate>2020/02/21 11:07</PriceUpdateDate>
      <ItemCode>7290108355314</ItemCode>
      <ItemType>1</ItemType>
      <ItemName>מרכך נקה -7 לשיער לסירוק קל 750מ"ל</ItemName>
      <ManufactureName>החב הדרומית לשיווק</ManufactureName>
      <ManufactureCountry />
      <ManufactureItemDescription />
      <UnitQty>י"ח</UnitQty>
      <Quantity>750</Quantity>
      <UnitMeasure>ל  מ"ל</UnitMeasure>
      <BisWeighted>0</BisWeighted>
      <QtyInPackage>1</QtyInPackage>
      <ItemPrice>13.90</ItemPrice>
      <UnitOfMeasurePrice>1.85</UnitOfMeasurePrice>
      <AllowDiscount>1</AllowDiscount>
      <itemStatus>1</itemStatus>
      <LastUpdateDate />
      <LastUpdateTime />
    </Product>
    <Product>
      <PriceUpdateDate>2019/12/04 13:48</PriceUpdateDate>
      <ItemCode>7290108355550</ItemCode>
      <ItemType>1</ItemType>
      <ItemName>קרליין פיור שמפו אסנס לשיער מתולתל 600</ItemName>
      <ManufactureName>החב הדרומית לשיווק</ManufactureName>
      <ManufactureCountry />
      <ManufactureItemDescription />
      <UnitQty>י"ח</UnitQty>
      <Quantity>600</Quantity>
      <UnitMeasure>ל  מ"ל</UnitMeasure>
      <BisWeighted>0</BisWeighted>
      <QtyInPackage>1</QtyInPackage>
      <ItemPrice>16.90</ItemPrice>
      <UnitOfMeasurePrice>2.82</UnitOfMeasurePrice>
      <AllowDiscount>1</AllowDiscount>
      <itemStatus>1</itemStatus>
      <LastUpdateDate />
      <LastUpdateTime />
    </Product>
    <Product>
      <PriceUpdateDate>2019/12/04 13:48</PriceUpdateDate>
      <ItemCode>7290108355567</ItemCode>
      <ItemType>1</ItemType>
      <ItemName>קרליין פיור מרכך לשיער מתולתל 600מ"ל</ItemName>
      <ManufactureName>החב הדרומית לשיווק</ManufactureName>
      <ManufactureCountry />
      <ManufactureItemDescription />
      <UnitQty>י"ח</UnitQty>
      <Quantity>600</Quantity>
      <UnitMeasure>ל  מ"ל</UnitMeasure>
      <BisWeighted>0</BisWeighted>
      <QtyInPackage>1</QtyInPackage>
      <ItemPrice>16.90</ItemPrice>
      <UnitOfMeasurePrice>2.82</UnitOfMeasurePrice>
      <AllowDiscount>1</AllowDiscount>
      <itemStatus>1</itemStatus>
      <LastUpdateDate />
      <LastUpdateTime />
    </Product>
    <Product>
      <PriceUpdateDate>2019/12/09 09:27</PriceUpdateDate>
      <ItemCode>7290108355574</ItemCode>
      <ItemType>1</ItemType>
      <ItemName>קרליין פיור מסכה לשיער מתולתל 300מ"ל</ItemName>
      <ManufactureName>החב הדרומית לשיווק</ManufactureName>
      <ManufactureCountry />
      <ManufactureItemDescription />
      <UnitQty>י"ח</UnitQty>
      <Quantity>300</Quantity>
      <UnitMeasure>ל  מ"ל</UnitMeasure>
      <BisWeighted>0</BisWeighted>
      <QtyInPackage>1</QtyInPackage>
      <ItemPrice>26.90</ItemPrice>
      <UnitOfMeasurePrice>8.97</UnitOfMeasurePrice>
      <AllowDiscount>1</AllowDiscount>
      <itemStatus>1</itemStatus>
      <LastUpdateDate />
      <LastUpdateTime />
    </Product>
    <Product>
      <PriceUpdateDate>2019/12/04 13:48</PriceUpdateDate>
      <ItemCode>7290108355581</ItemCode>
      <ItemType>1</ItemType>
      <ItemName>קרליין פיור שמפו אסנס לשיער רגיל 600</ItemName>
      <ManufactureName>החב הדרומית לשיווק</ManufactureName>
      <ManufactureCountry />
      <ManufactureItemDescription />
      <UnitQty>י"ח</UnitQty>
      <Quantity>600</Quantity>
      <UnitMeasure>ל  מ"ל</UnitMeasure>
      <BisWeighted>0</BisWeighted>
      <QtyInPackage>1</QtyInPackage>
      <ItemPrice>16.90</ItemPrice>
      <UnitOfMeasurePrice>2.82</UnitOfMeasurePrice>
      <AllowDiscount>1</AllowDiscount>
      <itemStatus>1</itemStatus>
      <LastUpdateDate />
      <LastUpdateTime />
    </Product>
    <Product>
      <PriceUpdateDate>2019/12/04 13:48</PriceUpdateDate>
      <ItemCode>7290108355598</ItemCode>
      <ItemType>1</ItemType>
      <ItemName>קרליין פיור מרכך לשיער רגיל 600מ"ל</ItemName>
      <ManufactureName>החב הדרומית לשיווק</ManufactureName>
      <ManufactureCountry />
      <ManufactureItemDescription />
      <UnitQty>י"ח</UnitQty>
      <Quantity>600</Quantity>
      <UnitMeasure>ל  מ"ל</UnitMeasure>
      <BisWeighted>0</BisWeighted>
      <QtyInPackage>1</QtyInPackage>
      <ItemPrice>16.90</ItemPrice>
      <UnitOfMeasurePrice>2.82</UnitOfMeasurePrice>
      <AllowDiscount>1</AllowDiscount>
      <itemStatus>1</itemStatus>
      <LastUpdateDate />
      <LastUpdateTime />
    </Product>
    <Product>
      <PriceUpdateDate>2019/12/10 08:56</PriceUpdateDate>
      <ItemCode>7290108355604</ItemCode>
      <ItemType>1</ItemType>
      <ItemName>קרליין פיור מסכה לשיער רגיל 300מ"ל</ItemName>
      <ManufactureName>החב הדרומית לשיווק</ManufactureName>
      <ManufactureCountry />
      <ManufactureItemDescription />
      <UnitQty>י"ח</UnitQty>
      <Quantity>300</Quantity>
      <UnitMeasure>ל  מ"ל</UnitMeasure>
      <BisWeighted>0</BisWeighted>
      <QtyInPackage>1</QtyInPackage>
      <ItemPrice>26.90</ItemPrice>
      <UnitOfMeasurePrice>8.97</UnitOfMeasurePrice>
      <AllowDiscount>1</AllowDiscount>
      <itemStatus>1</itemStatus>
      <LastUpdateDate />
      <LastUpdateTime />
    </Product>
    <Product>
      <PriceUpdateDate>2019/12/04 13:48</PriceUpdateDate>
      <ItemCode>7290108355611</ItemCode>
      <ItemType>1</ItemType>
      <ItemName>קרליין פיור אסנס שמפו לשיקום שיער יבש</ItemName>
      <ManufactureName>החב הדרומית לשיווק</ManufactureName>
      <ManufactureCountry />
      <ManufactureItemDescription />
      <UnitQty>י"ח</UnitQty>
      <Quantity>600</Quantity>
      <UnitMeasure>ל  מ"ל</UnitMeasure>
      <BisWeighted>0</BisWeighted>
      <QtyInPackage>1</QtyInPackage>
      <ItemPrice>16.90</ItemPrice>
      <UnitOfMeasurePrice>2.82</UnitOfMeasurePrice>
      <AllowDiscount>1</AllowDiscount>
      <itemStatus>1</itemStatus>
      <LastUpdateDate />
      <LastUpdateTime />
    </Product>
    <Product>
      <PriceUpdateDate>2019/12/04 13:48</PriceUpdateDate>
      <ItemCode>7290108355628</ItemCode>
      <ItemType>1</ItemType>
      <ItemName>קרליין פיור מרכך לשיקום שיער 600מ"ל</ItemName>
      <ManufactureName>החב הדרומית לשיווק</ManufactureName>
      <ManufactureCountry />
      <ManufactureItemDescription />
      <UnitQty>י"ח</UnitQty>
      <Quantity>600</Quantity>
      <UnitMeasure>ל  מ"ל</UnitMeasure>
      <BisWeighted>0</BisWeighted>
      <QtyInPackage>1</QtyInPackage>
      <ItemPrice>16.90</ItemPrice>
      <UnitOfMeasurePrice>2.82</UnitOfMeasurePrice>
      <AllowDiscount>1</AllowDiscount>
      <itemStatus>1</itemStatus>
      <LastUpdateDate />
      <LastUpdateTime />
    </Product>
    <Product>
      <PriceUpdateDate>2019/07/04 08:26</PriceUpdateDate>
      <ItemCode>7290108355635</ItemCode>
      <ItemType>1</ItemType>
      <ItemName>קרליין פיור מסכה לשיקום שיער 300מ"ל</ItemName>
      <ManufactureName>החב הדרומית לשיווק</ManufactureName>
      <ManufactureCountry />
      <ManufactureItemDescription />
      <UnitQty>י"ח</UnitQty>
      <Quantity>300</Quantity>
      <UnitMeasure>ל  מ"ל</UnitMeasure>
      <BisWeighted>0</BisWeighted>
      <QtyInPackage>1</QtyInPackage>
      <ItemPrice>26.90</ItemPrice>
      <UnitOfMeasurePrice>8.97</UnitOfMeasurePrice>
      <AllowDiscount>1</AllowDiscount>
      <itemStatus>1</itemStatus>
      <LastUpdateDate />
      <LastUpdateTime />
    </Product>
    <Product>
      <PriceUpdateDate>2019/12/04 13:48</PriceUpdateDate>
      <ItemCode>7290108355642</ItemCode>
      <ItemType>1</ItemType>
      <ItemName>קרליין פיור אסנס שמפו  לשיער צבוע 600</ItemName>
      <ManufactureName>החב הדרומית לשיווק</ManufactureName>
      <ManufactureCountry />
      <ManufactureItemDescription />
      <UnitQty>י"ח</UnitQty>
      <Quantity>600</Quantity>
      <UnitMeasure>ל  מ"ל</UnitMeasure>
      <BisWeighted>0</BisWeighted>
      <QtyInPackage>1</QtyInPackage>
      <ItemPrice>16.90</ItemPrice>
      <UnitOfMeasurePrice>2.82</UnitOfMeasurePrice>
      <AllowDiscount>1</AllowDiscount>
      <itemStatus>1</itemStatus>
      <LastUpdateDate />
      <LastUpdateTime />
    </Product>
    <Product>
      <PriceUpdateDate>2019/12/17 13:49</PriceUpdateDate>
      <ItemCode>7290108355659</ItemCode>
      <ItemType>1</ItemType>
      <ItemName>קרליין פיור מרכך לשיער צבוע 600מ"ל</ItemName>
      <ManufactureName>החב הדרומית לשיווק</ManufactureName>
      <ManufactureCountry />
      <ManufactureItemDescription />
      <UnitQty>י"ח</UnitQty>
      <Quantity>600</Quantity>
      <UnitMeasure>ל  מ"ל</UnitMeasure>
      <BisWeighted>0</BisWeighted>
      <QtyInPackage>1</QtyInPackage>
      <ItemPrice>16.90</ItemPrice>
      <UnitOfMeasurePrice>2.82</UnitOfMeasurePrice>
      <AllowDiscount>1</AllowDiscount>
      <itemStatus>1</itemStatus>
      <LastUpdateDate />
      <LastUpdateTime />
    </Product>
    <Product>
      <PriceUpdateDate>2019/07/04 08:26</PriceUpdateDate>
      <ItemCode>7290108355666</ItemCode>
      <ItemType>1</ItemType>
      <ItemName>קרליין פיור מסכה לשיער צבוע 300מ"ל</ItemName>
      <ManufactureName>החב הדרומית לשיווק</ManufactureName>
      <ManufactureCountry />
      <ManufactureItemDescription />
      <UnitQty>י"ח</UnitQty>
      <Quantity>300</Quantity>
      <UnitMeasure>ל  מ"ל</UnitMeasure>
      <BisWeighted>0</BisWeighted>
      <QtyInPackage>1</QtyInPackage>
      <ItemPrice>26.90</ItemPrice>
      <UnitOfMeasurePrice>8.97</UnitOfMeasurePrice>
      <AllowDiscount>1</AllowDiscount>
      <itemStatus>1</itemStatus>
      <LastUpdateDate />
      <LastUpdateTime />
    </Product>
    <Product>
      <PriceUpdateDate>2019/12/10 08:56</PriceUpdateDate>
      <ItemCode>7290108355673</ItemCode>
      <ItemType>1</ItemType>
      <ItemName>קרליין פיור אסנס שמפו לשיער דק או שמן</ItemName>
      <ManufactureName>החב הדרומית לשיווק</ManufactureName>
      <ManufactureCountry />
      <ManufactureItemDescription />
      <UnitQty>י"ח</UnitQty>
      <Quantity>600</Quantity>
      <UnitMeasure>ל  מ"ל</UnitMeasure>
      <BisWeighted>0</BisWeighted>
      <QtyInPackage>1</QtyInPackage>
      <ItemPrice>16.90</ItemPrice>
      <UnitOfMeasurePrice>2.82</UnitOfMeasurePrice>
      <AllowDiscount>1</AllowDiscount>
      <itemStatus>1</itemStatus>
      <LastUpdateDate />
      <LastUpdateTime />
    </Product>
    <Product>
      <PriceUpdateDate>2019/12/09 09:27</PriceUpdateDate>
      <ItemCode>7290108355680</ItemCode>
      <ItemType>1</ItemType>
      <ItemName>קרליין פיור מרכך לשיער דק 600מ"ל</ItemName>
      <ManufactureName>החב הדרומית לשיווק</ManufactureName>
      <ManufactureCountry />
      <ManufactureItemDescription />
      <UnitQty>י"ח</UnitQty>
      <Quantity>600</Quantity>
      <UnitMeasure>ל  מ"ל</UnitMeasure>
      <BisWeighted>0</BisWeighted>
      <QtyInPackage>1</QtyInPackage>
      <ItemPrice>16.90</ItemPrice>
      <UnitOfMeasurePrice>2.82</UnitOfMeasurePrice>
      <AllowDiscount>1</AllowDiscount>
      <itemStatus>1</itemStatus>
      <LastUpdateDate />
      <LastUpdateTime />
    </Product>
    <Product>
      <PriceUpdateDate>2018/11/20 07:48</PriceUpdateDate>
      <ItemCode>7290108356106</ItemCode>
      <ItemType>1</ItemType>
      <ItemName>כיף תחליב רחצה שקד 700מ"ל</ItemName>
      <ManufactureName>החב הדרומית לשיווק</ManufactureName>
      <ManufactureCountry />
      <ManufactureItemDescription />
      <UnitQty>י"ח</UnitQty>
      <Quantity>750</Quantity>
      <UnitMeasure>ל  מ"ל</UnitMeasure>
      <BisWeighted>0</BisWeighted>
      <QtyInPackage>1</QtyInPackage>
      <ItemPrice>12.90</ItemPrice>
      <UnitOfMeasurePrice>1.72</UnitOfMeasurePrice>
      <AllowDiscount>1</AllowDiscount>
      <itemStatus>1</itemStatus>
      <LastUpdateDate />
      <LastUpdateTime />
    </Product>
    <Product>
      <PriceUpdateDate>2018/11/20 07:48</PriceUpdateDate>
      <ItemCode>7290108356113</ItemCode>
      <ItemType>1</ItemType>
      <ItemName>כיף תחליב רחצה דבש 700מ"ל</ItemName>
      <ManufactureName>החב הדרומית לשיווק</ManufactureName>
      <ManufactureCountry />
      <ManufactureItemDescription />
      <UnitQty>י"ח</UnitQty>
      <Quantity>750</Quantity>
      <UnitMeasure>ל  מ"ל</UnitMeasure>
      <BisWeighted>0</BisWeighted>
      <QtyInPackage>1</QtyInPackage>
      <ItemPrice>12.90</ItemPrice>
      <UnitOfMeasurePrice>1.72</UnitOfMeasurePrice>
      <AllowDiscount>1</AllowDiscount>
      <itemStatus>1</itemStatus>
      <LastUpdateDate />
      <LastUpdateTime />
    </Product>
    <Product>
      <PriceUpdateDate>2018/11/20 07:48</PriceUpdateDate>
      <ItemCode>7290108356120</ItemCode>
      <ItemType>1</ItemType>
      <ItemName>כיף תחליב רחצה קוקוס וניל 700מ"ל</ItemName>
      <ManufactureName>החב הדרומית לשיווק</ManufactureName>
      <ManufactureCountry />
      <ManufactureItemDescription />
      <UnitQty>י"ח</UnitQty>
      <Quantity>750</Quantity>
      <UnitMeasure>ל  מ"ל</UnitMeasure>
      <BisWeighted>0</BisWeighted>
      <QtyInPackage>1</QtyInPackage>
      <ItemPrice>12.90</ItemPrice>
      <UnitOfMeasurePrice>1.72</UnitOfMeasurePrice>
      <AllowDiscount>1</AllowDiscount>
      <itemStatus>1</itemStatus>
      <LastUpdateDate />
      <LastUpdateTime />
    </Product>
    <Product>
      <PriceUpdateDate>2018/11/20 07:48</PriceUpdateDate>
      <ItemCode>7290108356137</ItemCode>
      <ItemType>1</ItemType>
      <ItemName>כיף תחליב רחצה לבנדר 700מ"ל</ItemName>
      <ManufactureName>החב הדרומית לשיווק</ManufactureName>
      <ManufactureCountry />
      <ManufactureItemDescription />
      <UnitQty>י"ח</UnitQty>
      <Quantity>750</Quantity>
      <UnitMeasure>ל  מ"ל</UnitMeasure>
      <BisWeighted>0</BisWeighted>
      <QtyInPackage>1</QtyInPackage>
      <ItemPrice>12.90</ItemPrice>
      <UnitOfMeasurePrice>1.72</UnitOfMeasurePrice>
      <AllowDiscount>1</AllowDiscount>
      <itemStatus>1</itemStatus>
      <LastUpdateDate />
      <LastUpdateTime />
    </Product>
    <Product>
      <PriceUpdateDate>2018/11/20 07:48</PriceUpdateDate>
      <ItemCode>7290108356151</ItemCode>
      <ItemType>1</ItemType>
      <ItemName>כיף תחליב רחצה מאסק יסמין 700מ"ל</ItemName>
      <ManufactureName>החב הדרומית לשיווק</ManufactureName>
      <ManufactureCountry />
      <ManufactureItemDescription />
      <UnitQty>י"ח</UnitQty>
      <Quantity>750</Quantity>
      <UnitMeasure>ל  מ"ל</UnitMeasure>
      <BisWeighted>0</BisWeighted>
      <QtyInPackage>1</QtyInPackage>
      <ItemPrice>12.90</ItemPrice>
      <UnitOfMeasurePrice>1.72</UnitOfMeasurePrice>
      <AllowDiscount>1</AllowDiscount>
      <itemStatus>1</itemStatus>
      <LastUpdateDate />
      <LastUpdateTime />
    </Product>
    <Product>
      <PriceUpdateDate>2018/11/20 07:48</PriceUpdateDate>
      <ItemCode>7290108356168</ItemCode>
      <ItemType>1</ItemType>
      <ItemName>כיף תחליב רחצה אוקיינוס 700מ"ל</ItemName>
      <ManufactureName>החב הדרומית לשיווק</ManufactureName>
      <ManufactureCountry />
      <ManufactureItemDescription />
      <UnitQty>י"ח</UnitQty>
      <Quantity>750</Quantity>
      <UnitMeasure>ל  מ"ל</UnitMeasure>
      <BisWeighted>0</BisWeighted>
      <QtyInPackage>1</QtyInPackage>
      <ItemPrice>12.90</ItemPrice>
      <UnitOfMeasurePrice>1.72</UnitOfMeasurePrice>
      <AllowDiscount>1</AllowDiscount>
      <itemStatus>1</itemStatus>
      <LastUpdateDate />
      <LastUpdateTime />
    </Product>
    <Product>
      <PriceUpdateDate>2019/12/12 12:05</PriceUpdateDate>
      <ItemCode>7290108357004</ItemCode>
      <ItemType>1</ItemType>
      <ItemName>כיף שמפו ורד ושמן קוקוי 700מ"ל</ItemName>
      <ManufactureName>החב הדרומית לשיווק</ManufactureName>
      <ManufactureCountry />
      <ManufactureItemDescription />
      <UnitQty>י"ח</UnitQty>
      <Quantity>700</Quantity>
      <UnitMeasure>ל  מ"ל</UnitMeasure>
      <BisWeighted>0</BisWeighted>
      <QtyInPackage>1</QtyInPackage>
      <ItemPrice>12.90</ItemPrice>
      <UnitOfMeasurePrice>1.84</UnitOfMeasurePrice>
      <AllowDiscount>1</AllowDiscount>
      <itemStatus>1</itemStatus>
      <LastUpdateDate />
      <LastUpdateTime />
    </Product>
    <Product>
      <PriceUpdateDate>2019/12/12 12:05</PriceUpdateDate>
      <ItemCode>7290108357011</ItemCode>
      <ItemType>1</ItemType>
      <ItemName>כיף מרכך ורד ושמן קוקוי 700מ"ל</ItemName>
      <ManufactureName>החב הדרומית לשיווק</ManufactureName>
      <ManufactureCountry />
      <ManufactureItemDescription />
      <UnitQty>י"ח</UnitQty>
      <Quantity>700</Quantity>
      <UnitMeasure>ל  מ"ל</UnitMeasure>
      <BisWeighted>0</BisWeighted>
      <QtyInPackage>1</QtyInPackage>
      <ItemPrice>12.90</ItemPrice>
      <UnitOfMeasurePrice>1.84</UnitOfMeasurePrice>
      <AllowDiscount>1</AllowDiscount>
      <itemStatus>1</itemStatus>
      <LastUpdateDate />
      <LastUpdateTime />
    </Product>
    <Product>
      <PriceUpdateDate>2019/12/12 12:05</PriceUpdateDate>
      <ItemCode>7290108357028</ItemCode>
      <ItemType>1</ItemType>
      <ItemName>כיף תחליב רחצה ורד ושמן קוקוי 700מ"ל</ItemName>
      <ManufactureName>החב הדרומית לשיווק</ManufactureName>
      <ManufactureCountry />
      <ManufactureItemDescription />
      <UnitQty>י"ח</UnitQty>
      <Quantity>700</Quantity>
      <UnitMeasure>ל  מ"ל</UnitMeasure>
      <BisWeighted>0</BisWeighted>
      <QtyInPackage>1</QtyInPackage>
      <ItemPrice>12.90</ItemPrice>
      <UnitOfMeasurePrice>1.84</UnitOfMeasurePrice>
      <AllowDiscount>1</AllowDiscount>
      <itemStatus>1</itemStatus>
      <LastUpdateDate />
      <LastUpdateTime />
    </Product>
    <Product>
      <PriceUpdateDate>2019/01/17 07:55</PriceUpdateDate>
      <ItemCode>7290108357707</ItemCode>
      <ItemType>1</ItemType>
      <ItemName>כיף שמפו שיער רגיל תפוח ציה 700מ"ל</ItemName>
      <ManufactureName>החב הדרומית לשיווק</ManufactureName>
      <ManufactureCountry />
      <ManufactureItemDescription />
      <UnitQty>י"ח</UnitQty>
      <Quantity>700</Quantity>
      <UnitMeasure>ל  מ"ל</UnitMeasure>
      <BisWeighted>0</BisWeighted>
      <QtyInPackage>1</QtyInPackage>
      <ItemPrice>12.90</ItemPrice>
      <UnitOfMeasurePrice>1.84</UnitOfMeasurePrice>
      <AllowDiscount>1</AllowDiscount>
      <itemStatus>1</itemStatus>
      <LastUpdateDate />
      <LastUpdateTime />
    </Product>
    <Product>
      <PriceUpdateDate>2019/01/17 07:55</PriceUpdateDate>
      <ItemCode>7290108357714</ItemCode>
      <ItemType>1</ItemType>
      <ItemName>כיף שמפו ש. יבש רימון שמן ארגן 700מ"ל</ItemName>
      <ManufactureName>החב הדרומית לשיווק</ManufactureName>
      <ManufactureCountry />
      <ManufactureItemDescription />
      <UnitQty>י"ח</UnitQty>
      <Quantity>700</Quantity>
      <UnitMeasure>ל  מ"ל</UnitMeasure>
      <BisWeighted>0</BisWeighted>
      <QtyInPackage>1</QtyInPackage>
      <ItemPrice>12.90</ItemPrice>
      <UnitOfMeasurePrice>1.84</UnitOfMeasurePrice>
      <AllowDiscount>1</AllowDiscount>
      <itemStatus>1</itemStatus>
      <LastUpdateDate />
      <LastUpdateTime />
    </Product>
    <Product>
      <PriceUpdateDate>2019/01/17 07:55</PriceUpdateDate>
      <ItemCode>7290108357721</ItemCode>
      <ItemType>1</ItemType>
      <ItemName>כיף שמפו ש.דק שביר ברי ומורינגה 700מ"ל</ItemName>
      <ManufactureName>החב הדרומית לשיווק</ManufactureName>
      <ManufactureCountry />
      <ManufactureItemDescription />
      <UnitQty>י"ח</UnitQty>
      <Quantity>700</Quantity>
      <UnitMeasure>ל  מ"ל</UnitMeasure>
      <BisWeighted>0</BisWeighted>
      <QtyInPackage>1</QtyInPackage>
      <ItemPrice>12.90</ItemPrice>
      <UnitOfMeasurePrice>1.84</UnitOfMeasurePrice>
      <AllowDiscount>1</AllowDiscount>
      <itemStatus>1</itemStatus>
      <LastUpdateDate />
      <LastUpdateTime />
    </Product>
    <Product>
      <PriceUpdateDate>2019/01/17 07:55</PriceUpdateDate>
      <ItemCode>7290108357745</ItemCode>
      <ItemType>1</ItemType>
      <ItemName>כיף שמפו ומרכך 2+1 תאנה ומנטה700מ"ל</ItemName>
      <ManufactureName>החב הדרומית לשיווק</ManufactureName>
      <ManufactureCountry />
      <ManufactureItemDescription />
      <UnitQty>י"ח</UnitQty>
      <Quantity>700</Quantity>
      <UnitMeasure>ל  מ"ל</UnitMeasure>
      <BisWeighted>0</BisWeighted>
      <QtyInPackage>1</QtyInPackage>
      <ItemPrice>12.90</ItemPrice>
      <UnitOfMeasurePrice>1.84</UnitOfMeasurePrice>
      <AllowDiscount>1</AllowDiscount>
      <itemStatus>1</itemStatus>
      <LastUpdateDate />
      <LastUpdateTime />
    </Product>
    <Product>
      <PriceUpdateDate>2019/01/17 07:55</PriceUpdateDate>
      <ItemCode>7290108357752</ItemCode>
      <ItemType>1</ItemType>
      <ItemName>כיף שמפו  קרטין חמאת שיאה 700מ"ל</ItemName>
      <ManufactureName>החב הדרומית לשיווק</ManufactureName>
      <ManufactureCountry />
      <ManufactureItemDescription />
      <UnitQty>י"ח</UnitQty>
      <Quantity>700</Quantity>
      <UnitMeasure>ל  מ"ל</UnitMeasure>
      <BisWeighted>0</BisWeighted>
      <QtyInPackage>1</QtyInPackage>
      <ItemPrice>12.90</ItemPrice>
      <UnitOfMeasurePrice>1.84</UnitOfMeasurePrice>
      <AllowDiscount>1</AllowDiscount>
      <itemStatus>1</itemStatus>
      <LastUpdateDate />
      <LastUpdateTime />
    </Product>
    <Product>
      <PriceUpdateDate>2019/01/17 07:55</PriceUpdateDate>
      <ItemCode>7290108357769</ItemCode>
      <ItemType>1</ItemType>
      <ItemName>כיף מרכך שיער רגיל תפוח ציה 700מ"ל</ItemName>
      <ManufactureName>החב הדרומית לשיווק</ManufactureName>
      <ManufactureCountry />
      <ManufactureItemDescription />
      <UnitQty>י"ח</UnitQty>
      <Quantity>700</Quantity>
      <UnitMeasure>ל  מ"ל</UnitMeasure>
      <BisWeighted>0</BisWeighted>
      <QtyInPackage>1</QtyInPackage>
      <ItemPrice>12.90</ItemPrice>
      <UnitOfMeasurePrice>1.84</UnitOfMeasurePrice>
      <AllowDiscount>1</AllowDiscount>
      <itemStatus>1</itemStatus>
      <LastUpdateDate />
      <LastUpdateTime />
    </Product>
    <Product>
      <PriceUpdateDate>2019/01/17 07:55</PriceUpdateDate>
      <ItemCode>7290108357776</ItemCode>
      <ItemType>1</ItemType>
      <ItemName>כיף מרכך ש. יבש רימון שמן ארגן 700מ"ל</ItemName>
      <ManufactureName>החב הדרומית לשיווק</ManufactureName>
      <ManufactureCountry />
      <ManufactureItemDescription />
      <UnitQty>י"ח</UnitQty>
      <Quantity>700</Quantity>
      <UnitMeasure>ל  מ"ל</UnitMeasure>
      <BisWeighted>0</BisWeighted>
      <QtyInPackage>1</QtyInPackage>
      <ItemPrice>12.90</ItemPrice>
      <UnitOfMeasurePrice>1.84</UnitOfMeasurePrice>
      <AllowDiscount>1</AllowDiscount>
      <itemStatus>1</itemStatus>
      <LastUpdateDate />
      <LastUpdateTime />
    </Product>
    <Product>
      <PriceUpdateDate>2019/01/17 07:55</PriceUpdateDate>
      <ItemCode>7290108357783</ItemCode>
      <ItemType>1</ItemType>
      <ItemName>כיף מרכך ש.דק שביר ברי ומורינגה 700מ"ל</ItemName>
      <ManufactureName>החב הדרומית לשיווק</ManufactureName>
      <ManufactureCountry />
      <ManufactureItemDescription />
      <UnitQty>י"ח</UnitQty>
      <Quantity>700</Quantity>
      <UnitMeasure>ל  מ"ל</UnitMeasure>
      <BisWeighted>0</BisWeighted>
      <QtyInPackage>1</QtyInPackage>
      <ItemPrice>12.90</ItemPrice>
      <UnitOfMeasurePrice>1.84</UnitOfMeasurePrice>
      <AllowDiscount>1</AllowDiscount>
      <itemStatus>1</itemStatus>
      <LastUpdateDate />
      <LastUpdateTime />
    </Product>
    <Product>
      <PriceUpdateDate>2019/01/17 07:55</PriceUpdateDate>
      <ItemCode>7290108357806</ItemCode>
      <ItemType>1</ItemType>
      <ItemName>כיף מרכך  קרטין חמאת שיאה 700מ"ל</ItemName>
      <ManufactureName>החב הדרומית לשיווק</ManufactureName>
      <ManufactureCountry />
      <ManufactureItemDescription />
      <UnitQty>י"ח</UnitQty>
      <Quantity>700</Quantity>
      <UnitMeasure>ל  מ"ל</UnitMeasure>
      <BisWeighted>0</BisWeighted>
      <QtyInPackage>1</QtyInPackage>
      <ItemPrice>12.90</ItemPrice>
      <UnitOfMeasurePrice>1.84</UnitOfMeasurePrice>
      <AllowDiscount>1</AllowDiscount>
      <itemStatus>1</itemStatus>
      <LastUpdateDate />
      <LastUpdateTime />
    </Product>
    <Product>
      <PriceUpdateDate>2019/12/11 09:26</PriceUpdateDate>
      <ItemCode>7290108359961</ItemCode>
      <ItemType>1</ItemType>
      <ItemName>אורביטול משחת שיניים 1/3 Protect Fresh</ItemName>
      <ManufactureName>החב הדרומית לשיווק</ManufactureName>
      <ManufactureCountry />
      <ManufactureItemDescription />
      <UnitQty>י"ח</UnitQty>
      <Quantity>145</Quantity>
      <UnitMeasure>ל  גרם</UnitMeasure>
      <BisWeighted>0</BisWeighted>
      <QtyInPackage>1</QtyInPackage>
      <ItemPrice>24.90</ItemPrice>
      <UnitOfMeasurePrice>17.17</UnitOfMeasurePrice>
      <AllowDiscount>1</AllowDiscount>
      <itemStatus>1</itemStatus>
      <LastUpdateDate />
      <LastUpdateTime />
    </Product>
    <Product>
      <PriceUpdateDate>2016/03/23 10:56</PriceUpdateDate>
      <ItemCode>7290108500783</ItemCode>
      <ItemType>1</ItemType>
      <ItemName>גבינה צהובה פרוסה 200ג 28%</ItemName>
      <ManufactureName>ג.וילי פוד אינטרנשיונל בעמ</ManufactureName>
      <ManufactureCountry />
      <ManufactureItemDescription />
      <UnitQty>י"ח</UnitQty>
      <Quantity>200</Quantity>
      <UnitMeasure>ל  גרם</UnitMeasure>
      <BisWeighted>0</BisWeighted>
      <QtyInPackage>1</QtyInPackage>
      <ItemPrice>12.90</ItemPrice>
      <UnitOfMeasurePrice>6.45</UnitOfMeasurePrice>
      <AllowDiscount>0</AllowDiscount>
      <itemStatus>1</itemStatus>
      <LastUpdateDate />
      <LastUpdateTime />
    </Product>
    <Product>
      <PriceUpdateDate>2016/06/28 08:10</PriceUpdateDate>
      <ItemCode>7290108500868</ItemCode>
      <ItemType>1</ItemType>
      <ItemName>גבינה גאודה פסטו עגבניות 200ג</ItemName>
      <ManufactureName>ג.וילי פוד אינטרנשיונל בעמ</ManufactureName>
      <ManufactureCountry />
      <ManufactureItemDescription />
      <UnitQty>י"ח</UnitQty>
      <Quantity>200</Quantity>
      <UnitMeasure>ל  גרם</UnitMeasure>
      <BisWeighted>0</BisWeighted>
      <QtyInPackage>1</QtyInPackage>
      <ItemPrice>20.90</ItemPrice>
      <UnitOfMeasurePrice>10.45</UnitOfMeasurePrice>
      <AllowDiscount>0</AllowDiscount>
      <itemStatus>1</itemStatus>
      <LastUpdateDate />
      <LastUpdateTime />
    </Product>
    <Product>
      <PriceUpdateDate>2019/06/11 08:56</PriceUpdateDate>
      <ItemCode>7290108501346</ItemCode>
      <ItemType>1</ItemType>
      <ItemName>גאודה מגורדת 500ג 28% ויליפוד</ItemName>
      <ManufactureName>ג.וילי פוד אינטרנשיונל בעמ</ManufactureName>
      <ManufactureCountry />
      <ManufactureItemDescription />
      <UnitQty>י"ח</UnitQty>
      <Quantity>500</Quantity>
      <UnitMeasure>ל  גרם</UnitMeasure>
      <BisWeighted>0</BisWeighted>
      <QtyInPackage>1</QtyInPackage>
      <ItemPrice>23.90</ItemPrice>
      <UnitOfMeasurePrice>4.78</UnitOfMeasurePrice>
      <AllowDiscount>1</AllowDiscount>
      <itemStatus>1</itemStatus>
      <LastUpdateDate />
      <LastUpdateTime />
    </Product>
    <Product>
      <PriceUpdateDate>2018/01/09 09:36</PriceUpdateDate>
      <ItemCode>7290108501360</ItemCode>
      <ItemType>1</ItemType>
      <ItemName>צ`דר בשלה גבינה   200גר ויליפוד</ItemName>
      <ManufactureName>ג.וילי פוד אינטרנשיונל בעמ</ManufactureName>
      <ManufactureCountry />
      <ManufactureItemDescription />
      <UnitQty>י"ח</UnitQty>
      <Quantity>200</Quantity>
      <UnitMeasure>ל  גרם</UnitMeasure>
      <BisWeighted>0</BisWeighted>
      <QtyInPackage>1</QtyInPackage>
      <ItemPrice>18.90</ItemPrice>
      <UnitOfMeasurePrice>9.45</UnitOfMeasurePrice>
      <AllowDiscount>0</AllowDiscount>
      <itemStatus>1</itemStatus>
      <LastUpdateDate />
      <LastUpdateTime />
    </Product>
    <Product>
      <PriceUpdateDate>2018/01/09 09:36</PriceUpdateDate>
      <ItemCode>7290108501384</ItemCode>
      <ItemType>1</ItemType>
      <ItemName>גבינת כבשים פרוסות  חצי קשה 150גר ויליפו</ItemName>
      <ManufactureName>ג.וילי פוד אינטרנשיונל בעמ</ManufactureName>
      <ManufactureCountry />
      <ManufactureItemDescription />
      <UnitQty>י"ח</UnitQty>
      <Quantity>150</Quantity>
      <UnitMeasure>ל  גרם</UnitMeasure>
      <BisWeighted>0</BisWeighted>
      <QtyInPackage>1</QtyInPackage>
      <ItemPrice>22.90</ItemPrice>
      <UnitOfMeasurePrice>15.27</UnitOfMeasurePrice>
      <AllowDiscount>0</AllowDiscount>
      <itemStatus>1</itemStatus>
      <LastUpdateDate />
      <LastUpdateTime />
    </Product>
    <Product>
      <PriceUpdateDate>2018/01/09 09:36</PriceUpdateDate>
      <ItemCode>7290108501391</ItemCode>
      <ItemType>1</ItemType>
      <ItemName>גבינת עיזים פרוסות חצי קשה 150 ג ויליפ</ItemName>
      <ManufactureName>ג.וילי פוד אינטרנשיונל בעמ</ManufactureName>
      <ManufactureCountry />
      <ManufactureItemDescription />
      <UnitQty>י"ח</UnitQty>
      <Quantity>150</Quantity>
      <UnitMeasure>ל  גרם</UnitMeasure>
      <BisWeighted>0</BisWeighted>
      <QtyInPackage>1</QtyInPackage>
      <ItemPrice>22.90</ItemPrice>
      <UnitOfMeasurePrice>15.27</UnitOfMeasurePrice>
      <AllowDiscount>0</AllowDiscount>
      <itemStatus>1</itemStatus>
      <LastUpdateDate />
      <LastUpdateTime />
    </Product>
    <Product>
      <PriceUpdateDate>2018/01/09 09:36</PriceUpdateDate>
      <ItemCode>7290108501407</ItemCode>
      <ItemType>1</ItemType>
      <ItemName>צ`דר מיושנת 200גר ויליפוד</ItemName>
      <ManufactureName>ג.וילי פוד אינטרנשיונל בעמ</ManufactureName>
      <ManufactureCountry />
      <ManufactureItemDescription />
      <UnitQty>י"ח</UnitQty>
      <Quantity>200</Quantity>
      <UnitMeasure>ל  גרם</UnitMeasure>
      <BisWeighted>0</BisWeighted>
      <QtyInPackage>1</QtyInPackage>
      <ItemPrice>19.90</ItemPrice>
      <UnitOfMeasurePrice>9.95</UnitOfMeasurePrice>
      <AllowDiscount>0</AllowDiscount>
      <itemStatus>1</itemStatus>
      <LastUpdateDate />
      <LastUpdateTime />
    </Product>
    <Product>
      <PriceUpdateDate>2018/01/09 09:36</PriceUpdateDate>
      <ItemCode>7290108501414</ItemCode>
      <ItemType>1</ItemType>
      <ItemName>גבינת הווארטי חצי קשה פרוסות 150גר</ItemName>
      <ManufactureName>ג.וילי פוד אינטרנשיונל בעמ</ManufactureName>
      <ManufactureCountry />
      <ManufactureItemDescription />
      <UnitQty>י"ח</UnitQty>
      <Quantity>150</Quantity>
      <UnitMeasure>ל  גרם</UnitMeasure>
      <BisWeighted>0</BisWeighted>
      <QtyInPackage>1</QtyInPackage>
      <ItemPrice>15.90</ItemPrice>
      <UnitOfMeasurePrice>10.60</UnitOfMeasurePrice>
      <AllowDiscount>0</AllowDiscount>
      <itemStatus>1</itemStatus>
      <LastUpdateDate />
      <LastUpdateTime />
    </Product>
    <Product>
      <PriceUpdateDate>2018/01/09 09:36</PriceUpdateDate>
      <ItemCode>7290108501421</ItemCode>
      <ItemType>1</ItemType>
      <ItemName>גבינת גרוייר חצי קשה פרוסות 150גר</ItemName>
      <ManufactureName>ג.וילי פוד אינטרנשיונל בעמ</ManufactureName>
      <ManufactureCountry />
      <ManufactureItemDescription />
      <UnitQty>י"ח</UnitQty>
      <Quantity>150</Quantity>
      <UnitMeasure>ל  גרם</UnitMeasure>
      <BisWeighted>0</BisWeighted>
      <QtyInPackage>1</QtyInPackage>
      <ItemPrice>18.90</ItemPrice>
      <UnitOfMeasurePrice>12.60</UnitOfMeasurePrice>
      <AllowDiscount>0</AllowDiscount>
      <itemStatus>1</itemStatus>
      <LastUpdateDate />
      <LastUpdateTime />
    </Product>
    <Product>
      <PriceUpdateDate>2018/01/09 09:36</PriceUpdateDate>
      <ItemCode>7290108501438</ItemCode>
      <ItemType>1</ItemType>
      <ItemName>חמאה צרפתית 250גר ללא מלח</ItemName>
      <ManufactureName>ג.וילי פוד אינטרנשיונל בעמ</ManufactureName>
      <ManufactureCountry />
      <ManufactureItemDescription />
      <UnitQty>י"ח</UnitQty>
      <Quantity>250</Quantity>
      <UnitMeasure>ל  גרם</UnitMeasure>
      <BisWeighted>0</BisWeighted>
      <QtyInPackage>1</QtyInPackage>
      <ItemPrice>19.90</ItemPrice>
      <UnitOfMeasurePrice>7.96</UnitOfMeasurePrice>
      <AllowDiscount>0</AllowDiscount>
      <itemStatus>1</itemStatus>
      <LastUpdateDate />
      <LastUpdateTime />
    </Product>
    <Product>
      <PriceUpdateDate>2018/01/09 09:36</PriceUpdateDate>
      <ItemCode>7290108501445</ItemCode>
      <ItemType>1</ItemType>
      <ItemName>חמאה צרפתית 250גר במליחות קלה</ItemName>
      <ManufactureName>ג.וילי פוד אינטרנשיונל בעמ</ManufactureName>
      <ManufactureCountry />
      <ManufactureItemDescription />
      <UnitQty>י"ח</UnitQty>
      <Quantity>250</Quantity>
      <UnitMeasure>ל  גרם</UnitMeasure>
      <BisWeighted>0</BisWeighted>
      <QtyInPackage>1</QtyInPackage>
      <ItemPrice>19.90</ItemPrice>
      <UnitOfMeasurePrice>7.96</UnitOfMeasurePrice>
      <AllowDiscount>0</AllowDiscount>
      <itemStatus>1</itemStatus>
      <LastUpdateDate />
      <LastUpdateTime />
    </Product>
    <Product>
      <PriceUpdateDate>2018/01/09 09:36</PriceUpdateDate>
      <ItemCode>7290108501452</ItemCode>
      <ItemType>1</ItemType>
      <ItemName>חמאה צרפתית 250גר עם מלח ים</ItemName>
      <ManufactureName>ג.וילי פוד אינטרנשיונל בעמ</ManufactureName>
      <ManufactureCountry />
      <ManufactureItemDescription />
      <UnitQty>י"ח</UnitQty>
      <Quantity>250</Quantity>
      <UnitMeasure>ל  גרם</UnitMeasure>
      <BisWeighted>0</BisWeighted>
      <QtyInPackage>1</QtyInPackage>
      <ItemPrice>19.90</ItemPrice>
      <UnitOfMeasurePrice>7.96</UnitOfMeasurePrice>
      <AllowDiscount>0</AllowDiscount>
      <itemStatus>1</itemStatus>
      <LastUpdateDate />
      <LastUpdateTime />
    </Product>
    <Product>
      <PriceUpdateDate>2018/01/09 09:36</PriceUpdateDate>
      <ItemCode>7290108501476</ItemCode>
      <ItemType>1</ItemType>
      <ItemName>גבינת קממבר צרפתית 240גר באריזת עץ</ItemName>
      <ManufactureName>ג.וילי פוד אינטרנשיונל בעמ</ManufactureName>
      <ManufactureCountry />
      <ManufactureItemDescription />
      <UnitQty>י"ח</UnitQty>
      <Quantity>240</Quantity>
      <UnitMeasure>ל  גרם</UnitMeasure>
      <BisWeighted>0</BisWeighted>
      <QtyInPackage>1</QtyInPackage>
      <ItemPrice>22.90</ItemPrice>
      <UnitOfMeasurePrice>9.54</UnitOfMeasurePrice>
      <AllowDiscount>0</AllowDiscount>
      <itemStatus>1</itemStatus>
      <LastUpdateDate />
      <LastUpdateTime />
    </Product>
    <Product>
      <PriceUpdateDate>2018/01/09 09:36</PriceUpdateDate>
      <ItemCode>7290108501483</ItemCode>
      <ItemType>1</ItemType>
      <ItemName>לפונדוגבינה  230גר אריזת עץ ויליפוד</ItemName>
      <ManufactureName>ג.וילי פוד אינטרנשיונל בעמ</ManufactureName>
      <ManufactureCountry />
      <ManufactureItemDescription />
      <UnitQty>י"ח</UnitQty>
      <Quantity>230</Quantity>
      <UnitMeasure>ל  גרם</UnitMeasure>
      <BisWeighted>0</BisWeighted>
      <QtyInPackage>1</QtyInPackage>
      <ItemPrice>24.90</ItemPrice>
      <UnitOfMeasurePrice>10.83</UnitOfMeasurePrice>
      <AllowDiscount>0</AllowDiscount>
      <itemStatus>1</itemStatus>
      <LastUpdateDate />
      <LastUpdateTime />
    </Product>
    <Product>
      <PriceUpdateDate>2018/01/09 09:36</PriceUpdateDate>
      <ItemCode>7290108501490</ItemCode>
      <ItemType>1</ItemType>
      <ItemName>מוצרלה פרוסות 150גר ויליפוד</ItemName>
      <ManufactureName>ג.וילי פוד אינטרנשיונל בעמ</ManufactureName>
      <ManufactureCountry />
      <ManufactureItemDescription />
      <UnitQty>י"ח</UnitQty>
      <Quantity>150</Quantity>
      <UnitMeasure>ל  גרם</UnitMeasure>
      <BisWeighted>0</BisWeighted>
      <QtyInPackage>1</QtyInPackage>
      <ItemPrice>14.90</ItemPrice>
      <UnitOfMeasurePrice>9.93</UnitOfMeasurePrice>
      <AllowDiscount>1</AllowDiscount>
      <itemStatus>1</itemStatus>
      <LastUpdateDate />
      <LastUpdateTime />
    </Product>
    <Product>
      <PriceUpdateDate>2019/06/11 08:56</PriceUpdateDate>
      <ItemCode>7290108501506</ItemCode>
      <ItemType>1</ItemType>
      <ItemName>חלומי 200גר SAY CHEESE ויליפוד</ItemName>
      <ManufactureName>ג.וילי פוד אינטרנשיונל בעמ</ManufactureName>
      <ManufactureCountry />
      <ManufactureItemDescription />
      <UnitQty>י"ח</UnitQty>
      <Quantity>200</Quantity>
      <UnitMeasure>ל  גרם</UnitMeasure>
      <BisWeighted>0</BisWeighted>
      <QtyInPackage>1</QtyInPackage>
      <ItemPrice>22.90</ItemPrice>
      <UnitOfMeasurePrice>11.45</UnitOfMeasurePrice>
      <AllowDiscount>1</AllowDiscount>
      <itemStatus>1</itemStatus>
      <LastUpdateDate />
      <LastUpdateTime />
    </Product>
    <Product>
      <PriceUpdateDate>2018/04/15 14:07</PriceUpdateDate>
      <ItemCode>7290108501513</ItemCode>
      <ItemType>1</ItemType>
      <ItemName>גבינת עיזים חצי קשה 200ג</ItemName>
      <ManufactureName>ג.וילי פוד אינטרנשיונל בעמ</ManufactureName>
      <ManufactureCountry />
      <ManufactureItemDescription />
      <UnitQty>י"ח</UnitQty>
      <Quantity>200</Quantity>
      <UnitMeasure>ל  גרם</UnitMeasure>
      <BisWeighted>0</BisWeighted>
      <QtyInPackage>1</QtyInPackage>
      <ItemPrice>24.90</ItemPrice>
      <UnitOfMeasurePrice>12.45</UnitOfMeasurePrice>
      <AllowDiscount>0</AllowDiscount>
      <itemStatus>1</itemStatus>
      <LastUpdateDate />
      <LastUpdateTime />
    </Product>
    <Product>
      <PriceUpdateDate>2018/04/15 14:07</PriceUpdateDate>
      <ItemCode>7290108501537</ItemCode>
      <ItemType>1</ItemType>
      <ItemName>גבינת גאודה 150ג</ItemName>
      <ManufactureName>ג.וילי פוד אינטרנשיונל בעמ</ManufactureName>
      <ManufactureCountry />
      <ManufactureItemDescription />
      <UnitQty>י"ח</UnitQty>
      <Quantity>150</Quantity>
      <UnitMeasure>ל  גרם</UnitMeasure>
      <BisWeighted>0</BisWeighted>
      <QtyInPackage>1</QtyInPackage>
      <ItemPrice>19.90</ItemPrice>
      <UnitOfMeasurePrice>13.27</UnitOfMeasurePrice>
      <AllowDiscount>0</AllowDiscount>
      <itemStatus>1</itemStatus>
      <LastUpdateDate />
      <LastUpdateTime />
    </Product>
    <Product>
      <PriceUpdateDate>2018/10/19 08:10</PriceUpdateDate>
      <ItemCode>7290108501582</ItemCode>
      <ItemType>1</ItemType>
      <ItemName>משקה דוחן  1ל  EURO VEG</ItemName>
      <ManufactureName>ג.וילי פוד אינטרנשיונל בעמ</ManufactureName>
      <ManufactureCountry />
      <ManufactureItemDescription />
      <UnitQty>י"ח</UnitQty>
      <Quantity>1</Quantity>
      <UnitMeasure>ליטר</UnitMeasure>
      <BisWeighted>0</BisWeighted>
      <QtyInPackage>1</QtyInPackage>
      <ItemPrice>11.90</ItemPrice>
      <UnitOfMeasurePrice>11.90</UnitOfMeasurePrice>
      <AllowDiscount>0</AllowDiscount>
      <itemStatus>1</itemStatus>
      <LastUpdateDate />
      <LastUpdateTime />
    </Product>
    <Product>
      <PriceUpdateDate>2018/10/19 08:10</PriceUpdateDate>
      <ItemCode>7290108501599</ItemCode>
      <ItemType>1</ItemType>
      <ItemName>משקה סויה EURO VEG 1ל.</ItemName>
      <ManufactureName>ג.וילי פוד אינטרנשיונל בעמ</ManufactureName>
      <ManufactureCountry />
      <ManufactureItemDescription />
      <UnitQty>י"ח</UnitQty>
      <Quantity>1</Quantity>
      <UnitMeasure>ליטר</UnitMeasure>
      <BisWeighted>0</BisWeighted>
      <QtyInPackage>1</QtyInPackage>
      <ItemPrice>10</ItemPrice>
      <UnitOfMeasurePrice>10</UnitOfMeasurePrice>
      <AllowDiscount>0</AllowDiscount>
      <itemStatus>1</itemStatus>
      <LastUpdateDate />
      <LastUpdateTime />
    </Product>
    <Product>
      <PriceUpdateDate>2018/10/19 08:10</PriceUpdateDate>
      <ItemCode>7290108501605</ItemCode>
      <ItemType>1</ItemType>
      <ItemName>משקה סויה 1ל  EURO VEG טעם וניל</ItemName>
      <ManufactureName>ג.וילי פוד אינטרנשיונל בעמ</ManufactureName>
      <ManufactureCountry />
      <ManufactureItemDescription />
      <UnitQty>י"ח</UnitQty>
      <Quantity>1</Quantity>
      <UnitMeasure>ליטר</UnitMeasure>
      <BisWeighted>0</BisWeighted>
      <QtyInPackage>1</QtyInPackage>
      <ItemPrice>10</ItemPrice>
      <UnitOfMeasurePrice>10</UnitOfMeasurePrice>
      <AllowDiscount>0</AllowDiscount>
      <itemStatus>1</itemStatus>
      <LastUpdateDate />
      <LastUpdateTime />
    </Product>
    <Product>
      <PriceUpdateDate>2018/10/19 08:10</PriceUpdateDate>
      <ItemCode>7290108501612</ItemCode>
      <ItemType>1</ItemType>
      <ItemName>משקה שקדים 1ל   EURO VEG</ItemName>
      <ManufactureName>ג.וילי פוד אינטרנשיונל בעמ</ManufactureName>
      <ManufactureCountry />
      <ManufactureItemDescription />
      <UnitQty>י"ח</UnitQty>
      <Quantity>1</Quantity>
      <UnitMeasure>ליטר</UnitMeasure>
      <BisWeighted>0</BisWeighted>
      <QtyInPackage>1</QtyInPackage>
      <ItemPrice>11.90</ItemPrice>
      <UnitOfMeasurePrice>11.90</UnitOfMeasurePrice>
      <AllowDiscount>0</AllowDiscount>
      <itemStatus>1</itemStatus>
      <LastUpdateDate />
      <LastUpdateTime />
    </Product>
    <Product>
      <PriceUpdateDate>2018/10/19 08:10</PriceUpdateDate>
      <ItemCode>7290108501629</ItemCode>
      <ItemType>1</ItemType>
      <ItemName>משקה אורז 1ל  EURO VEG</ItemName>
      <ManufactureName>ג.וילי פוד אינטרנשיונל בעמ</ManufactureName>
      <ManufactureCountry />
      <ManufactureItemDescription />
      <UnitQty>י"ח</UnitQty>
      <Quantity>1</Quantity>
      <UnitMeasure>ליטר</UnitMeasure>
      <BisWeighted>0</BisWeighted>
      <QtyInPackage>1</QtyInPackage>
      <ItemPrice>10</ItemPrice>
      <UnitOfMeasurePrice>10</UnitOfMeasurePrice>
      <AllowDiscount>0</AllowDiscount>
      <itemStatus>1</itemStatus>
      <LastUpdateDate />
      <LastUpdateTime />
    </Product>
    <Product>
      <PriceUpdateDate>2018/10/19 08:10</PriceUpdateDate>
      <ItemCode>7290108501636</ItemCode>
      <ItemType>1</ItemType>
      <ItemName>משקה אורז 1ל   קינואה EURO VEG</ItemName>
      <ManufactureName>ג.וילי פוד אינטרנשיונל בעמ</ManufactureName>
      <ManufactureCountry />
      <ManufactureItemDescription />
      <UnitQty>י"ח</UnitQty>
      <Quantity>1</Quantity>
      <UnitMeasure>ליטר</UnitMeasure>
      <BisWeighted>0</BisWeighted>
      <QtyInPackage>1</QtyInPackage>
      <ItemPrice>11.90</ItemPrice>
      <UnitOfMeasurePrice>11.90</UnitOfMeasurePrice>
      <AllowDiscount>0</AllowDiscount>
      <itemStatus>1</itemStatus>
      <LastUpdateDate />
      <LastUpdateTime />
    </Product>
    <Product>
      <PriceUpdateDate>2018/10/19 08:10</PriceUpdateDate>
      <ItemCode>7290108501643</ItemCode>
      <ItemType>1</ItemType>
      <ItemName>משקה ש.שועל 1ל  EURO VEG</ItemName>
      <ManufactureName>ג.וילי פוד אינטרנשיונל בעמ</ManufactureName>
      <ManufactureCountry />
      <ManufactureItemDescription />
      <UnitQty>י"ח</UnitQty>
      <Quantity>1</Quantity>
      <UnitMeasure>ליטר</UnitMeasure>
      <BisWeighted>0</BisWeighted>
      <QtyInPackage>1</QtyInPackage>
      <ItemPrice>10</ItemPrice>
      <UnitOfMeasurePrice>10</UnitOfMeasurePrice>
      <AllowDiscount>0</AllowDiscount>
      <itemStatus>1</itemStatus>
      <LastUpdateDate />
      <LastUpdateTime />
    </Product>
    <Product>
      <PriceUpdateDate>2018/07/19 09:39</PriceUpdateDate>
      <ItemCode>7290108501674</ItemCode>
      <ItemType>1</ItemType>
      <ItemName>ממרח חמאה 125ג מליחות עדינה</ItemName>
      <ManufactureName>ג.וילי פוד אינטרנשיונל בעמ</ManufactureName>
      <ManufactureCountry />
      <ManufactureItemDescription />
      <UnitQty>י"ח</UnitQty>
      <Quantity>125</Quantity>
      <UnitMeasure>ל  גרם</UnitMeasure>
      <BisWeighted>0</BisWeighted>
      <QtyInPackage>1</QtyInPackage>
      <ItemPrice>9.90</ItemPrice>
      <UnitOfMeasurePrice>7.92</UnitOfMeasurePrice>
      <AllowDiscount>0</AllowDiscount>
      <itemStatus>1</itemStatus>
      <LastUpdateDate />
      <LastUpdateTime />
    </Product>
    <Product>
      <PriceUpdateDate>2018/07/19 09:39</PriceUpdateDate>
      <ItemCode>7290108501681</ItemCode>
      <ItemType>1</ItemType>
      <ItemName>ממרח חמאה 125ג ללא מלח</ItemName>
      <ManufactureName>ג.וילי פוד אינטרנשיונל בעמ</ManufactureName>
      <ManufactureCountry />
      <ManufactureItemDescription />
      <UnitQty>י"ח</UnitQty>
      <Quantity>125</Quantity>
      <UnitMeasure>ל  גרם</UnitMeasure>
      <BisWeighted>0</BisWeighted>
      <QtyInPackage>1</QtyInPackage>
      <ItemPrice>9.90</ItemPrice>
      <UnitOfMeasurePrice>7.92</UnitOfMeasurePrice>
      <AllowDiscount>0</AllowDiscount>
      <itemStatus>1</itemStatus>
      <LastUpdateDate />
      <LastUpdateTime />
    </Product>
    <Product>
      <PriceUpdateDate>2019/09/03 08:30</PriceUpdateDate>
      <ItemCode>7290108501766</ItemCode>
      <ItemType>1</ItemType>
      <ItemName>ממרח חמאה 250ג ללא מלח Euro Spread</ItemName>
      <ManufactureName>ג.וילי פוד אינטרנשיונל בעמ</ManufactureName>
      <ManufactureCountry />
      <ManufactureItemDescription />
      <UnitQty>י"ח</UnitQty>
      <Quantity>250</Quantity>
      <UnitMeasure>ל  גרם</UnitMeasure>
      <BisWeighted>0</BisWeighted>
      <QtyInPackage>1</QtyInPackage>
      <ItemPrice>11.90</ItemPrice>
      <UnitOfMeasurePrice>4.76</UnitOfMeasurePrice>
      <AllowDiscount>1</AllowDiscount>
      <itemStatus>1</itemStatus>
      <LastUpdateDate />
      <LastUpdateTime />
    </Product>
    <Product>
      <PriceUpdateDate>2019/09/03 08:30</PriceUpdateDate>
      <ItemCode>7290108501773</ItemCode>
      <ItemType>1</ItemType>
      <ItemName>ממרח חמאה 250ג במליחות עדינה Euro Spread</ItemName>
      <ManufactureName>ג.וילי פוד אינטרנשיונל בעמ</ManufactureName>
      <ManufactureCountry />
      <ManufactureItemDescription />
      <UnitQty>י"ח</UnitQty>
      <Quantity>250</Quantity>
      <UnitMeasure>ל  גרם</UnitMeasure>
      <BisWeighted>0</BisWeighted>
      <QtyInPackage>1</QtyInPackage>
      <ItemPrice>11.90</ItemPrice>
      <UnitOfMeasurePrice>4.76</UnitOfMeasurePrice>
      <AllowDiscount>1</AllowDiscount>
      <itemStatus>1</itemStatus>
      <LastUpdateDate />
      <LastUpdateTime />
    </Product>
    <Product>
      <PriceUpdateDate>2019/09/03 08:30</PriceUpdateDate>
      <ItemCode>7290108501780</ItemCode>
      <ItemType>1</ItemType>
      <ItemName>ממרח חמאה 500גר ללא מלח Euro Spread</ItemName>
      <ManufactureName>ג.וילי פוד אינטרנשיונל בעמ</ManufactureName>
      <ManufactureCountry />
      <ManufactureItemDescription />
      <UnitQty>י"ח</UnitQty>
      <Quantity>500</Quantity>
      <UnitMeasure>ל  גרם</UnitMeasure>
      <BisWeighted>0</BisWeighted>
      <QtyInPackage>1</QtyInPackage>
      <ItemPrice>21.90</ItemPrice>
      <UnitOfMeasurePrice>4.38</UnitOfMeasurePrice>
      <AllowDiscount>0</AllowDiscount>
      <itemStatus>1</itemStatus>
      <LastUpdateDate />
      <LastUpdateTime />
    </Product>
    <Product>
      <PriceUpdateDate>2019/09/03 08:30</PriceUpdateDate>
      <ItemCode>7290108501797</ItemCode>
      <ItemType>1</ItemType>
      <ItemName>ממרח חמאה 500גר במליחות עדינ Euro Spre</ItemName>
      <ManufactureName>ג.וילי פוד אינטרנשיונל בעמ</ManufactureName>
      <ManufactureCountry />
      <ManufactureItemDescription />
      <UnitQty>י"ח</UnitQty>
      <Quantity>500</Quantity>
      <UnitMeasure>ל  גרם</UnitMeasure>
      <BisWeighted>0</BisWeighted>
      <QtyInPackage>1</QtyInPackage>
      <ItemPrice>21.90</ItemPrice>
      <UnitOfMeasurePrice>4.38</UnitOfMeasurePrice>
      <AllowDiscount>0</AllowDiscount>
      <itemStatus>1</itemStatus>
      <LastUpdateDate />
      <LastUpdateTime />
    </Product>
    <Product>
      <PriceUpdateDate>2019/09/03 08:30</PriceUpdateDate>
      <ItemCode>7290108501803</ItemCode>
      <ItemType>1</ItemType>
      <ItemName>ממרח חמאה 250גר לייט ללא מלח Euro Spre</ItemName>
      <ManufactureName>ג.וילי פוד אינטרנשיונל בעמ</ManufactureName>
      <ManufactureCountry />
      <ManufactureItemDescription />
      <UnitQty>י"ח</UnitQty>
      <Quantity>250</Quantity>
      <UnitMeasure>ל  גרם</UnitMeasure>
      <BisWeighted>0</BisWeighted>
      <QtyInPackage>1</QtyInPackage>
      <ItemPrice>11.90</ItemPrice>
      <UnitOfMeasurePrice>4.76</UnitOfMeasurePrice>
      <AllowDiscount>1</AllowDiscount>
      <itemStatus>1</itemStatus>
      <LastUpdateDate />
      <LastUpdateTime />
    </Product>
    <Product>
      <PriceUpdateDate>2019/09/03 08:30</PriceUpdateDate>
      <ItemCode>7290108501810</ItemCode>
      <ItemType>1</ItemType>
      <ItemName>ממרח חמאה 250גר לייט במליחות עדינה</ItemName>
      <ManufactureName>ג.וילי פוד אינטרנשיונל בעמ</ManufactureName>
      <ManufactureCountry />
      <ManufactureItemDescription />
      <UnitQty>י"ח</UnitQty>
      <Quantity>250</Quantity>
      <UnitMeasure>ל  גרם</UnitMeasure>
      <BisWeighted>0</BisWeighted>
      <QtyInPackage>1</QtyInPackage>
      <ItemPrice>11.90</ItemPrice>
      <UnitOfMeasurePrice>4.76</UnitOfMeasurePrice>
      <AllowDiscount>1</AllowDiscount>
      <itemStatus>1</itemStatus>
      <LastUpdateDate />
      <LastUpdateTime />
    </Product>
    <Product>
      <PriceUpdateDate>2019/06/12 11:08</PriceUpdateDate>
      <ItemCode>7290108501926</ItemCode>
      <ItemType>1</ItemType>
      <ItemName>פטריותם במילוי גבינת שמנת 150ג</ItemName>
      <ManufactureName>ג.וילי פוד אינטרנשיונל בעמ</ManufactureName>
      <ManufactureCountry />
      <ManufactureItemDescription />
      <UnitQty>י"ח</UnitQty>
      <Quantity>150</Quantity>
      <UnitMeasure>ל  גרם</UnitMeasure>
      <BisWeighted>0</BisWeighted>
      <QtyInPackage>1</QtyInPackage>
      <ItemPrice>15.80</ItemPrice>
      <UnitOfMeasurePrice>10.53</UnitOfMeasurePrice>
      <AllowDiscount>1</AllowDiscount>
      <itemStatus>1</itemStatus>
      <LastUpdateDate />
      <LastUpdateTime />
    </Product>
    <Product>
      <PriceUpdateDate>2019/06/12 11:08</PriceUpdateDate>
      <ItemCode>7290108501933</ItemCode>
      <ItemType>1</ItemType>
      <ItemName>פלפלים ירוקים במילוי גבינת שמנת 150ג</ItemName>
      <ManufactureName>ג.וילי פוד אינטרנשיונל בעמ</ManufactureName>
      <ManufactureCountry />
      <ManufactureItemDescription />
      <UnitQty>י"ח</UnitQty>
      <Quantity>150</Quantity>
      <UnitMeasure>ל  גרם</UnitMeasure>
      <BisWeighted>0</BisWeighted>
      <QtyInPackage>1</QtyInPackage>
      <ItemPrice>15.80</ItemPrice>
      <UnitOfMeasurePrice>10.53</UnitOfMeasurePrice>
      <AllowDiscount>1</AllowDiscount>
      <itemStatus>1</itemStatus>
      <LastUpdateDate />
      <LastUpdateTime />
    </Product>
    <Product>
      <PriceUpdateDate>2019/06/12 11:08</PriceUpdateDate>
      <ItemCode>7290108501940</ItemCode>
      <ItemType>1</ItemType>
      <ItemName>פלפלים חריפים במילוי גבינת שמנת 150ג</ItemName>
      <ManufactureName>ג.וילי פוד אינטרנשיונל בעמ</ManufactureName>
      <ManufactureCountry />
      <ManufactureItemDescription />
      <UnitQty>י"ח</UnitQty>
      <Quantity>150</Quantity>
      <UnitMeasure>ל  גרם</UnitMeasure>
      <BisWeighted>0</BisWeighted>
      <QtyInPackage>1</QtyInPackage>
      <ItemPrice>15.80</ItemPrice>
      <UnitOfMeasurePrice>10.53</UnitOfMeasurePrice>
      <AllowDiscount>1</AllowDiscount>
      <itemStatus>1</itemStatus>
      <LastUpdateDate />
      <LastUpdateTime />
    </Product>
    <Product>
      <PriceUpdateDate>2019/06/12 11:08</PriceUpdateDate>
      <ItemCode>7290108501957</ItemCode>
      <ItemType>1</ItemType>
      <ItemName>פלפלים מתוקים במילוי גבינת שמנת 150ג</ItemName>
      <ManufactureName>ג.וילי פוד אינטרנשיונל בעמ</ManufactureName>
      <ManufactureCountry />
      <ManufactureItemDescription />
      <UnitQty>י"ח</UnitQty>
      <Quantity>150</Quantity>
      <UnitMeasure>ל  גרם</UnitMeasure>
      <BisWeighted>0</BisWeighted>
      <QtyInPackage>1</QtyInPackage>
      <ItemPrice>15.80</ItemPrice>
      <UnitOfMeasurePrice>10.53</UnitOfMeasurePrice>
      <AllowDiscount>1</AllowDiscount>
      <itemStatus>1</itemStatus>
      <LastUpdateDate />
      <LastUpdateTime />
    </Product>
    <Product>
      <PriceUpdateDate>2019/06/12 11:08</PriceUpdateDate>
      <ItemCode>7290108501964</ItemCode>
      <ItemType>1</ItemType>
      <ItemName>חטיף שקדים וצימוקים happy nuts</ItemName>
      <ManufactureName>ג.וילי פוד אינטרנשיונל בעמ</ManufactureName>
      <ManufactureCountry />
      <ManufactureItemDescription />
      <UnitQty>י"ח</UnitQty>
      <Quantity>100</Quantity>
      <UnitMeasure>ל  גרם</UnitMeasure>
      <BisWeighted>0</BisWeighted>
      <QtyInPackage>1</QtyInPackage>
      <ItemPrice>14.80</ItemPrice>
      <UnitOfMeasurePrice>14.80</UnitOfMeasurePrice>
      <AllowDiscount>1</AllowDiscount>
      <itemStatus>1</itemStatus>
      <LastUpdateDate />
      <LastUpdateTime />
    </Product>
    <Product>
      <PriceUpdateDate>2019/06/12 11:08</PriceUpdateDate>
      <ItemCode>7290108501971</ItemCode>
      <ItemType>1</ItemType>
      <ItemName>חטיף שקדים ומשמש happy nuts</ItemName>
      <ManufactureName>ג.וילי פוד אינטרנשיונל בעמ</ManufactureName>
      <ManufactureCountry />
      <ManufactureItemDescription />
      <UnitQty>י"ח</UnitQty>
      <Quantity>100</Quantity>
      <UnitMeasure>ל  גרם</UnitMeasure>
      <BisWeighted>0</BisWeighted>
      <QtyInPackage>1</QtyInPackage>
      <ItemPrice>14.80</ItemPrice>
      <UnitOfMeasurePrice>14.80</UnitOfMeasurePrice>
      <AllowDiscount>1</AllowDiscount>
      <itemStatus>1</itemStatus>
      <LastUpdateDate />
      <LastUpdateTime />
    </Product>
    <Product>
      <PriceUpdateDate>2019/06/12 11:08</PriceUpdateDate>
      <ItemCode>7290108501988</ItemCode>
      <ItemType>1</ItemType>
      <ItemName>חטיף שקדים וחמוציות happy nuts</ItemName>
      <ManufactureName>ג.וילי פוד אינטרנשיונל בעמ</ManufactureName>
      <ManufactureCountry />
      <ManufactureItemDescription />
      <UnitQty>י"ח</UnitQty>
      <Quantity>100</Quantity>
      <UnitMeasure>ל  גרם</UnitMeasure>
      <BisWeighted>0</BisWeighted>
      <QtyInPackage>1</QtyInPackage>
      <ItemPrice>14.80</ItemPrice>
      <UnitOfMeasurePrice>14.80</UnitOfMeasurePrice>
      <AllowDiscount>1</AllowDiscount>
      <itemStatus>1</itemStatus>
      <LastUpdateDate />
      <LastUpdateTime />
    </Product>
    <Product>
      <PriceUpdateDate>2019/10/20 07:46</PriceUpdateDate>
      <ItemCode>7290108502220</ItemCode>
      <ItemType>1</ItemType>
      <ItemName>פחם אקולוגי 2 ק``ג ויליפוד</ItemName>
      <ManufactureName>ג.וילי פוד אינטרנשיונל בעמ</ManufactureName>
      <ManufactureCountry />
      <ManufactureItemDescription />
      <UnitQty>י"ח</UnitQty>
      <Quantity>1</Quantity>
      <UnitMeasure />
      <BisWeighted>0</BisWeighted>
      <QtyInPackage>1</QtyInPackage>
      <ItemPrice>13.90</ItemPrice>
      <UnitOfMeasurePrice>13.90</UnitOfMeasurePrice>
      <AllowDiscount>1</AllowDiscount>
      <itemStatus>1</itemStatus>
      <LastUpdateDate />
      <LastUpdateTime />
    </Product>
    <Product>
      <PriceUpdateDate>2019/07/04 08:26</PriceUpdateDate>
      <ItemCode>7290108502237</ItemCode>
      <ItemType>1</ItemType>
      <ItemName>ג.עיזים רכה בציפוי תפוזים 29% 110ג</ItemName>
      <ManufactureName>ג.וילי פוד אינטרנשיונל בעמ</ManufactureName>
      <ManufactureCountry />
      <ManufactureItemDescription />
      <UnitQty>י"ח</UnitQty>
      <Quantity>110</Quantity>
      <UnitMeasure>ל  גרם</UnitMeasure>
      <BisWeighted>0</BisWeighted>
      <QtyInPackage>1</QtyInPackage>
      <ItemPrice>15.90</ItemPrice>
      <UnitOfMeasurePrice>14.45</UnitOfMeasurePrice>
      <AllowDiscount>1</AllowDiscount>
      <itemStatus>1</itemStatus>
      <LastUpdateDate />
      <LastUpdateTime />
    </Product>
    <Product>
      <PriceUpdateDate>2019/07/04 08:26</PriceUpdateDate>
      <ItemCode>7290108502244</ItemCode>
      <ItemType>1</ItemType>
      <ItemName>ג.עיזים רכה בציפוי צ`ילי 29% 110ג</ItemName>
      <ManufactureName>ג.וילי פוד אינטרנשיונל בעמ</ManufactureName>
      <ManufactureCountry />
      <ManufactureItemDescription />
      <UnitQty>י"ח</UnitQty>
      <Quantity>110</Quantity>
      <UnitMeasure>ל  גרם</UnitMeasure>
      <BisWeighted>0</BisWeighted>
      <QtyInPackage>1</QtyInPackage>
      <ItemPrice>15.90</ItemPrice>
      <UnitOfMeasurePrice>14.45</UnitOfMeasurePrice>
      <AllowDiscount>1</AllowDiscount>
      <itemStatus>1</itemStatus>
      <LastUpdateDate />
      <LastUpdateTime />
    </Product>
    <Product>
      <PriceUpdateDate>2019/06/12 11:08</PriceUpdateDate>
      <ItemCode>7290108502381</ItemCode>
      <ItemType>1</ItemType>
      <ItemName>תחתיות לפיצה 1/6</ItemName>
      <ManufactureName>ג.וילי פוד אינטרנשיונל בעמ</ManufactureName>
      <ManufactureCountry />
      <ManufactureItemDescription />
      <UnitQty>י"ח</UnitQty>
      <Quantity>6</Quantity>
      <UnitMeasure>י"ח</UnitMeasure>
      <BisWeighted>0</BisWeighted>
      <QtyInPackage>1</QtyInPackage>
      <ItemPrice>12.90</ItemPrice>
      <UnitOfMeasurePrice>2.15</UnitOfMeasurePrice>
      <AllowDiscount>1</AllowDiscount>
      <itemStatus>1</itemStatus>
      <LastUpdateDate />
      <LastUpdateTime />
    </Product>
    <Product>
      <PriceUpdateDate>2018/09/27 09:06</PriceUpdateDate>
      <ItemCode>7290108502541</ItemCode>
      <ItemType>1</ItemType>
      <ItemName>גבינת שמנת רכה  טבעי 200ג ויליפוד</ItemName>
      <ManufactureName>ג.וילי פוד אינטרנשיונל בעמ</ManufactureName>
      <ManufactureCountry />
      <ManufactureItemDescription />
      <UnitQty>י"ח</UnitQty>
      <Quantity>200</Quantity>
      <UnitMeasure>ל  גרם</UnitMeasure>
      <BisWeighted>0</BisWeighted>
      <QtyInPackage>1</QtyInPackage>
      <ItemPrice>11.90</ItemPrice>
      <UnitOfMeasurePrice>5.95</UnitOfMeasurePrice>
      <AllowDiscount>1</AllowDiscount>
      <itemStatus>1</itemStatus>
      <LastUpdateDate />
      <LastUpdateTime />
    </Product>
    <Product>
      <PriceUpdateDate>2018/09/27 09:06</PriceUpdateDate>
      <ItemCode>7290108502558</ItemCode>
      <ItemType>1</ItemType>
      <ItemName>גבינת שמנת לייט טבעי  200ג</ItemName>
      <ManufactureName>ג.וילי פוד אינטרנשיונל בעמ</ManufactureName>
      <ManufactureCountry />
      <ManufactureItemDescription />
      <UnitQty>י"ח</UnitQty>
      <Quantity>200</Quantity>
      <UnitMeasure>ל  גרם</UnitMeasure>
      <BisWeighted>0</BisWeighted>
      <QtyInPackage>1</QtyInPackage>
      <ItemPrice>11.90</ItemPrice>
      <UnitOfMeasurePrice>5.95</UnitOfMeasurePrice>
      <AllowDiscount>1</AllowDiscount>
      <itemStatus>1</itemStatus>
      <LastUpdateDate />
      <LastUpdateTime />
    </Product>
    <Product>
      <PriceUpdateDate>2018/09/27 09:06</PriceUpdateDate>
      <ItemCode>7290108502565</ItemCode>
      <ItemType>1</ItemType>
      <ItemName>גבינת שמנת עשבי תיבול 200ג ויליפוד</ItemName>
      <ManufactureName>ג.וילי פוד אינטרנשיונל בעמ</ManufactureName>
      <ManufactureCountry />
      <ManufactureItemDescription />
      <UnitQty>י"ח</UnitQty>
      <Quantity>200</Quantity>
      <UnitMeasure>ל  גרם</UnitMeasure>
      <BisWeighted>0</BisWeighted>
      <QtyInPackage>1</QtyInPackage>
      <ItemPrice>11.90</ItemPrice>
      <UnitOfMeasurePrice>5.95</UnitOfMeasurePrice>
      <AllowDiscount>1</AllowDiscount>
      <itemStatus>1</itemStatus>
      <LastUpdateDate />
      <LastUpdateTime />
    </Product>
    <Product>
      <PriceUpdateDate>2018/09/27 09:06</PriceUpdateDate>
      <ItemCode>7290108502572</ItemCode>
      <ItemType>1</ItemType>
      <ItemName>גבינת שמנת לייט עשבי תיבול  200ג</ItemName>
      <ManufactureName>ג.וילי פוד אינטרנשיונל בעמ</ManufactureName>
      <ManufactureCountry />
      <ManufactureItemDescription />
      <UnitQty>י"ח</UnitQty>
      <Quantity>200</Quantity>
      <UnitMeasure>ל  גרם</UnitMeasure>
      <BisWeighted>0</BisWeighted>
      <QtyInPackage>1</QtyInPackage>
      <ItemPrice>11.90</ItemPrice>
      <UnitOfMeasurePrice>5.95</UnitOfMeasurePrice>
      <AllowDiscount>1</AllowDiscount>
      <itemStatus>1</itemStatus>
      <LastUpdateDate />
      <LastUpdateTime />
    </Product>
    <Product>
      <PriceUpdateDate>2018/09/27 09:06</PriceUpdateDate>
      <ItemCode>7290108502589</ItemCode>
      <ItemType>1</ItemType>
      <ItemName>גבינת שמנת שום 200ג ויליפוד</ItemName>
      <ManufactureName>ג.וילי פוד אינטרנשיונל בעמ</ManufactureName>
      <ManufactureCountry />
      <ManufactureItemDescription />
      <UnitQty>י"ח</UnitQty>
      <Quantity>200</Quantity>
      <UnitMeasure>ל  גרם</UnitMeasure>
      <BisWeighted>0</BisWeighted>
      <QtyInPackage>1</QtyInPackage>
      <ItemPrice>11.90</ItemPrice>
      <UnitOfMeasurePrice>5.95</UnitOfMeasurePrice>
      <AllowDiscount>1</AllowDiscount>
      <itemStatus>1</itemStatus>
      <LastUpdateDate />
      <LastUpdateTime />
    </Product>
    <Product>
      <PriceUpdateDate>2018/09/27 09:06</PriceUpdateDate>
      <ItemCode>7290108502596</ItemCode>
      <ItemType>1</ItemType>
      <ItemName>גבינת שמנת לייט שום  200ג</ItemName>
      <ManufactureName>ג.וילי פוד אינטרנשיונל בעמ</ManufactureName>
      <ManufactureCountry />
      <ManufactureItemDescription />
      <UnitQty>י"ח</UnitQty>
      <Quantity>200</Quantity>
      <UnitMeasure>ל  גרם</UnitMeasure>
      <BisWeighted>0</BisWeighted>
      <QtyInPackage>1</QtyInPackage>
      <ItemPrice>11.90</ItemPrice>
      <UnitOfMeasurePrice>5.95</UnitOfMeasurePrice>
      <AllowDiscount>1</AllowDiscount>
      <itemStatus>1</itemStatus>
      <LastUpdateDate />
      <LastUpdateTime />
    </Product>
    <Product>
      <PriceUpdateDate>2018/09/27 09:06</PriceUpdateDate>
      <ItemCode>7290108502602</ItemCode>
      <ItemType>1</ItemType>
      <ItemName>גבינת שמנת פיקנטית  200ג ויליפוד</ItemName>
      <ManufactureName>ג.וילי פוד אינטרנשיונל בעמ</ManufactureName>
      <ManufactureCountry />
      <ManufactureItemDescription />
      <UnitQty>י"ח</UnitQty>
      <Quantity>200</Quantity>
      <UnitMeasure>ל  גרם</UnitMeasure>
      <BisWeighted>0</BisWeighted>
      <QtyInPackage>1</QtyInPackage>
      <ItemPrice>11.90</ItemPrice>
      <UnitOfMeasurePrice>5.95</UnitOfMeasurePrice>
      <AllowDiscount>1</AllowDiscount>
      <itemStatus>1</itemStatus>
      <LastUpdateDate />
      <LastUpdateTime />
    </Product>
    <Product>
      <PriceUpdateDate>2018/09/27 09:06</PriceUpdateDate>
      <ItemCode>7290108502619</ItemCode>
      <ItemType>1</ItemType>
      <ItemName>גבינת שמנת לייט פיקנטית  200ג</ItemName>
      <ManufactureName>ג.וילי פוד אינטרנשיונל בעמ</ManufactureName>
      <ManufactureCountry />
      <ManufactureItemDescription />
      <UnitQty>י"ח</UnitQty>
      <Quantity>200</Quantity>
      <UnitMeasure>ל  גרם</UnitMeasure>
      <BisWeighted>0</BisWeighted>
      <QtyInPackage>1</QtyInPackage>
      <ItemPrice>11.90</ItemPrice>
      <UnitOfMeasurePrice>5.95</UnitOfMeasurePrice>
      <AllowDiscount>1</AllowDiscount>
      <itemStatus>1</itemStatus>
      <LastUpdateDate />
      <LastUpdateTime />
    </Product>
    <Product>
      <PriceUpdateDate>2018/09/14 11:28</PriceUpdateDate>
      <ItemCode>7290108502633</ItemCode>
      <ItemType>1</ItemType>
      <ItemName>צ`דר מותכת  מיושנת 120גר 28% שומן ויליפו</ItemName>
      <ManufactureName>ג.וילי פוד אינטרנשיונל בעמ</ManufactureName>
      <ManufactureCountry />
      <ManufactureItemDescription />
      <UnitQty>י"ח</UnitQty>
      <Quantity>120</Quantity>
      <UnitMeasure>ל  גרם</UnitMeasure>
      <BisWeighted>0</BisWeighted>
      <QtyInPackage>1</QtyInPackage>
      <ItemPrice>14.90</ItemPrice>
      <UnitOfMeasurePrice>12.42</UnitOfMeasurePrice>
      <AllowDiscount>0</AllowDiscount>
      <itemStatus>1</itemStatus>
      <LastUpdateDate />
      <LastUpdateTime />
    </Product>
    <Product>
      <PriceUpdateDate>2018/09/27 09:06</PriceUpdateDate>
      <ItemCode>7290108502725</ItemCode>
      <ItemType>1</ItemType>
      <ItemName>גאודה פרוסות 400ג ויליפוד</ItemName>
      <ManufactureName>ג.וילי פוד אינטרנשיונל בעמ</ManufactureName>
      <ManufactureCountry />
      <ManufactureItemDescription />
      <UnitQty>י"ח</UnitQty>
      <Quantity>120</Quantity>
      <UnitMeasure>ל  גרם</UnitMeasure>
      <BisWeighted>0</BisWeighted>
      <QtyInPackage>1</QtyInPackage>
      <ItemPrice>21.90</ItemPrice>
      <UnitOfMeasurePrice>18.25</UnitOfMeasurePrice>
      <AllowDiscount>1</AllowDiscount>
      <itemStatus>1</itemStatus>
      <LastUpdateDate />
      <LastUpdateTime />
    </Product>
    <Product>
      <PriceUpdateDate>2018/12/20 13:33</PriceUpdateDate>
      <ItemCode>7290108502831</ItemCode>
      <ItemType>1</ItemType>
      <ItemName>ברי עם עשבי תיבול ושום 125ג ויליפוד</ItemName>
      <ManufactureName>ג.וילי פוד אינטרנשיונל בעמ</ManufactureName>
      <ManufactureCountry />
      <ManufactureItemDescription />
      <UnitQty>י"ח</UnitQty>
      <Quantity>125</Quantity>
      <UnitMeasure>ל  גרם</UnitMeasure>
      <BisWeighted>0</BisWeighted>
      <QtyInPackage>1</QtyInPackage>
      <ItemPrice>19.40</ItemPrice>
      <UnitOfMeasurePrice>15.52</UnitOfMeasurePrice>
      <AllowDiscount>0</AllowDiscount>
      <itemStatus>1</itemStatus>
      <LastUpdateDate />
      <LastUpdateTime />
    </Product>
    <Product>
      <PriceUpdateDate>2019/06/11 08:56</PriceUpdateDate>
      <ItemCode>7290108502848</ItemCode>
      <ItemType>1</ItemType>
      <ItemName>ברי עם פלפל שחור 125ג ויליפוד</ItemName>
      <ManufactureName>ג.וילי פוד אינטרנשיונל בעמ</ManufactureName>
      <ManufactureCountry />
      <ManufactureItemDescription />
      <UnitQty>י"ח</UnitQty>
      <Quantity>125</Quantity>
      <UnitMeasure>ל  גרם</UnitMeasure>
      <BisWeighted>0</BisWeighted>
      <QtyInPackage>1</QtyInPackage>
      <ItemPrice>19.40</ItemPrice>
      <UnitOfMeasurePrice>15.52</UnitOfMeasurePrice>
      <AllowDiscount>0</AllowDiscount>
      <itemStatus>1</itemStatus>
      <LastUpdateDate />
      <LastUpdateTime />
    </Product>
    <Product>
      <PriceUpdateDate>2019/06/12 11:08</PriceUpdateDate>
      <ItemCode>7290108502879</ItemCode>
      <ItemType>1</ItemType>
      <ItemName>מלפפונים כבושים במלח 18-25 800ג</ItemName>
      <ManufactureName>ג.וילי פוד אינטרנשיונל בעמ</ManufactureName>
      <ManufactureCountry />
      <ManufactureItemDescription />
      <UnitQty>י"ח</UnitQty>
      <Quantity>800</Quantity>
      <UnitMeasure>ל  גרם</UnitMeasure>
      <BisWeighted>0</BisWeighted>
      <QtyInPackage>1</QtyInPackage>
      <ItemPrice>14.90</ItemPrice>
      <UnitOfMeasurePrice>1.86</UnitOfMeasurePrice>
      <AllowDiscount>1</AllowDiscount>
      <itemStatus>1</itemStatus>
      <LastUpdateDate />
      <LastUpdateTime />
    </Product>
    <Product>
      <PriceUpdateDate>2018/09/27 09:06</PriceUpdateDate>
      <ItemCode>7290108503050</ItemCode>
      <ItemType>1</ItemType>
      <ItemName>מדליוני גבינות עיזים 120ג.</ItemName>
      <ManufactureName>ג.וילי פוד אינטרנשיונל בעמ</ManufactureName>
      <ManufactureCountry />
      <ManufactureItemDescription />
      <UnitQty>י"ח</UnitQty>
      <Quantity>120</Quantity>
      <UnitMeasure>ל  גרם</UnitMeasure>
      <BisWeighted>0</BisWeighted>
      <QtyInPackage>1</QtyInPackage>
      <ItemPrice>15.90</ItemPrice>
      <UnitOfMeasurePrice>13.25</UnitOfMeasurePrice>
      <AllowDiscount>1</AllowDiscount>
      <itemStatus>1</itemStatus>
      <LastUpdateDate />
      <LastUpdateTime />
    </Product>
    <Product>
      <PriceUpdateDate>2019/04/07 10:23</PriceUpdateDate>
      <ItemCode>7290108503142</ItemCode>
      <ItemType>1</ItemType>
      <ItemName>לזניה FRESCA ITALIANA י500 גרם(ויליפוד)</ItemName>
      <ManufactureName>ג.וילי פוד אינטרנשיונל בעמ</ManufactureName>
      <ManufactureCountry />
      <ManufactureItemDescription />
      <UnitQty>י"ח</UnitQty>
      <Quantity>397</Quantity>
      <UnitMeasure>ל  גרם</UnitMeasure>
      <BisWeighted>0</BisWeighted>
      <QtyInPackage>1</QtyInPackage>
      <ItemPrice>9.90</ItemPrice>
      <UnitOfMeasurePrice>2.49</UnitOfMeasurePrice>
      <AllowDiscount>1</AllowDiscount>
      <itemStatus>1</itemStatus>
      <LastUpdateDate />
      <LastUpdateTime />
    </Product>
    <Product>
      <PriceUpdateDate>2018/11/14 09:23</PriceUpdateDate>
      <ItemCode>7290108503159</ItemCode>
      <ItemType>1</ItemType>
      <ItemName>גבינה כחולה עם עובש 100ג 31% ויליפוד</ItemName>
      <ManufactureName>ג.וילי פוד אינטרנשיונל בעמ</ManufactureName>
      <ManufactureCountry />
      <ManufactureItemDescription />
      <UnitQty>י"ח</UnitQty>
      <Quantity>100</Quantity>
      <UnitMeasure>ל  גרם</UnitMeasure>
      <BisWeighted>0</BisWeighted>
      <QtyInPackage>1</QtyInPackage>
      <ItemPrice>13.90</ItemPrice>
      <UnitOfMeasurePrice>13.90</UnitOfMeasurePrice>
      <AllowDiscount>0</AllowDiscount>
      <itemStatus>1</itemStatus>
      <LastUpdateDate />
      <LastUpdateTime />
    </Product>
    <Product>
      <PriceUpdateDate>2019/05/28 08:30</PriceUpdateDate>
      <ItemCode>7290108503166</ItemCode>
      <ItemType>1</ItemType>
      <ItemName>צנימים עם שומשום 100 גרם MELBA TOASF</ItemName>
      <ManufactureName>ג.וילי פוד אינטרנשיונל בעמ</ManufactureName>
      <ManufactureCountry />
      <ManufactureItemDescription />
      <UnitQty>י"ח</UnitQty>
      <Quantity>100</Quantity>
      <UnitMeasure>ל  גרם</UnitMeasure>
      <BisWeighted>0</BisWeighted>
      <QtyInPackage>1</QtyInPackage>
      <ItemPrice>5.90</ItemPrice>
      <UnitOfMeasurePrice>5.90</UnitOfMeasurePrice>
      <AllowDiscount>1</AllowDiscount>
      <itemStatus>1</itemStatus>
      <LastUpdateDate />
      <LastUpdateTime />
    </Product>
    <Product>
      <PriceUpdateDate>2019/05/28 08:30</PriceUpdateDate>
      <ItemCode>7290108503173</ItemCode>
      <ItemType>1</ItemType>
      <ItemName>צנימים חיטה מלאה 100 גרם MELBA TOASF</ItemName>
      <ManufactureName>ג.וילי פוד אינטרנשיונל בעמ</ManufactureName>
      <ManufactureCountry />
      <ManufactureItemDescription />
      <UnitQty>י"ח</UnitQty>
      <Quantity>100</Quantity>
      <UnitMeasure>ל  גרם</UnitMeasure>
      <BisWeighted>0</BisWeighted>
      <QtyInPackage>1</QtyInPackage>
      <ItemPrice>5.90</ItemPrice>
      <UnitOfMeasurePrice>5.90</UnitOfMeasurePrice>
      <AllowDiscount>1</AllowDiscount>
      <itemStatus>1</itemStatus>
      <LastUpdateDate />
      <LastUpdateTime />
    </Product>
    <Product>
      <PriceUpdateDate>2019/04/01 07:41</PriceUpdateDate>
      <ItemCode>7290108503210</ItemCode>
      <ItemType>1</ItemType>
      <ItemName>מוצ`י גלידת שרבט טעם שוקולד  156גר</ItemName>
      <ManufactureName>ג.וילי פוד אינטרנשיונל בעמ</ManufactureName>
      <ManufactureCountry />
      <ManufactureItemDescription />
      <UnitQty>י"ח</UnitQty>
      <Quantity>156</Quantity>
      <UnitMeasure>ל  גרם</UnitMeasure>
      <BisWeighted>0</BisWeighted>
      <QtyInPackage>1</QtyInPackage>
      <ItemPrice>19.90</ItemPrice>
      <UnitOfMeasurePrice>12.76</UnitOfMeasurePrice>
      <AllowDiscount>1</AllowDiscount>
      <itemStatus>1</itemStatus>
      <LastUpdateDate />
      <LastUpdateTime />
    </Product>
    <Product>
      <PriceUpdateDate>2019/04/01 07:41</PriceUpdateDate>
      <ItemCode>7290108503227</ItemCode>
      <ItemType>1</ItemType>
      <ItemName>מוצ`י גלידת שרבט טעם וניל 156גר</ItemName>
      <ManufactureName>ג.וילי פוד אינטרנשיונל בעמ</ManufactureName>
      <ManufactureCountry />
      <ManufactureItemDescription />
      <UnitQty>י"ח</UnitQty>
      <Quantity>156</Quantity>
      <UnitMeasure>ל  גרם</UnitMeasure>
      <BisWeighted>0</BisWeighted>
      <QtyInPackage>1</QtyInPackage>
      <ItemPrice>19.90</ItemPrice>
      <UnitOfMeasurePrice>12.76</UnitOfMeasurePrice>
      <AllowDiscount>1</AllowDiscount>
      <itemStatus>1</itemStatus>
      <LastUpdateDate />
      <LastUpdateTime />
    </Product>
    <Product>
      <PriceUpdateDate>2019/04/01 07:41</PriceUpdateDate>
      <ItemCode>7290108503234</ItemCode>
      <ItemType>1</ItemType>
      <ItemName>מוצ`י גלידת שרבט טעם קוקוס  156גר</ItemName>
      <ManufactureName>ג.וילי פוד אינטרנשיונל בעמ</ManufactureName>
      <ManufactureCountry />
      <ManufactureItemDescription />
      <UnitQty>י"ח</UnitQty>
      <Quantity>156</Quantity>
      <UnitMeasure>ל  גרם</UnitMeasure>
      <BisWeighted>0</BisWeighted>
      <QtyInPackage>1</QtyInPackage>
      <ItemPrice>19.90</ItemPrice>
      <UnitOfMeasurePrice>12.76</UnitOfMeasurePrice>
      <AllowDiscount>1</AllowDiscount>
      <itemStatus>1</itemStatus>
      <LastUpdateDate />
      <LastUpdateTime />
    </Product>
    <Product>
      <PriceUpdateDate>2019/04/01 07:41</PriceUpdateDate>
      <ItemCode>7290108503241</ItemCode>
      <ItemType>1</ItemType>
      <ItemName>מוצ`י גלידת שרבט טעם תה ירוק  156גר</ItemName>
      <ManufactureName>ג.וילי פוד אינטרנשיונל בעמ</ManufactureName>
      <ManufactureCountry />
      <ManufactureItemDescription />
      <UnitQty>י"ח</UnitQty>
      <Quantity>156</Quantity>
      <UnitMeasure>ל  גרם</UnitMeasure>
      <BisWeighted>0</BisWeighted>
      <QtyInPackage>1</QtyInPackage>
      <ItemPrice>19.90</ItemPrice>
      <UnitOfMeasurePrice>12.76</UnitOfMeasurePrice>
      <AllowDiscount>1</AllowDiscount>
      <itemStatus>1</itemStatus>
      <LastUpdateDate />
      <LastUpdateTime />
    </Product>
    <Product>
      <PriceUpdateDate>2019/04/01 07:41</PriceUpdateDate>
      <ItemCode>7290108503258</ItemCode>
      <ItemType>1</ItemType>
      <ItemName>מוצ`י גלידת שרבט עם תות שדה 156גר</ItemName>
      <ManufactureName>ג.וילי פוד אינטרנשיונל בעמ</ManufactureName>
      <ManufactureCountry />
      <ManufactureItemDescription />
      <UnitQty>י"ח</UnitQty>
      <Quantity>156</Quantity>
      <UnitMeasure>ל  גרם</UnitMeasure>
      <BisWeighted>0</BisWeighted>
      <QtyInPackage>1</QtyInPackage>
      <ItemPrice>19.90</ItemPrice>
      <UnitOfMeasurePrice>12.76</UnitOfMeasurePrice>
      <AllowDiscount>1</AllowDiscount>
      <itemStatus>1</itemStatus>
      <LastUpdateDate />
      <LastUpdateTime />
    </Product>
    <Product>
      <PriceUpdateDate>2019/04/01 07:41</PriceUpdateDate>
      <ItemCode>7290108503265</ItemCode>
      <ItemType>1</ItemType>
      <ItemName>מוצ`י גלידת שרבט טעם מנגו 156גר</ItemName>
      <ManufactureName>ג.וילי פוד אינטרנשיונל בעמ</ManufactureName>
      <ManufactureCountry />
      <ManufactureItemDescription />
      <UnitQty>י"ח</UnitQty>
      <Quantity>156</Quantity>
      <UnitMeasure>ל  גרם</UnitMeasure>
      <BisWeighted>0</BisWeighted>
      <QtyInPackage>1</QtyInPackage>
      <ItemPrice>19.90</ItemPrice>
      <UnitOfMeasurePrice>12.76</UnitOfMeasurePrice>
      <AllowDiscount>1</AllowDiscount>
      <itemStatus>1</itemStatus>
      <LastUpdateDate />
      <LastUpdateTime />
    </Product>
    <Product>
      <PriceUpdateDate>2019/04/01 07:41</PriceUpdateDate>
      <ItemCode>7290108503272</ItemCode>
      <ItemType>1</ItemType>
      <ItemName>מוצ`י גלידת שרבט עם ליצ`י 156גר</ItemName>
      <ManufactureName>ג.וילי פוד אינטרנשיונל בעמ</ManufactureName>
      <ManufactureCountry />
      <ManufactureItemDescription />
      <UnitQty>י"ח</UnitQty>
      <Quantity>156</Quantity>
      <UnitMeasure>ל  גרם</UnitMeasure>
      <BisWeighted>0</BisWeighted>
      <QtyInPackage>1</QtyInPackage>
      <ItemPrice>19.90</ItemPrice>
      <UnitOfMeasurePrice>12.76</UnitOfMeasurePrice>
      <AllowDiscount>1</AllowDiscount>
      <itemStatus>1</itemStatus>
      <LastUpdateDate />
      <LastUpdateTime />
    </Product>
    <Product>
      <PriceUpdateDate>2019/04/01 07:41</PriceUpdateDate>
      <ItemCode>7290108503289</ItemCode>
      <ItemType>1</ItemType>
      <ItemName>מוצ`י גלידת שרבט עם פסיפלורה 156גר</ItemName>
      <ManufactureName>ג.וילי פוד אינטרנשיונל בעמ</ManufactureName>
      <ManufactureCountry />
      <ManufactureItemDescription />
      <UnitQty>י"ח</UnitQty>
      <Quantity>156</Quantity>
      <UnitMeasure>ל  גרם</UnitMeasure>
      <BisWeighted>0</BisWeighted>
      <QtyInPackage>1</QtyInPackage>
      <ItemPrice>19.90</ItemPrice>
      <UnitOfMeasurePrice>12.76</UnitOfMeasurePrice>
      <AllowDiscount>1</AllowDiscount>
      <itemStatus>1</itemStatus>
      <LastUpdateDate />
      <LastUpdateTime />
    </Product>
    <Product>
      <PriceUpdateDate>2019/12/02 10:45</PriceUpdateDate>
      <ItemCode>7290108503296</ItemCode>
      <ItemType>1</ItemType>
      <ItemName>ממרח חמאה VALIO י250גרם במליחות קלה</ItemName>
      <ManufactureName>ג.וילי פוד אינטרנשיונל בעמ</ManufactureName>
      <ManufactureCountry />
      <ManufactureItemDescription />
      <UnitQty>י"ח</UnitQty>
      <Quantity>250</Quantity>
      <UnitMeasure>ל  גרם</UnitMeasure>
      <BisWeighted>0</BisWeighted>
      <QtyInPackage>1</QtyInPackage>
      <ItemPrice>16.90</ItemPrice>
      <UnitOfMeasurePrice>6.76</UnitOfMeasurePrice>
      <AllowDiscount>1</AllowDiscount>
      <itemStatus>1</itemStatus>
      <LastUpdateDate />
      <LastUpdateTime />
    </Product>
    <Product>
      <PriceUpdateDate>2019/12/02 10:45</PriceUpdateDate>
      <ItemCode>7290108503302</ItemCode>
      <ItemType>1</ItemType>
      <ItemName>ממרח חמאה לייט VALIO  250גרם במליחות ק</ItemName>
      <ManufactureName>ג.וילי פוד אינטרנשיונל בעמ</ManufactureName>
      <ManufactureCountry />
      <ManufactureItemDescription />
      <UnitQty>י"ח</UnitQty>
      <Quantity>250</Quantity>
      <UnitMeasure>ל  גרם</UnitMeasure>
      <BisWeighted>0</BisWeighted>
      <QtyInPackage>1</QtyInPackage>
      <ItemPrice>16.90</ItemPrice>
      <UnitOfMeasurePrice>6.76</UnitOfMeasurePrice>
      <AllowDiscount>1</AllowDiscount>
      <itemStatus>1</itemStatus>
      <LastUpdateDate />
      <LastUpdateTime />
    </Product>
    <Product>
      <PriceUpdateDate>2019/05/28 08:30</PriceUpdateDate>
      <ItemCode>7290108503449</ItemCode>
      <ItemType>1</ItemType>
      <ItemName>גבינת פטה 5% שומן 200 גרם</ItemName>
      <ManufactureName>ג.וילי פוד אינטרנשיונל בעמ</ManufactureName>
      <ManufactureCountry />
      <ManufactureItemDescription />
      <UnitQty>י"ח</UnitQty>
      <Quantity>200</Quantity>
      <UnitMeasure>ל  גרם</UnitMeasure>
      <BisWeighted>0</BisWeighted>
      <QtyInPackage>1</QtyInPackage>
      <ItemPrice>13.90</ItemPrice>
      <UnitOfMeasurePrice>6.95</UnitOfMeasurePrice>
      <AllowDiscount>0</AllowDiscount>
      <itemStatus>1</itemStatus>
      <LastUpdateDate />
      <LastUpdateTime />
    </Product>
    <Product>
      <PriceUpdateDate>2019/04/09 09:40</PriceUpdateDate>
      <ItemCode>7290108503456</ItemCode>
      <ItemType>1</ItemType>
      <ItemName>קוביות גבינת פטה 5% 200 גרם ויליפוד</ItemName>
      <ManufactureName>ג.וילי פוד אינטרנשיונל בעמ</ManufactureName>
      <ManufactureCountry />
      <ManufactureItemDescription />
      <UnitQty>י"ח</UnitQty>
      <Quantity>200</Quantity>
      <UnitMeasure>ל  גרם</UnitMeasure>
      <BisWeighted>0</BisWeighted>
      <QtyInPackage>1</QtyInPackage>
      <ItemPrice>19.90</ItemPrice>
      <UnitOfMeasurePrice>9.95</UnitOfMeasurePrice>
      <AllowDiscount>0</AllowDiscount>
      <itemStatus>1</itemStatus>
      <LastUpdateDate />
      <LastUpdateTime />
    </Product>
    <Product>
      <PriceUpdateDate>2019/04/07 10:23</PriceUpdateDate>
      <ItemCode>7290108503463</ItemCode>
      <ItemType>1</ItemType>
      <ItemName>גבינה פטה 5% שומן 400 גרם ויליפוד</ItemName>
      <ManufactureName>ג.וילי פוד אינטרנשיונל בעמ</ManufactureName>
      <ManufactureCountry />
      <ManufactureItemDescription />
      <UnitQty>י"ח</UnitQty>
      <Quantity>200</Quantity>
      <UnitMeasure>ל  גרם</UnitMeasure>
      <BisWeighted>0</BisWeighted>
      <QtyInPackage>1</QtyInPackage>
      <ItemPrice>25.90</ItemPrice>
      <UnitOfMeasurePrice>12.95</UnitOfMeasurePrice>
      <AllowDiscount>0</AllowDiscount>
      <itemStatus>1</itemStatus>
      <LastUpdateDate />
      <LastUpdateTime />
    </Product>
    <Product>
      <PriceUpdateDate>2018/12/20 13:33</PriceUpdateDate>
      <ItemCode>7290108503500</ItemCode>
      <ItemType>1</ItemType>
      <ItemName>גבינת ברי צרפתית 200ג</ItemName>
      <ManufactureName>ג.וילי פוד אינטרנשיונל בעמ</ManufactureName>
      <ManufactureCountry />
      <ManufactureItemDescription />
      <UnitQty>י"ח</UnitQty>
      <Quantity>200</Quantity>
      <UnitMeasure>ל  גרם</UnitMeasure>
      <BisWeighted>0</BisWeighted>
      <QtyInPackage>1</QtyInPackage>
      <ItemPrice>19.40</ItemPrice>
      <UnitOfMeasurePrice>9.70</UnitOfMeasurePrice>
      <AllowDiscount>0</AllowDiscount>
      <itemStatus>1</itemStatus>
      <LastUpdateDate />
      <LastUpdateTime />
    </Product>
    <Product>
      <PriceUpdateDate>2019/05/12 09:04</PriceUpdateDate>
      <ItemCode>7290108503531</ItemCode>
      <ItemType>1</ItemType>
      <ItemName>גבינת מסקרפונה 250ג</ItemName>
      <ManufactureName>ג.וילי פוד אינטרנשיונל בעמ</ManufactureName>
      <ManufactureCountry />
      <ManufactureItemDescription />
      <UnitQty>י"ח</UnitQty>
      <Quantity>250</Quantity>
      <UnitMeasure>ל  גרם</UnitMeasure>
      <BisWeighted>0</BisWeighted>
      <QtyInPackage>1</QtyInPackage>
      <ItemPrice>18.90</ItemPrice>
      <UnitOfMeasurePrice>7.56</UnitOfMeasurePrice>
      <AllowDiscount>0</AllowDiscount>
      <itemStatus>1</itemStatus>
      <LastUpdateDate />
      <LastUpdateTime />
    </Product>
    <Product>
      <PriceUpdateDate>2019/03/01 08:21</PriceUpdateDate>
      <ItemCode>7290108503722</ItemCode>
      <ItemType>1</ItemType>
      <ItemName>חמאה אורגנית ללא מלח 200ג ביו</ItemName>
      <ManufactureName>ג.וילי פוד אינטרנשיונל בעמ</ManufactureName>
      <ManufactureCountry />
      <ManufactureItemDescription />
      <UnitQty>י"ח</UnitQty>
      <Quantity>200</Quantity>
      <UnitMeasure>ל  גרם</UnitMeasure>
      <BisWeighted>0</BisWeighted>
      <QtyInPackage>1</QtyInPackage>
      <ItemPrice>15.90</ItemPrice>
      <UnitOfMeasurePrice>7.95</UnitOfMeasurePrice>
      <AllowDiscount>0</AllowDiscount>
      <itemStatus>1</itemStatus>
      <LastUpdateDate />
      <LastUpdateTime />
    </Product>
    <Product>
      <PriceUpdateDate>2019/03/01 08:21</PriceUpdateDate>
      <ItemCode>7290108503739</ItemCode>
      <ItemType>1</ItemType>
      <ItemName>חמאה מחלב עיזים 125ג</ItemName>
      <ManufactureName>ג.וילי פוד אינטרנשיונל בעמ</ManufactureName>
      <ManufactureCountry />
      <ManufactureItemDescription />
      <UnitQty>י"ח</UnitQty>
      <Quantity>125</Quantity>
      <UnitMeasure>ל  גרם</UnitMeasure>
      <BisWeighted>0</BisWeighted>
      <QtyInPackage>1</QtyInPackage>
      <ItemPrice>10.90</ItemPrice>
      <UnitOfMeasurePrice>8.72</UnitOfMeasurePrice>
      <AllowDiscount>0</AllowDiscount>
      <itemStatus>1</itemStatus>
      <LastUpdateDate />
      <LastUpdateTime />
    </Product>
    <Product>
      <PriceUpdateDate>2019/12/09 09:28</PriceUpdateDate>
      <ItemCode>7290108503746</ItemCode>
      <ItemType>1</ItemType>
      <ItemName>חמאה מלוחה  200ג</ItemName>
      <ManufactureName>ג.וילי פוד אינטרנשיונל בעמ</ManufactureName>
      <ManufactureCountry />
      <ManufactureItemDescription />
      <UnitQty>י"ח</UnitQty>
      <Quantity>200</Quantity>
      <UnitMeasure>ל  גרם</UnitMeasure>
      <BisWeighted>0</BisWeighted>
      <QtyInPackage>1</QtyInPackage>
      <ItemPrice>13.90</ItemPrice>
      <UnitOfMeasurePrice>6.95</UnitOfMeasurePrice>
      <AllowDiscount>0</AllowDiscount>
      <itemStatus>1</itemStatus>
      <LastUpdateDate />
      <LastUpdateTime />
    </Product>
    <Product>
      <PriceUpdateDate>2019/12/01 13:22</PriceUpdateDate>
      <ItemCode>7290108503821</ItemCode>
      <ItemType>1</ItemType>
      <ItemName>כדור גבינה מוצרלה 100 גרם</ItemName>
      <ManufactureName>ג.וילי פוד אינטרנשיונל בעמ</ManufactureName>
      <ManufactureCountry />
      <ManufactureItemDescription />
      <UnitQty>י"ח</UnitQty>
      <Quantity>100</Quantity>
      <UnitMeasure>ל  גרם</UnitMeasure>
      <BisWeighted>0</BisWeighted>
      <QtyInPackage>1</QtyInPackage>
      <ItemPrice>12</ItemPrice>
      <UnitOfMeasurePrice>12</UnitOfMeasurePrice>
      <AllowDiscount>1</AllowDiscount>
      <itemStatus>1</itemStatus>
      <LastUpdateDate />
      <LastUpdateTime />
    </Product>
    <Product>
      <PriceUpdateDate>2019/12/02 10:45</PriceUpdateDate>
      <ItemCode>7290108503838</ItemCode>
      <ItemType>1</ItemType>
      <ItemName>כדורי בייבי גבינת מוצרלה 200 גרם ויליפ</ItemName>
      <ManufactureName>ג.וילי פוד אינטרנשיונל בעמ</ManufactureName>
      <ManufactureCountry />
      <ManufactureItemDescription />
      <UnitQty>י"ח</UnitQty>
      <Quantity>200</Quantity>
      <UnitMeasure>ל  גרם</UnitMeasure>
      <BisWeighted>0</BisWeighted>
      <QtyInPackage>1</QtyInPackage>
      <ItemPrice>19.90</ItemPrice>
      <UnitOfMeasurePrice>9.95</UnitOfMeasurePrice>
      <AllowDiscount>1</AllowDiscount>
      <itemStatus>1</itemStatus>
      <LastUpdateDate />
      <LastUpdateTime />
    </Product>
    <Product>
      <PriceUpdateDate>2019/05/28 08:30</PriceUpdateDate>
      <ItemCode>7290108503845</ItemCode>
      <ItemType>1</ItemType>
      <ItemName>מסקרפונה צמחית 250 גרם</ItemName>
      <ManufactureName>ג.וילי פוד אינטרנשיונל בעמ</ManufactureName>
      <ManufactureCountry />
      <ManufactureItemDescription />
      <UnitQty>י"ח</UnitQty>
      <Quantity>250</Quantity>
      <UnitMeasure>ל  גרם</UnitMeasure>
      <BisWeighted>0</BisWeighted>
      <QtyInPackage>1</QtyInPackage>
      <ItemPrice>18.90</ItemPrice>
      <UnitOfMeasurePrice>7.56</UnitOfMeasurePrice>
      <AllowDiscount>0</AllowDiscount>
      <itemStatus>1</itemStatus>
      <LastUpdateDate />
      <LastUpdateTime />
    </Product>
    <Product>
      <PriceUpdateDate>2019/05/08 10:15</PriceUpdateDate>
      <ItemCode>7290108503975</ItemCode>
      <ItemType>1</ItemType>
      <ItemName>קנוליני 500 גרם.</ItemName>
      <ManufactureName>ג.וילי פוד אינטרנשיונל בעמ</ManufactureName>
      <ManufactureCountry />
      <ManufactureItemDescription />
      <UnitQty>י"ח</UnitQty>
      <Quantity>397</Quantity>
      <UnitMeasure>ל  גרם</UnitMeasure>
      <BisWeighted>0</BisWeighted>
      <QtyInPackage>1</QtyInPackage>
      <ItemPrice>9.90</ItemPrice>
      <UnitOfMeasurePrice>2.49</UnitOfMeasurePrice>
      <AllowDiscount>1</AllowDiscount>
      <itemStatus>1</itemStatus>
      <LastUpdateDate />
      <LastUpdateTime />
    </Product>
    <Product>
      <PriceUpdateDate>2019/12/01 13:22</PriceUpdateDate>
      <ItemCode>7290108504019</ItemCode>
      <ItemType>1</ItemType>
      <ItemName>משקה יוגורט אפרסק 500 מ``ל</ItemName>
      <ManufactureName>ג.וילי פוד אינטרנשיונל בעמ</ManufactureName>
      <ManufactureCountry />
      <ManufactureItemDescription />
      <UnitQty>י"ח</UnitQty>
      <Quantity>500</Quantity>
      <UnitMeasure>ל  גרם</UnitMeasure>
      <BisWeighted>0</BisWeighted>
      <QtyInPackage>1</QtyInPackage>
      <ItemPrice>11.90</ItemPrice>
      <UnitOfMeasurePrice>2.38</UnitOfMeasurePrice>
      <AllowDiscount>1</AllowDiscount>
      <itemStatus>1</itemStatus>
      <LastUpdateDate />
      <LastUpdateTime />
    </Product>
    <Product>
      <PriceUpdateDate>2019/12/01 13:22</PriceUpdateDate>
      <ItemCode>7290108504026</ItemCode>
      <ItemType>1</ItemType>
      <ItemName>משקה יוגורט תות 500 מ``ל</ItemName>
      <ManufactureName>ג.וילי פוד אינטרנשיונל בעמ</ManufactureName>
      <ManufactureCountry />
      <ManufactureItemDescription />
      <UnitQty>י"ח</UnitQty>
      <Quantity>500</Quantity>
      <UnitMeasure>ל  גרם</UnitMeasure>
      <BisWeighted>0</BisWeighted>
      <QtyInPackage>1</QtyInPackage>
      <ItemPrice>11.90</ItemPrice>
      <UnitOfMeasurePrice>2.38</UnitOfMeasurePrice>
      <AllowDiscount>1</AllowDiscount>
      <itemStatus>1</itemStatus>
      <LastUpdateDate />
      <LastUpdateTime />
    </Product>
    <Product>
      <PriceUpdateDate>2019/12/01 13:22</PriceUpdateDate>
      <ItemCode>7290108504033</ItemCode>
      <ItemType>1</ItemType>
      <ItemName>משקה יוגורט תות ודובדבן 500 מ``ל</ItemName>
      <ManufactureName>ג.וילי פוד אינטרנשיונל בעמ</ManufactureName>
      <ManufactureCountry />
      <ManufactureItemDescription />
      <UnitQty>י"ח</UnitQty>
      <Quantity>500</Quantity>
      <UnitMeasure>ל  גרם</UnitMeasure>
      <BisWeighted>0</BisWeighted>
      <QtyInPackage>1</QtyInPackage>
      <ItemPrice>11.90</ItemPrice>
      <UnitOfMeasurePrice>2.38</UnitOfMeasurePrice>
      <AllowDiscount>1</AllowDiscount>
      <itemStatus>1</itemStatus>
      <LastUpdateDate />
      <LastUpdateTime />
    </Product>
    <Product>
      <PriceUpdateDate>2019/12/01 13:22</PriceUpdateDate>
      <ItemCode>7290108504040</ItemCode>
      <ItemType>1</ItemType>
      <ItemName>משקה יוגורט אוכמניות וסמבוק 500 מ``ל</ItemName>
      <ManufactureName>ג.וילי פוד אינטרנשיונל בעמ</ManufactureName>
      <ManufactureCountry />
      <ManufactureItemDescription />
      <UnitQty>י"ח</UnitQty>
      <Quantity>500</Quantity>
      <UnitMeasure>ל  גרם</UnitMeasure>
      <BisWeighted>0</BisWeighted>
      <QtyInPackage>1</QtyInPackage>
      <ItemPrice>11.90</ItemPrice>
      <UnitOfMeasurePrice>2.38</UnitOfMeasurePrice>
      <AllowDiscount>1</AllowDiscount>
      <itemStatus>1</itemStatus>
      <LastUpdateDate />
      <LastUpdateTime />
    </Product>
    <Product>
      <PriceUpdateDate>2019/04/07 10:23</PriceUpdateDate>
      <ItemCode>7290108504224</ItemCode>
      <ItemType>1</ItemType>
      <ItemName>גבינת גאודה מגורדת 16% 500 גרם</ItemName>
      <ManufactureName>ג.וילי פוד אינטרנשיונל בעמ</ManufactureName>
      <ManufactureCountry />
      <ManufactureItemDescription />
      <UnitQty>י"ח</UnitQty>
      <Quantity>200</Quantity>
      <UnitMeasure>ל  גרם</UnitMeasure>
      <BisWeighted>0</BisWeighted>
      <QtyInPackage>1</QtyInPackage>
      <ItemPrice>22.90</ItemPrice>
      <UnitOfMeasurePrice>11.45</UnitOfMeasurePrice>
      <AllowDiscount>0</AllowDiscount>
      <itemStatus>1</itemStatus>
      <LastUpdateDate />
      <LastUpdateTime />
    </Product>
    <Product>
      <PriceUpdateDate>2019/04/07 10:23</PriceUpdateDate>
      <ItemCode>7290108504255</ItemCode>
      <ItemType>1</ItemType>
      <ItemName>גבינת גאודה פרוסות 16% 400 גרם</ItemName>
      <ManufactureName>ג.וילי פוד אינטרנשיונל בעמ</ManufactureName>
      <ManufactureCountry />
      <ManufactureItemDescription />
      <UnitQty>י"ח</UnitQty>
      <Quantity>200</Quantity>
      <UnitMeasure>ל  גרם</UnitMeasure>
      <BisWeighted>0</BisWeighted>
      <QtyInPackage>1</QtyInPackage>
      <ItemPrice>24.90</ItemPrice>
      <UnitOfMeasurePrice>12.45</UnitOfMeasurePrice>
      <AllowDiscount>0</AllowDiscount>
      <itemStatus>1</itemStatus>
      <LastUpdateDate />
      <LastUpdateTime />
    </Product>
    <Product>
      <PriceUpdateDate>2019/05/28 08:30</PriceUpdateDate>
      <ItemCode>7290108504279</ItemCode>
      <ItemType>1</ItemType>
      <ItemName>קשקבל צ`אנק 150 גרם</ItemName>
      <ManufactureName>ג.וילי פוד אינטרנשיונל בעמ</ManufactureName>
      <ManufactureCountry />
      <ManufactureItemDescription />
      <UnitQty>י"ח</UnitQty>
      <Quantity>150</Quantity>
      <UnitMeasure>ל  גרם</UnitMeasure>
      <BisWeighted>0</BisWeighted>
      <QtyInPackage>1</QtyInPackage>
      <ItemPrice>20.90</ItemPrice>
      <UnitOfMeasurePrice>13.93</UnitOfMeasurePrice>
      <AllowDiscount>0</AllowDiscount>
      <itemStatus>1</itemStatus>
      <LastUpdateDate />
      <LastUpdateTime />
    </Product>
    <Product>
      <PriceUpdateDate>2019/05/28 08:30</PriceUpdateDate>
      <ItemCode>7290108504286</ItemCode>
      <ItemType>1</ItemType>
      <ItemName>איבריקו צ`אנק 150 גרם</ItemName>
      <ManufactureName>ג.וילי פוד אינטרנשיונל בעמ</ManufactureName>
      <ManufactureCountry />
      <ManufactureItemDescription />
      <UnitQty>י"ח</UnitQty>
      <Quantity>150</Quantity>
      <UnitMeasure>ל  גרם</UnitMeasure>
      <BisWeighted>0</BisWeighted>
      <QtyInPackage>1</QtyInPackage>
      <ItemPrice>20.90</ItemPrice>
      <UnitOfMeasurePrice>13.93</UnitOfMeasurePrice>
      <AllowDiscount>0</AllowDiscount>
      <itemStatus>1</itemStatus>
      <LastUpdateDate />
      <LastUpdateTime />
    </Product>
    <Product>
      <PriceUpdateDate>2019/05/28 08:30</PriceUpdateDate>
      <ItemCode>7290108504293</ItemCode>
      <ItemType>1</ItemType>
      <ItemName>מנצ`גו כבשים  150 גרם ויליפוד</ItemName>
      <ManufactureName>ג.וילי פוד אינטרנשיונל בעמ</ManufactureName>
      <ManufactureCountry />
      <ManufactureItemDescription />
      <UnitQty>י"ח</UnitQty>
      <Quantity>150</Quantity>
      <UnitMeasure>ל  גרם</UnitMeasure>
      <BisWeighted>0</BisWeighted>
      <QtyInPackage>1</QtyInPackage>
      <ItemPrice>20.90</ItemPrice>
      <UnitOfMeasurePrice>13.93</UnitOfMeasurePrice>
      <AllowDiscount>0</AllowDiscount>
      <itemStatus>1</itemStatus>
      <LastUpdateDate />
      <LastUpdateTime />
    </Product>
    <Product>
      <PriceUpdateDate>2019/09/27 07:49</PriceUpdateDate>
      <ItemCode>7290108504309</ItemCode>
      <ItemType>1</ItemType>
      <ItemName>מחית תפוח ותות שדה מארז רביעייה</ItemName>
      <ManufactureName>ג.וילי פוד אינטרנשיונל בעמ</ManufactureName>
      <ManufactureCountry />
      <ManufactureItemDescription />
      <UnitQty>י"ח</UnitQty>
      <Quantity>1</Quantity>
      <UnitMeasure />
      <BisWeighted>0</BisWeighted>
      <QtyInPackage>1</QtyInPackage>
      <ItemPrice>15.90</ItemPrice>
      <UnitOfMeasurePrice>15.90</UnitOfMeasurePrice>
      <AllowDiscount>1</AllowDiscount>
      <itemStatus>1</itemStatus>
      <LastUpdateDate />
      <LastUpdateTime />
    </Product>
    <Product>
      <PriceUpdateDate>2019/09/27 07:49</PriceUpdateDate>
      <ItemCode>7290108504316</ItemCode>
      <ItemType>1</ItemType>
      <ItemName>מחית תפוח ומנגו מארז רביעייה</ItemName>
      <ManufactureName>ג.וילי פוד אינטרנשיונל בעמ</ManufactureName>
      <ManufactureCountry />
      <ManufactureItemDescription />
      <UnitQty>י"ח</UnitQty>
      <Quantity>1</Quantity>
      <UnitMeasure />
      <BisWeighted>0</BisWeighted>
      <QtyInPackage>1</QtyInPackage>
      <ItemPrice>15.90</ItemPrice>
      <UnitOfMeasurePrice>15.90</UnitOfMeasurePrice>
      <AllowDiscount>1</AllowDiscount>
      <itemStatus>1</itemStatus>
      <LastUpdateDate />
      <LastUpdateTime />
    </Product>
    <Product>
      <PriceUpdateDate>2019/09/27 07:49</PriceUpdateDate>
      <ItemCode>7290108504323</ItemCode>
      <ItemType>1</ItemType>
      <ItemName>מחית תפוח ואפרסק מארז רביעייה</ItemName>
      <ManufactureName>ג.וילי פוד אינטרנשיונל בעמ</ManufactureName>
      <ManufactureCountry />
      <ManufactureItemDescription />
      <UnitQty>י"ח</UnitQty>
      <Quantity>1</Quantity>
      <UnitMeasure />
      <BisWeighted>0</BisWeighted>
      <QtyInPackage>1</QtyInPackage>
      <ItemPrice>15.90</ItemPrice>
      <UnitOfMeasurePrice>15.90</UnitOfMeasurePrice>
      <AllowDiscount>1</AllowDiscount>
      <itemStatus>1</itemStatus>
      <LastUpdateDate />
      <LastUpdateTime />
    </Product>
    <Product>
      <PriceUpdateDate>2019/12/01 11:42</PriceUpdateDate>
      <ItemCode>7290108504378</ItemCode>
      <ItemType>1</ItemType>
      <ItemName>גבינת שמנת זיתים200ג euro chee ויליפוד</ItemName>
      <ManufactureName>ג.וילי פוד אינטרנשיונל בעמ</ManufactureName>
      <ManufactureCountry />
      <ManufactureItemDescription />
      <UnitQty>י"ח</UnitQty>
      <Quantity>200</Quantity>
      <UnitMeasure>ל  גרם</UnitMeasure>
      <BisWeighted>0</BisWeighted>
      <QtyInPackage>1</QtyInPackage>
      <ItemPrice>11.90</ItemPrice>
      <UnitOfMeasurePrice>5.95</UnitOfMeasurePrice>
      <AllowDiscount>1</AllowDiscount>
      <itemStatus>1</itemStatus>
      <LastUpdateDate />
      <LastUpdateTime />
    </Product>
    <Product>
      <PriceUpdateDate>2019/12/01 11:42</PriceUpdateDate>
      <ItemCode>7290108504385</ItemCode>
      <ItemType>1</ItemType>
      <ItemName>גבינת שמנת חלפיניו200ג euro chee ויליפוד</ItemName>
      <ManufactureName>ג.וילי פוד אינטרנשיונל בעמ</ManufactureName>
      <ManufactureCountry />
      <ManufactureItemDescription />
      <UnitQty>י"ח</UnitQty>
      <Quantity>200</Quantity>
      <UnitMeasure>ל  גרם</UnitMeasure>
      <BisWeighted>0</BisWeighted>
      <QtyInPackage>1</QtyInPackage>
      <ItemPrice>11.90</ItemPrice>
      <UnitOfMeasurePrice>5.95</UnitOfMeasurePrice>
      <AllowDiscount>1</AllowDiscount>
      <itemStatus>1</itemStatus>
      <LastUpdateDate />
      <LastUpdateTime />
    </Product>
    <Product>
      <PriceUpdateDate>2019/12/01 11:42</PriceUpdateDate>
      <ItemCode>7290108504392</ItemCode>
      <ItemType>1</ItemType>
      <ItemName>ג.שמנת לייט זיתים 200ג euro chee ויליפוד</ItemName>
      <ManufactureName>ג.וילי פוד אינטרנשיונל בעמ</ManufactureName>
      <ManufactureCountry />
      <ManufactureItemDescription />
      <UnitQty>י"ח</UnitQty>
      <Quantity>200</Quantity>
      <UnitMeasure>ל  גרם</UnitMeasure>
      <BisWeighted>0</BisWeighted>
      <QtyInPackage>1</QtyInPackage>
      <ItemPrice>11.90</ItemPrice>
      <UnitOfMeasurePrice>5.95</UnitOfMeasurePrice>
      <AllowDiscount>1</AllowDiscount>
      <itemStatus>1</itemStatus>
      <LastUpdateDate />
      <LastUpdateTime />
    </Product>
    <Product>
      <PriceUpdateDate>2019/12/01 11:42</PriceUpdateDate>
      <ItemCode>7290108504408</ItemCode>
      <ItemType>1</ItemType>
      <ItemName>ג.שמנת לייט חלפיניו 200ג euro chee ויליפ</ItemName>
      <ManufactureName>ג.וילי פוד אינטרנשיונל בעמ</ManufactureName>
      <ManufactureCountry />
      <ManufactureItemDescription />
      <UnitQty>י"ח</UnitQty>
      <Quantity>200</Quantity>
      <UnitMeasure>ל  גרם</UnitMeasure>
      <BisWeighted>0</BisWeighted>
      <QtyInPackage>1</QtyInPackage>
      <ItemPrice>11.90</ItemPrice>
      <UnitOfMeasurePrice>5.95</UnitOfMeasurePrice>
      <AllowDiscount>1</AllowDiscount>
      <itemStatus>1</itemStatus>
      <LastUpdateDate />
      <LastUpdateTime />
    </Product>
    <Product>
      <PriceUpdateDate>2019/12/15 11:44</PriceUpdateDate>
      <ItemCode>7290108504415</ItemCode>
      <ItemType>1</ItemType>
      <ItemName>חטיף 25*3 happy nuts.</ItemName>
      <ManufactureName>ג.וילי פוד אינטרנשיונל בעמ</ManufactureName>
      <ManufactureCountry />
      <ManufactureItemDescription />
      <UnitQty>י"ח</UnitQty>
      <Quantity>75</Quantity>
      <UnitMeasure>ל  גרם</UnitMeasure>
      <BisWeighted>0</BisWeighted>
      <QtyInPackage>1</QtyInPackage>
      <ItemPrice>14.80</ItemPrice>
      <UnitOfMeasurePrice>19.73</UnitOfMeasurePrice>
      <AllowDiscount>1</AllowDiscount>
      <itemStatus>1</itemStatus>
      <LastUpdateDate />
      <LastUpdateTime />
    </Product>
    <Product>
      <PriceUpdateDate>2019/12/17 10:06</PriceUpdateDate>
      <ItemCode>7290108504422</ItemCode>
      <ItemType>1</ItemType>
      <ItemName>חטיף25*3  happy nuts.</ItemName>
      <ManufactureName>ג.וילי פוד אינטרנשיונל בעמ</ManufactureName>
      <ManufactureCountry />
      <ManufactureItemDescription />
      <UnitQty>י"ח</UnitQty>
      <Quantity>75</Quantity>
      <UnitMeasure>ל  גרם</UnitMeasure>
      <BisWeighted>0</BisWeighted>
      <QtyInPackage>1</QtyInPackage>
      <ItemPrice>14.80</ItemPrice>
      <UnitOfMeasurePrice>19.73</UnitOfMeasurePrice>
      <AllowDiscount>1</AllowDiscount>
      <itemStatus>1</itemStatus>
      <LastUpdateDate />
      <LastUpdateTime />
    </Product>
    <Product>
      <PriceUpdateDate>2019/12/15 11:44</PriceUpdateDate>
      <ItemCode>7290108504439</ItemCode>
      <ItemType>1</ItemType>
      <ItemName>חטיף  happy nuts.  25*3</ItemName>
      <ManufactureName>ג.וילי פוד אינטרנשיונל בעמ</ManufactureName>
      <ManufactureCountry />
      <ManufactureItemDescription />
      <UnitQty>י"ח</UnitQty>
      <Quantity>750</Quantity>
      <UnitMeasure>ל  גרם</UnitMeasure>
      <BisWeighted>0</BisWeighted>
      <QtyInPackage>1</QtyInPackage>
      <ItemPrice>14.80</ItemPrice>
      <UnitOfMeasurePrice>1.97</UnitOfMeasurePrice>
      <AllowDiscount>1</AllowDiscount>
      <itemStatus>1</itemStatus>
      <LastUpdateDate />
      <LastUpdateTime />
    </Product>
    <Product>
      <PriceUpdateDate>2019/05/28 08:30</PriceUpdateDate>
      <ItemCode>7290108504446</ItemCode>
      <ItemType>1</ItemType>
      <ItemName>גבינת צ`דר צ`אנק 150 גרם עם צילי</ItemName>
      <ManufactureName>ג.וילי פוד אינטרנשיונל בעמ</ManufactureName>
      <ManufactureCountry />
      <ManufactureItemDescription />
      <UnitQty>י"ח</UnitQty>
      <Quantity>150</Quantity>
      <UnitMeasure>ל  גרם</UnitMeasure>
      <BisWeighted>0</BisWeighted>
      <QtyInPackage>1</QtyInPackage>
      <ItemPrice>14.90</ItemPrice>
      <UnitOfMeasurePrice>9.93</UnitOfMeasurePrice>
      <AllowDiscount>0</AllowDiscount>
      <itemStatus>1</itemStatus>
      <LastUpdateDate />
      <LastUpdateTime />
    </Product>
    <Product>
      <PriceUpdateDate>2019/05/28 08:30</PriceUpdateDate>
      <ItemCode>7290108504453</ItemCode>
      <ItemType>1</ItemType>
      <ItemName>גבינת צ`דר צ`אנק 150 גרם-מעושנת</ItemName>
      <ManufactureName>ג.וילי פוד אינטרנשיונל בעמ</ManufactureName>
      <ManufactureCountry />
      <ManufactureItemDescription />
      <UnitQty>י"ח</UnitQty>
      <Quantity>150</Quantity>
      <UnitMeasure>ל  גרם</UnitMeasure>
      <BisWeighted>0</BisWeighted>
      <QtyInPackage>1</QtyInPackage>
      <ItemPrice>14.90</ItemPrice>
      <UnitOfMeasurePrice>9.93</UnitOfMeasurePrice>
      <AllowDiscount>0</AllowDiscount>
      <itemStatus>1</itemStatus>
      <LastUpdateDate />
      <LastUpdateTime />
    </Product>
    <Product>
      <PriceUpdateDate>2019/05/28 08:30</PriceUpdateDate>
      <ItemCode>7290108504460</ItemCode>
      <ItemType>1</ItemType>
      <ItemName>גבינת צ`דר צ`אנק 150 גרם-עם בצל מקורמל</ItemName>
      <ManufactureName>ג.וילי פוד אינטרנשיונל בעמ</ManufactureName>
      <ManufactureCountry />
      <ManufactureItemDescription />
      <UnitQty>י"ח</UnitQty>
      <Quantity>150</Quantity>
      <UnitMeasure>ל  גרם</UnitMeasure>
      <BisWeighted>0</BisWeighted>
      <QtyInPackage>1</QtyInPackage>
      <ItemPrice>14.90</ItemPrice>
      <UnitOfMeasurePrice>9.93</UnitOfMeasurePrice>
      <AllowDiscount>0</AllowDiscount>
      <itemStatus>1</itemStatus>
      <LastUpdateDate />
      <LastUpdateTime />
    </Product>
    <Product>
      <PriceUpdateDate>2020/02/19 10:15</PriceUpdateDate>
      <ItemCode>7290108504538</ItemCode>
      <ItemType>1</ItemType>
      <ItemName>מוסקה צמחונית 400גר</ItemName>
      <ManufactureName>ג.וילי פוד אינטרנשיונל בעמ</ManufactureName>
      <ManufactureCountry />
      <ManufactureItemDescription />
      <UnitQty>י"ח</UnitQty>
      <Quantity>400</Quantity>
      <UnitMeasure>ל  גרם</UnitMeasure>
      <BisWeighted>0</BisWeighted>
      <QtyInPackage>1</QtyInPackage>
      <ItemPrice>22.90</ItemPrice>
      <UnitOfMeasurePrice>5.73</UnitOfMeasurePrice>
      <AllowDiscount>1</AllowDiscount>
      <itemStatus>1</itemStatus>
      <LastUpdateDate />
      <LastUpdateTime />
    </Product>
    <Product>
      <PriceUpdateDate>2019/12/01 11:42</PriceUpdateDate>
      <ItemCode>7290108505405</ItemCode>
      <ItemType>1</ItemType>
      <ItemName>שמן זרעי ענבים 750 מ``ל</ItemName>
      <ManufactureName>ג.וילי פוד אינטרנשיונל בעמ</ManufactureName>
      <ManufactureCountry />
      <ManufactureItemDescription />
      <UnitQty>י"ח</UnitQty>
      <Quantity>750</Quantity>
      <UnitMeasure>ל  מ"ל</UnitMeasure>
      <BisWeighted>0</BisWeighted>
      <QtyInPackage>1</QtyInPackage>
      <ItemPrice>19.90</ItemPrice>
      <UnitOfMeasurePrice>2.65</UnitOfMeasurePrice>
      <AllowDiscount>1</AllowDiscount>
      <itemStatus>1</itemStatus>
      <LastUpdateDate />
      <LastUpdateTime />
    </Product>
    <Product>
      <PriceUpdateDate>2020/02/19 10:15</PriceUpdateDate>
      <ItemCode>7290108506167</ItemCode>
      <ItemType>1</ItemType>
      <ItemName>גבינה צהובה פרוסה 400 ג*</ItemName>
      <ManufactureName>ג.וילי פוד אינטרנשיונל בעמ</ManufactureName>
      <ManufactureCountry />
      <ManufactureItemDescription />
      <UnitQty>י"ח</UnitQty>
      <Quantity>400</Quantity>
      <UnitMeasure>ל  גרם</UnitMeasure>
      <BisWeighted>0</BisWeighted>
      <QtyInPackage>1</QtyInPackage>
      <ItemPrice>13.60</ItemPrice>
      <UnitOfMeasurePrice>3.40</UnitOfMeasurePrice>
      <AllowDiscount>0</AllowDiscount>
      <itemStatus>1</itemStatus>
      <LastUpdateDate />
      <LastUpdateTime />
    </Product>
    <Product>
      <PriceUpdateDate>2020/04/27 08:06</PriceUpdateDate>
      <ItemCode>7290108506693</ItemCode>
      <ItemType>1</ItemType>
      <ItemName>גאודה סטייל פרוסות 400ג ויליפוד</ItemName>
      <ManufactureName>ג.וילי פוד אינטרנשיונל בעמ</ManufactureName>
      <ManufactureCountry />
      <ManufactureItemDescription />
      <UnitQty>י"ח</UnitQty>
      <Quantity>400</Quantity>
      <UnitMeasure>ל  גרם</UnitMeasure>
      <BisWeighted>0</BisWeighted>
      <QtyInPackage>1</QtyInPackage>
      <ItemPrice>15.90</ItemPrice>
      <UnitOfMeasurePrice>3.98</UnitOfMeasurePrice>
      <AllowDiscount>0</AllowDiscount>
      <itemStatus>1</itemStatus>
      <LastUpdateDate />
      <LastUpdateTime />
    </Product>
    <Product>
      <PriceUpdateDate>2016/04/05 09:53</PriceUpdateDate>
      <ItemCode>7290109350479</ItemCode>
      <ItemType>1</ItemType>
      <ItemName>ביסלי אקסטרים  גריל  חריף+תבלין}קטן{66גר</ItemName>
      <ManufactureName>קבוצת אוסם סחר-שות.מוגבלת</ManufactureName>
      <ManufactureCountry />
      <ManufactureItemDescription />
      <UnitQty>י"ח</UnitQty>
      <Quantity>70</Quantity>
      <UnitMeasure>ל  גרם</UnitMeasure>
      <BisWeighted>0</BisWeighted>
      <QtyInPackage>1</QtyInPackage>
      <ItemPrice>3.90</ItemPrice>
      <UnitOfMeasurePrice>5.57</UnitOfMeasurePrice>
      <AllowDiscount>1</AllowDiscount>
      <itemStatus>1</itemStatus>
      <LastUpdateDate />
      <LastUpdateTime />
    </Product>
    <Product>
      <PriceUpdateDate>2016/04/05 09:53</PriceUpdateDate>
      <ItemCode>7290109350493</ItemCode>
      <ItemType>1</ItemType>
      <ItemName>ביסלי אקסטרים   פיצה+תבלין}קטן{66</ItemName>
      <ManufactureName>קבוצת אוסם סחר-שות.מוגבלת</ManufactureName>
      <ManufactureCountry />
      <ManufactureItemDescription />
      <UnitQty>י"ח</UnitQty>
      <Quantity>70</Quantity>
      <UnitMeasure>ל  גרם</UnitMeasure>
      <BisWeighted>0</BisWeighted>
      <QtyInPackage>1</QtyInPackage>
      <ItemPrice>3.90</ItemPrice>
      <UnitOfMeasurePrice>5.57</UnitOfMeasurePrice>
      <AllowDiscount>1</AllowDiscount>
      <itemStatus>1</itemStatus>
      <LastUpdateDate />
      <LastUpdateTime />
    </Product>
    <Product>
      <PriceUpdateDate>2016/04/05 09:53</PriceUpdateDate>
      <ItemCode>7290109350530</ItemCode>
      <ItemType>1</ItemType>
      <ItemName>ביסלי אקסטרים   בצל+תבלין}קטן{66</ItemName>
      <ManufactureName>קבוצת אוסם סחר-שות.מוגבלת</ManufactureName>
      <ManufactureCountry />
      <ManufactureItemDescription />
      <UnitQty>י"ח</UnitQty>
      <Quantity>70</Quantity>
      <UnitMeasure>ל  גרם</UnitMeasure>
      <BisWeighted>0</BisWeighted>
      <QtyInPackage>1</QtyInPackage>
      <ItemPrice>3.90</ItemPrice>
      <UnitOfMeasurePrice>5.57</UnitOfMeasurePrice>
      <AllowDiscount>1</AllowDiscount>
      <itemStatus>1</itemStatus>
      <LastUpdateDate />
      <LastUpdateTime />
    </Product>
    <Product>
      <PriceUpdateDate>2018/03/02 08:31</PriceUpdateDate>
      <ItemCode>7290109351209</ItemCode>
      <ItemType>1</ItemType>
      <ItemName>לה פרוטה אננס תפוז 70ג כשל"פ</ItemName>
      <ManufactureName>נגה גלידות</ManufactureName>
      <ManufactureCountry />
      <ManufactureItemDescription />
      <UnitQty>י"ח</UnitQty>
      <Quantity>70</Quantity>
      <UnitMeasure>ל  גרם</UnitMeasure>
      <BisWeighted>0</BisWeighted>
      <QtyInPackage>1</QtyInPackage>
      <ItemPrice>7.90</ItemPrice>
      <UnitOfMeasurePrice>11.29</UnitOfMeasurePrice>
      <AllowDiscount>1</AllowDiscount>
      <itemStatus>1</itemStatus>
      <LastUpdateDate />
      <LastUpdateTime />
    </Product>
    <Product>
      <PriceUpdateDate>2017/04/03 08:26</PriceUpdateDate>
      <ItemCode>7290109351254</ItemCode>
      <ItemType>1</ItemType>
      <ItemName>ביסלי בלאק כנפיים לוהטות}קטן {66</ItemName>
      <ManufactureName>קבוצת אוסם סחר-שות.מוגבלת</ManufactureName>
      <ManufactureCountry />
      <ManufactureItemDescription />
      <UnitQty>י"ח</UnitQty>
      <Quantity>70</Quantity>
      <UnitMeasure>ל  גרם</UnitMeasure>
      <BisWeighted>0</BisWeighted>
      <QtyInPackage>1</QtyInPackage>
      <ItemPrice>3.90</ItemPrice>
      <UnitOfMeasurePrice>5.57</UnitOfMeasurePrice>
      <AllowDiscount>1</AllowDiscount>
      <itemStatus>1</itemStatus>
      <LastUpdateDate />
      <LastUpdateTime />
    </Product>
    <Product>
      <PriceUpdateDate>2017/04/03 08:26</PriceUpdateDate>
      <ItemCode>7290109351278</ItemCode>
      <ItemType>1</ItemType>
      <ItemName>ביסלי בלאק בורגר}קטן {66</ItemName>
      <ManufactureName>קבוצת אוסם סחר-שות.מוגבלת</ManufactureName>
      <ManufactureCountry />
      <ManufactureItemDescription />
      <UnitQty>י"ח</UnitQty>
      <Quantity>70</Quantity>
      <UnitMeasure>ל  גרם</UnitMeasure>
      <BisWeighted>0</BisWeighted>
      <QtyInPackage>1</QtyInPackage>
      <ItemPrice>3.90</ItemPrice>
      <UnitOfMeasurePrice>5.57</UnitOfMeasurePrice>
      <AllowDiscount>1</AllowDiscount>
      <itemStatus>1</itemStatus>
      <LastUpdateDate />
      <LastUpdateTime />
    </Product>
    <Product>
      <PriceUpdateDate>2018/07/15 15:20</PriceUpdateDate>
      <ItemCode>7290109351315</ItemCode>
      <ItemType>1</ItemType>
      <ItemName>אח של ביסלי  סלסה פיקנטי 70ג</ItemName>
      <ManufactureName>קבוצת אוסם סחר-שות.מוגבלת</ManufactureName>
      <ManufactureCountry />
      <ManufactureItemDescription />
      <UnitQty>י"ח</UnitQty>
      <Quantity>70</Quantity>
      <UnitMeasure>ל  גרם</UnitMeasure>
      <BisWeighted>0</BisWeighted>
      <QtyInPackage>1</QtyInPackage>
      <ItemPrice>4.90</ItemPrice>
      <UnitOfMeasurePrice>7</UnitOfMeasurePrice>
      <AllowDiscount>1</AllowDiscount>
      <itemStatus>1</itemStatus>
      <LastUpdateDate />
      <LastUpdateTime />
    </Product>
    <Product>
      <PriceUpdateDate>2018/02/14 10:43</PriceUpdateDate>
      <ItemCode>7290109351339</ItemCode>
      <ItemType>1</ItemType>
      <ItemName>אח של ביסלי  סלסה פיקנטית 55גר</ItemName>
      <ManufactureName>קבוצת אוסם סחר-שות.מוגבלת</ManufactureName>
      <ManufactureCountry />
      <ManufactureItemDescription />
      <UnitQty>י"ח</UnitQty>
      <Quantity>70</Quantity>
      <UnitMeasure>ל  גרם</UnitMeasure>
      <BisWeighted>0</BisWeighted>
      <QtyInPackage>1</QtyInPackage>
      <ItemPrice>3.90</ItemPrice>
      <UnitOfMeasurePrice>5.57</UnitOfMeasurePrice>
      <AllowDiscount>1</AllowDiscount>
      <itemStatus>1</itemStatus>
      <LastUpdateDate />
      <LastUpdateTime />
    </Product>
    <Product>
      <PriceUpdateDate>2017/04/27 08:30</PriceUpdateDate>
      <ItemCode>7290109352688</ItemCode>
      <ItemType>1</ItemType>
      <ItemName>במבה במילוי טעם ביסקוויט קרמל 60גר</ItemName>
      <ManufactureName>קבוצת אוסם סחר-שות.מוגבלת</ManufactureName>
      <ManufactureCountry />
      <ManufactureItemDescription />
      <UnitQty>י"ח</UnitQty>
      <Quantity>60</Quantity>
      <UnitMeasure>ל  מ"ל</UnitMeasure>
      <BisWeighted>0</BisWeighted>
      <QtyInPackage>1</QtyInPackage>
      <ItemPrice>4.80</ItemPrice>
      <UnitOfMeasurePrice>8</UnitOfMeasurePrice>
      <AllowDiscount>1</AllowDiscount>
      <itemStatus>1</itemStatus>
      <LastUpdateDate />
      <LastUpdateTime />
    </Product>
    <Product>
      <PriceUpdateDate>2016/09/07 15:32</PriceUpdateDate>
      <ItemCode>7290109353067</ItemCode>
      <ItemType>1</ItemType>
      <ItemName>פתיתים אפויים הלו קיטי פפיונים 500ג</ItemName>
      <ManufactureName>קבוצת אוסם סחר-שות.מוגבלת</ManufactureName>
      <ManufactureCountry />
      <ManufactureItemDescription />
      <UnitQty>י"ח</UnitQty>
      <Quantity>500</Quantity>
      <UnitMeasure>ל  גרם</UnitMeasure>
      <BisWeighted>0</BisWeighted>
      <QtyInPackage>1</QtyInPackage>
      <ItemPrice>6.90</ItemPrice>
      <UnitOfMeasurePrice>1.38</UnitOfMeasurePrice>
      <AllowDiscount>1</AllowDiscount>
      <itemStatus>1</itemStatus>
      <LastUpdateDate />
      <LastUpdateTime />
    </Product>
    <Product>
      <PriceUpdateDate>2018/03/19 09:28</PriceUpdateDate>
      <ItemCode>7290109353081</ItemCode>
      <ItemType>1</ItemType>
      <ItemName>ג לי לימון אסם 85גר</ItemName>
      <ManufactureName>קבוצת אוסם סחר-שות.מוגבלת</ManufactureName>
      <ManufactureCountry />
      <ManufactureItemDescription />
      <UnitQty>י"ח</UnitQty>
      <Quantity>85</Quantity>
      <UnitMeasure>ל  גרם</UnitMeasure>
      <BisWeighted>0</BisWeighted>
      <QtyInPackage>1</QtyInPackage>
      <ItemPrice>6.50</ItemPrice>
      <UnitOfMeasurePrice>7.65</UnitOfMeasurePrice>
      <AllowDiscount>1</AllowDiscount>
      <itemStatus>1</itemStatus>
      <LastUpdateDate />
      <LastUpdateTime />
    </Product>
    <Product>
      <PriceUpdateDate>2016/05/11 11:18</PriceUpdateDate>
      <ItemCode>7290109353104</ItemCode>
      <ItemType>1</ItemType>
      <ItemName>פודינג אינסטנט תות 80ג</ItemName>
      <ManufactureName>קבוצת אוסם סחר-שות.מוגבלת</ManufactureName>
      <ManufactureCountry />
      <ManufactureItemDescription />
      <UnitQty>י"ח</UnitQty>
      <Quantity>80</Quantity>
      <UnitMeasure>ל  גרם</UnitMeasure>
      <BisWeighted>0</BisWeighted>
      <QtyInPackage>1</QtyInPackage>
      <ItemPrice>5.70</ItemPrice>
      <UnitOfMeasurePrice>7.13</UnitOfMeasurePrice>
      <AllowDiscount>1</AllowDiscount>
      <itemStatus>1</itemStatus>
      <LastUpdateDate />
      <LastUpdateTime />
    </Product>
    <Product>
      <PriceUpdateDate>2016/10/09 10:39</PriceUpdateDate>
      <ItemCode>7290109353128</ItemCode>
      <ItemType>1</ItemType>
      <ItemName>ביסלי על האש ציריוס 60ג קטן</ItemName>
      <ManufactureName>קבוצת אוסם סחר-שות.מוגבלת</ManufactureName>
      <ManufactureCountry />
      <ManufactureItemDescription />
      <UnitQty>י"ח</UnitQty>
      <Quantity>600</Quantity>
      <UnitMeasure>ל  גרם</UnitMeasure>
      <BisWeighted>0</BisWeighted>
      <QtyInPackage>1</QtyInPackage>
      <ItemPrice>3.90</ItemPrice>
      <UnitOfMeasurePrice>0.65</UnitOfMeasurePrice>
      <AllowDiscount>1</AllowDiscount>
      <itemStatus>1</itemStatus>
      <LastUpdateDate />
      <LastUpdateTime />
    </Product>
    <Product>
      <PriceUpdateDate>2016/10/09 10:39</PriceUpdateDate>
      <ItemCode>7290109353173</ItemCode>
      <ItemType>1</ItemType>
      <ItemName>ביסלי על האש גריל דרום אמר.  60ג קטן</ItemName>
      <ManufactureName>קבוצת אוסם סחר-שות.מוגבלת</ManufactureName>
      <ManufactureCountry />
      <ManufactureItemDescription />
      <UnitQty>י"ח</UnitQty>
      <Quantity>600</Quantity>
      <UnitMeasure>ל  גרם</UnitMeasure>
      <BisWeighted>0</BisWeighted>
      <QtyInPackage>1</QtyInPackage>
      <ItemPrice>3.90</ItemPrice>
      <UnitOfMeasurePrice>0.65</UnitOfMeasurePrice>
      <AllowDiscount>1</AllowDiscount>
      <itemStatus>1</itemStatus>
      <LastUpdateDate />
      <LastUpdateTime />
    </Product>
    <Product>
      <PriceUpdateDate>2017/02/21 07:31</PriceUpdateDate>
      <ItemCode>7290109353272</ItemCode>
      <ItemType>1</ItemType>
      <ItemName>פרפקטו ספגטי עתיר בסיבים   500 גרם</ItemName>
      <ManufactureName>קבוצת אוסם סחר-שות.מוגבלת</ManufactureName>
      <ManufactureCountry />
      <ManufactureItemDescription />
      <UnitQty>י"ח</UnitQty>
      <Quantity>500</Quantity>
      <UnitMeasure>ל  גרם</UnitMeasure>
      <BisWeighted>0</BisWeighted>
      <QtyInPackage>1</QtyInPackage>
      <ItemPrice>7.90</ItemPrice>
      <UnitOfMeasurePrice>1.58</UnitOfMeasurePrice>
      <AllowDiscount>1</AllowDiscount>
      <itemStatus>1</itemStatus>
      <LastUpdateDate />
      <LastUpdateTime />
    </Product>
    <Product>
      <PriceUpdateDate>2016/10/09 10:39</PriceUpdateDate>
      <ItemCode>7290109353494</ItemCode>
      <ItemType>1</ItemType>
      <ItemName>פרפקטו פארפאלה   500 גרם</ItemName>
      <ManufactureName>קבוצת אוסם סחר-שות.מוגבלת</ManufactureName>
      <ManufactureCountry />
      <ManufactureItemDescription />
      <UnitQty>י"ח</UnitQty>
      <Quantity>500</Quantity>
      <UnitMeasure>ל  גרם</UnitMeasure>
      <BisWeighted>0</BisWeighted>
      <QtyInPackage>1</QtyInPackage>
      <ItemPrice>6.90</ItemPrice>
      <UnitOfMeasurePrice>1.38</UnitOfMeasurePrice>
      <AllowDiscount>1</AllowDiscount>
      <itemStatus>1</itemStatus>
      <LastUpdateDate />
      <LastUpdateTime />
    </Product>
    <Product>
      <PriceUpdateDate>2016/10/09 10:39</PriceUpdateDate>
      <ItemCode>7290109353517</ItemCode>
      <ItemType>1</ItemType>
      <ItemName>פרפקטו אטריות פפרדלה    500 גרם</ItemName>
      <ManufactureName>קבוצת אוסם סחר-שות.מוגבלת</ManufactureName>
      <ManufactureCountry />
      <ManufactureItemDescription />
      <UnitQty>י"ח</UnitQty>
      <Quantity>500</Quantity>
      <UnitMeasure>ל  גרם</UnitMeasure>
      <BisWeighted>0</BisWeighted>
      <QtyInPackage>1</QtyInPackage>
      <ItemPrice>6.90</ItemPrice>
      <UnitOfMeasurePrice>1.38</UnitOfMeasurePrice>
      <AllowDiscount>1</AllowDiscount>
      <itemStatus>1</itemStatus>
      <LastUpdateDate />
      <LastUpdateTime />
    </Product>
    <Product>
      <PriceUpdateDate>2016/10/09 10:39</PriceUpdateDate>
      <ItemCode>7290109353753</ItemCode>
      <ItemType>1</ItemType>
      <ItemName>פרפקטו ספירלי טריו   500 גרם</ItemName>
      <ManufactureName>קבוצת אוסם סחר-שות.מוגבלת</ManufactureName>
      <ManufactureCountry />
      <ManufactureItemDescription />
      <UnitQty>י"ח</UnitQty>
      <Quantity>500</Quantity>
      <UnitMeasure>ל  גרם</UnitMeasure>
      <BisWeighted>0</BisWeighted>
      <QtyInPackage>1</QtyInPackage>
      <ItemPrice>6.90</ItemPrice>
      <UnitOfMeasurePrice>1.38</UnitOfMeasurePrice>
      <AllowDiscount>1</AllowDiscount>
      <itemStatus>1</itemStatus>
      <LastUpdateDate />
      <LastUpdateTime />
    </Product>
    <Product>
      <PriceUpdateDate>2017/02/27 15:32</PriceUpdateDate>
      <ItemCode>7290109354194</ItemCode>
      <ItemType>1</ItemType>
      <ItemName>גויה עוגת גבינה ותות 90ג</ItemName>
      <ManufactureName>נגה גלידות</ManufactureName>
      <ManufactureCountry />
      <ManufactureItemDescription />
      <UnitQty>י"ח</UnitQty>
      <Quantity>90</Quantity>
      <UnitMeasure>ל  גרם</UnitMeasure>
      <BisWeighted>0</BisWeighted>
      <QtyInPackage>1</QtyInPackage>
      <ItemPrice>13.90</ItemPrice>
      <UnitOfMeasurePrice>15.44</UnitOfMeasurePrice>
      <AllowDiscount>1</AllowDiscount>
      <itemStatus>1</itemStatus>
      <LastUpdateDate />
      <LastUpdateTime />
    </Product>
    <Product>
      <PriceUpdateDate>2017/07/13 10:15</PriceUpdateDate>
      <ItemCode>7290109354637</ItemCode>
      <ItemType>1</ItemType>
      <ItemName>במבה קיץ 60 גר  אסם</ItemName>
      <ManufactureName>קבוצת אוסם סחר-שות.מוגבלת</ManufactureName>
      <ManufactureCountry />
      <ManufactureItemDescription />
      <UnitQty>י"ח</UnitQty>
      <Quantity>60</Quantity>
      <UnitMeasure>ל  גרם</UnitMeasure>
      <BisWeighted>0</BisWeighted>
      <QtyInPackage>1</QtyInPackage>
      <ItemPrice>4.30</ItemPrice>
      <UnitOfMeasurePrice>7.17</UnitOfMeasurePrice>
      <AllowDiscount>1</AllowDiscount>
      <itemStatus>1</itemStatus>
      <LastUpdateDate />
      <LastUpdateTime />
    </Product>
    <Product>
      <PriceUpdateDate>2017/02/28 13:10</PriceUpdateDate>
      <ItemCode>7290109355016</ItemCode>
      <ItemType>1</ItemType>
      <ItemName>לה פרוטה ליצ`י פסיפלורה 70ג</ItemName>
      <ManufactureName>נגה גלידות</ManufactureName>
      <ManufactureCountry />
      <ManufactureItemDescription />
      <UnitQty>י"ח</UnitQty>
      <Quantity>70</Quantity>
      <UnitMeasure>ל  גרם</UnitMeasure>
      <BisWeighted>0</BisWeighted>
      <QtyInPackage>1</QtyInPackage>
      <ItemPrice>6.90</ItemPrice>
      <UnitOfMeasurePrice>9.86</UnitOfMeasurePrice>
      <AllowDiscount>1</AllowDiscount>
      <itemStatus>1</itemStatus>
      <LastUpdateDate />
      <LastUpdateTime />
    </Product>
    <Product>
      <PriceUpdateDate>2016/12/15 08:53</PriceUpdateDate>
      <ItemCode>7290109355405</ItemCode>
      <ItemType>1</ItemType>
      <ItemName>במבה פורים 80 גרם</ItemName>
      <ManufactureName>קבוצת אוסם סחר-שות.מוגבלת</ManufactureName>
      <ManufactureCountry />
      <ManufactureItemDescription />
      <UnitQty>י"ח</UnitQty>
      <Quantity>80</Quantity>
      <UnitMeasure>ל  גרם</UnitMeasure>
      <BisWeighted>0</BisWeighted>
      <QtyInPackage>1</QtyInPackage>
      <ItemPrice>4.80</ItemPrice>
      <UnitOfMeasurePrice>6</UnitOfMeasurePrice>
      <AllowDiscount>1</AllowDiscount>
      <itemStatus>1</itemStatus>
      <LastUpdateDate />
      <LastUpdateTime />
    </Product>
    <Product>
      <PriceUpdateDate>2017/02/27 15:32</PriceUpdateDate>
      <ItemCode>7290109355504</ItemCode>
      <ItemType>1</ItemType>
      <ItemName>קראנץ וניל ליבת נוגט כשל``פ</ItemName>
      <ManufactureName>נגה גלידות</ManufactureName>
      <ManufactureCountry />
      <ManufactureItemDescription />
      <UnitQty>י"ח</UnitQty>
      <Quantity>100</Quantity>
      <UnitMeasure>ל  גרם</UnitMeasure>
      <BisWeighted>0</BisWeighted>
      <QtyInPackage>1</QtyInPackage>
      <ItemPrice>11.90</ItemPrice>
      <UnitOfMeasurePrice>11.90</UnitOfMeasurePrice>
      <AllowDiscount>1</AllowDiscount>
      <itemStatus>1</itemStatus>
      <LastUpdateDate />
      <LastUpdateTime />
    </Product>
    <Product>
      <PriceUpdateDate>2017/02/27 15:32</PriceUpdateDate>
      <ItemCode>7290109355528</ItemCode>
      <ItemType>1</ItemType>
      <ItemName>לה פרוטה תות בננה 70ג</ItemName>
      <ManufactureName>נגה גלידות</ManufactureName>
      <ManufactureCountry />
      <ManufactureItemDescription />
      <UnitQty>י"ח</UnitQty>
      <Quantity>70</Quantity>
      <UnitMeasure>ל  גרם</UnitMeasure>
      <BisWeighted>0</BisWeighted>
      <QtyInPackage>1</QtyInPackage>
      <ItemPrice>7.90</ItemPrice>
      <UnitOfMeasurePrice>11.29</UnitOfMeasurePrice>
      <AllowDiscount>1</AllowDiscount>
      <itemStatus>1</itemStatus>
      <LastUpdateDate />
      <LastUpdateTime />
    </Product>
    <Product>
      <PriceUpdateDate>2017/05/09 10:50</PriceUpdateDate>
      <ItemCode>7290109355580</ItemCode>
      <ItemType>1</ItemType>
      <ItemName>מזרק גלידה טעם מסטיק עם סוכריות</ItemName>
      <ManufactureName>נגה גלידות</ManufactureName>
      <ManufactureCountry />
      <ManufactureItemDescription />
      <UnitQty>י"ח</UnitQty>
      <Quantity>1</Quantity>
      <UnitMeasure />
      <BisWeighted>0</BisWeighted>
      <QtyInPackage>1</QtyInPackage>
      <ItemPrice>12.90</ItemPrice>
      <UnitOfMeasurePrice>12.90</UnitOfMeasurePrice>
      <AllowDiscount>1</AllowDiscount>
      <itemStatus>1</itemStatus>
      <LastUpdateDate />
      <LastUpdateTime />
    </Product>
    <Product>
      <PriceUpdateDate>2019/07/02 08:54</PriceUpdateDate>
      <ItemCode>7290109356501</ItemCode>
      <ItemType>1</ItemType>
      <ItemName>דובונים 40 גרם</ItemName>
      <ManufactureName>קבוצת אוסם סחר-שות.מוגבלת</ManufactureName>
      <ManufactureCountry />
      <ManufactureItemDescription />
      <UnitQty>י"ח</UnitQty>
      <Quantity>40</Quantity>
      <UnitMeasure>ל  גרם</UnitMeasure>
      <BisWeighted>0</BisWeighted>
      <QtyInPackage>1</QtyInPackage>
      <ItemPrice>3.90</ItemPrice>
      <UnitOfMeasurePrice>9.75</UnitOfMeasurePrice>
      <AllowDiscount>1</AllowDiscount>
      <itemStatus>1</itemStatus>
      <LastUpdateDate />
      <LastUpdateTime />
    </Product>
    <Product>
      <PriceUpdateDate>2016/12/15 08:53</PriceUpdateDate>
      <ItemCode>7290109356822</ItemCode>
      <ItemType>1</ItemType>
      <ItemName>במבה במילוי  פונץ`בננה 60גר`</ItemName>
      <ManufactureName>קבוצת אוסם סחר-שות.מוגבלת</ManufactureName>
      <ManufactureCountry />
      <ManufactureItemDescription />
      <UnitQty>י"ח</UnitQty>
      <Quantity>60</Quantity>
      <UnitMeasure>ל  גרם</UnitMeasure>
      <BisWeighted>0</BisWeighted>
      <QtyInPackage>1</QtyInPackage>
      <ItemPrice>4.80</ItemPrice>
      <UnitOfMeasurePrice>8</UnitOfMeasurePrice>
      <AllowDiscount>1</AllowDiscount>
      <itemStatus>1</itemStatus>
      <LastUpdateDate />
      <LastUpdateTime />
    </Product>
    <Product>
      <PriceUpdateDate>2017/07/10 10:09</PriceUpdateDate>
      <ItemCode>7290109358260</ItemCode>
      <ItemType>1</ItemType>
      <ItemName>נקנקיות עם חלבון  664 גרם</ItemName>
      <ManufactureName>קבוצת אוסם סחר-שות.מוגבלת</ManufactureName>
      <ManufactureCountry />
      <ManufactureItemDescription />
      <UnitQty>י"ח</UnitQty>
      <Quantity>664</Quantity>
      <UnitMeasure>ל  גרם</UnitMeasure>
      <BisWeighted>0</BisWeighted>
      <QtyInPackage>1</QtyInPackage>
      <ItemPrice>28.90</ItemPrice>
      <UnitOfMeasurePrice>4.35</UnitOfMeasurePrice>
      <AllowDiscount>1</AllowDiscount>
      <itemStatus>1</itemStatus>
      <LastUpdateDate />
      <LastUpdateTime />
    </Product>
    <Product>
      <PriceUpdateDate>2017/07/10 10:09</PriceUpdateDate>
      <ItemCode>7290109358284</ItemCode>
      <ItemType>1</ItemType>
      <ItemName>שניצל תירס עם חלבון  664 גרם</ItemName>
      <ManufactureName>קבוצת אוסם סחר-שות.מוגבלת</ManufactureName>
      <ManufactureCountry />
      <ManufactureItemDescription />
      <UnitQty>י"ח</UnitQty>
      <Quantity>664</Quantity>
      <UnitMeasure>ל  גרם</UnitMeasure>
      <BisWeighted>0</BisWeighted>
      <QtyInPackage>1</QtyInPackage>
      <ItemPrice>28.90</ItemPrice>
      <UnitOfMeasurePrice>4.35</UnitOfMeasurePrice>
      <AllowDiscount>1</AllowDiscount>
      <itemStatus>1</itemStatus>
      <LastUpdateDate />
      <LastUpdateTime />
    </Product>
    <Product>
      <PriceUpdateDate>2017/05/05 07:56</PriceUpdateDate>
      <ItemCode>7290109358529</ItemCode>
      <ItemType>1</ItemType>
      <ItemName>אטריות דקיקות פלוס 330גרם</ItemName>
      <ManufactureName>קבוצת אוסם סחר-שות.מוגבלת</ManufactureName>
      <ManufactureCountry />
      <ManufactureItemDescription />
      <UnitQty>י"ח</UnitQty>
      <Quantity>330</Quantity>
      <UnitMeasure>ל  גרם</UnitMeasure>
      <BisWeighted>0</BisWeighted>
      <QtyInPackage>1</QtyInPackage>
      <ItemPrice>6.90</ItemPrice>
      <UnitOfMeasurePrice>2.09</UnitOfMeasurePrice>
      <AllowDiscount>1</AllowDiscount>
      <itemStatus>1</itemStatus>
      <LastUpdateDate />
      <LastUpdateTime />
    </Product>
    <Product>
      <PriceUpdateDate>2017/04/05 12:05</PriceUpdateDate>
      <ItemCode>7290109358765</ItemCode>
      <ItemType>1</ItemType>
      <ItemName>קראנץ רולס נוגט 500גר`</ItemName>
      <ManufactureName>קבוצת אוסם סחר-שות.מוגבלת</ManufactureName>
      <ManufactureCountry />
      <ManufactureItemDescription />
      <UnitQty>י"ח</UnitQty>
      <Quantity>500</Quantity>
      <UnitMeasure>ל  גרם</UnitMeasure>
      <BisWeighted>0</BisWeighted>
      <QtyInPackage>1</QtyInPackage>
      <ItemPrice>23.90</ItemPrice>
      <UnitOfMeasurePrice>4.78</UnitOfMeasurePrice>
      <AllowDiscount>1</AllowDiscount>
      <itemStatus>1</itemStatus>
      <LastUpdateDate />
      <LastUpdateTime />
    </Product>
    <Product>
      <PriceUpdateDate>2017/05/05 07:56</PriceUpdateDate>
      <ItemCode>7290109358857</ItemCode>
      <ItemType>1</ItemType>
      <ItemName>פרפקטו פסטה פפרדלה 500גר</ItemName>
      <ManufactureName>קבוצת אוסם סחר-שות.מוגבלת</ManufactureName>
      <ManufactureCountry />
      <ManufactureItemDescription />
      <UnitQty>י"ח</UnitQty>
      <Quantity>500</Quantity>
      <UnitMeasure>ל  גרם</UnitMeasure>
      <BisWeighted>0</BisWeighted>
      <QtyInPackage>1</QtyInPackage>
      <ItemPrice>6.90</ItemPrice>
      <UnitOfMeasurePrice>1.38</UnitOfMeasurePrice>
      <AllowDiscount>1</AllowDiscount>
      <itemStatus>1</itemStatus>
      <LastUpdateDate />
      <LastUpdateTime />
    </Product>
    <Product>
      <PriceUpdateDate>2017/12/21 10:37</PriceUpdateDate>
      <ItemCode>7290109920313</ItemCode>
      <ItemType>1</ItemType>
      <ItemName>אסטוניש מרסס מבריק שמשות</ItemName>
      <ManufactureName>יעקב יעקבי ובניו בעמ</ManufactureName>
      <ManufactureCountry />
      <ManufactureItemDescription />
      <UnitQty>י"ח</UnitQty>
      <Quantity>750</Quantity>
      <UnitMeasure>ל  מ"ל</UnitMeasure>
      <BisWeighted>0</BisWeighted>
      <QtyInPackage>1</QtyInPackage>
      <ItemPrice>17.90</ItemPrice>
      <UnitOfMeasurePrice>2.39</UnitOfMeasurePrice>
      <AllowDiscount>1</AllowDiscount>
      <itemStatus>1</itemStatus>
      <LastUpdateDate />
      <LastUpdateTime />
    </Product>
    <Product>
      <PriceUpdateDate>2017/12/21 10:37</PriceUpdateDate>
      <ItemCode>7290109920320</ItemCode>
      <ItemType>1</ItemType>
      <ItemName>אסטוניש מרסס משמיד עובש</ItemName>
      <ManufactureName>יעקב יעקבי ובניו בעמ</ManufactureName>
      <ManufactureCountry />
      <ManufactureItemDescription />
      <UnitQty>י"ח</UnitQty>
      <Quantity>750</Quantity>
      <UnitMeasure>ל  מ"ל</UnitMeasure>
      <BisWeighted>0</BisWeighted>
      <QtyInPackage>1</QtyInPackage>
      <ItemPrice>17.90</ItemPrice>
      <UnitOfMeasurePrice>2.39</UnitOfMeasurePrice>
      <AllowDiscount>1</AllowDiscount>
      <itemStatus>1</itemStatus>
      <LastUpdateDate />
      <LastUpdateTime />
    </Product>
    <Product>
      <PriceUpdateDate>2017/12/21 10:37</PriceUpdateDate>
      <ItemCode>7290109920580</ItemCode>
      <ItemType>1</ItemType>
      <ItemName>אסטוניש מרסס עם אקונומיקה  750</ItemName>
      <ManufactureName>יעקב יעקבי ובניו בעמ</ManufactureName>
      <ManufactureCountry />
      <ManufactureItemDescription />
      <UnitQty>י"ח</UnitQty>
      <Quantity>750</Quantity>
      <UnitMeasure>ל  מ"ל</UnitMeasure>
      <BisWeighted>0</BisWeighted>
      <QtyInPackage>1</QtyInPackage>
      <ItemPrice>17.90</ItemPrice>
      <UnitOfMeasurePrice>2.39</UnitOfMeasurePrice>
      <AllowDiscount>1</AllowDiscount>
      <itemStatus>1</itemStatus>
      <LastUpdateDate />
      <LastUpdateTime />
    </Product>
    <Product>
      <PriceUpdateDate>2017/12/21 10:37</PriceUpdateDate>
      <ItemCode>7290109920597</ItemCode>
      <ItemType>1</ItemType>
      <ItemName>אסטוניש מרסס למקלחון</ItemName>
      <ManufactureName>יעקב יעקבי ובניו בעמ</ManufactureName>
      <ManufactureCountry />
      <ManufactureItemDescription />
      <UnitQty>י"ח</UnitQty>
      <Quantity>750</Quantity>
      <UnitMeasure>ל  מ"ל</UnitMeasure>
      <BisWeighted>0</BisWeighted>
      <QtyInPackage>1</QtyInPackage>
      <ItemPrice>17.90</ItemPrice>
      <UnitOfMeasurePrice>2.39</UnitOfMeasurePrice>
      <AllowDiscount>1</AllowDiscount>
      <itemStatus>1</itemStatus>
      <LastUpdateDate />
      <LastUpdateTime />
    </Product>
    <Product>
      <PriceUpdateDate>2017/12/21 10:37</PriceUpdateDate>
      <ItemCode>7290109920658</ItemCode>
      <ItemType>1</ItemType>
      <ItemName>אסטוניש מרסס אנטי בקטריאלי למטבח</ItemName>
      <ManufactureName>יעקב יעקבי ובניו בעמ</ManufactureName>
      <ManufactureCountry />
      <ManufactureItemDescription />
      <UnitQty>י"ח</UnitQty>
      <Quantity>750</Quantity>
      <UnitMeasure>ל  מ"ל</UnitMeasure>
      <BisWeighted>0</BisWeighted>
      <QtyInPackage>1</QtyInPackage>
      <ItemPrice>17.90</ItemPrice>
      <UnitOfMeasurePrice>2.39</UnitOfMeasurePrice>
      <AllowDiscount>1</AllowDiscount>
      <itemStatus>1</itemStatus>
      <LastUpdateDate />
      <LastUpdateTime />
    </Product>
    <Product>
      <PriceUpdateDate>2017/12/21 10:37</PriceUpdateDate>
      <ItemCode>7290109920665</ItemCode>
      <ItemType>1</ItemType>
      <ItemName>אסטוניש מרסס מסיר אוכל שרוף במטבח</ItemName>
      <ManufactureName>יעקב יעקבי ובניו בעמ</ManufactureName>
      <ManufactureCountry />
      <ManufactureItemDescription />
      <UnitQty>י"ח</UnitQty>
      <Quantity>750</Quantity>
      <UnitMeasure>ל  מ"ל</UnitMeasure>
      <BisWeighted>0</BisWeighted>
      <QtyInPackage>1</QtyInPackage>
      <ItemPrice>17.90</ItemPrice>
      <UnitOfMeasurePrice>2.39</UnitOfMeasurePrice>
      <AllowDiscount>1</AllowDiscount>
      <itemStatus>1</itemStatus>
      <LastUpdateDate />
      <LastUpdateTime />
    </Product>
    <Product>
      <PriceUpdateDate>2017/12/21 10:37</PriceUpdateDate>
      <ItemCode>7290109920849</ItemCode>
      <ItemType>1</ItemType>
      <ItemName>אסטוניש מרסס תפוז לניקוי רב תכליתי</ItemName>
      <ManufactureName>יעקב יעקבי ובניו בעמ</ManufactureName>
      <ManufactureCountry />
      <ManufactureItemDescription />
      <UnitQty>י"ח</UnitQty>
      <Quantity>750</Quantity>
      <UnitMeasure>ל  מ"ל</UnitMeasure>
      <BisWeighted>0</BisWeighted>
      <QtyInPackage>1</QtyInPackage>
      <ItemPrice>17.90</ItemPrice>
      <UnitOfMeasurePrice>2.39</UnitOfMeasurePrice>
      <AllowDiscount>1</AllowDiscount>
      <itemStatus>1</itemStatus>
      <LastUpdateDate />
      <LastUpdateTime />
    </Product>
    <Product>
      <PriceUpdateDate>2017/05/24 08:53</PriceUpdateDate>
      <ItemCode>7290110110000</ItemCode>
      <ItemType>1</ItemType>
      <ItemName>פריגת לימונענע  דיאט 1.5 ליטר</ItemName>
      <ManufactureName>חברה המרכזית להפצת משקאות בעמ</ManufactureName>
      <ManufactureCountry />
      <ManufactureItemDescription />
      <UnitQty>י"ח</UnitQty>
      <Quantity>1.50</Quantity>
      <UnitMeasure>ליטר</UnitMeasure>
      <BisWeighted>0</BisWeighted>
      <QtyInPackage>1</QtyInPackage>
      <ItemPrice>6.90</ItemPrice>
      <UnitOfMeasurePrice>4.60</UnitOfMeasurePrice>
      <AllowDiscount>1</AllowDiscount>
      <itemStatus>1</itemStatus>
      <LastUpdateDate />
      <LastUpdateTime />
    </Product>
    <Product>
      <PriceUpdateDate>2018/11/26 10:37</PriceUpdateDate>
      <ItemCode>7290110110024</ItemCode>
      <ItemType>1</ItemType>
      <ItemName>פחית קוקה פאנטה תות   סליק</ItemName>
      <ManufactureName>חברה המרכזית להפצת משקאות בעמ</ManufactureName>
      <ManufactureCountry />
      <ManufactureItemDescription />
      <UnitQty>י"ח</UnitQty>
      <Quantity>330</Quantity>
      <UnitMeasure>ל  מ"ל</UnitMeasure>
      <BisWeighted>0</BisWeighted>
      <QtyInPackage>1</QtyInPackage>
      <ItemPrice>4.20</ItemPrice>
      <UnitOfMeasurePrice>1.18</UnitOfMeasurePrice>
      <AllowDiscount>1</AllowDiscount>
      <itemStatus>1</itemStatus>
      <LastUpdateDate />
      <LastUpdateTime />
    </Product>
    <Product>
      <PriceUpdateDate>2018/05/15 09:17</PriceUpdateDate>
      <ItemCode>7290110110277</ItemCode>
      <ItemType>1</ItemType>
      <ItemName>משקה סומרסבי 330מ"ל 1/4</ItemName>
      <ManufactureName>חברה המרכזית להפצת משקאות בעמ</ManufactureName>
      <ManufactureCountry />
      <ManufactureItemDescription />
      <UnitQty>י"ח</UnitQty>
      <Quantity>1.32</Quantity>
      <UnitMeasure>ליטר</UnitMeasure>
      <BisWeighted>0</BisWeighted>
      <QtyInPackage>1</QtyInPackage>
      <ItemPrice>37.10</ItemPrice>
      <UnitOfMeasurePrice>27.20</UnitOfMeasurePrice>
      <AllowDiscount>1</AllowDiscount>
      <itemStatus>1</itemStatus>
      <LastUpdateDate />
      <LastUpdateTime />
    </Product>
    <Product>
      <PriceUpdateDate>2018/11/26 10:37</PriceUpdateDate>
      <ItemCode>7290110110413</ItemCode>
      <ItemType>1</ItemType>
      <ItemName>פריגת צלול ענבים 1.5 ל</ItemName>
      <ManufactureName>חברה המרכזית להפצת משקאות בעמ</ManufactureName>
      <ManufactureCountry />
      <ManufactureItemDescription />
      <UnitQty>י"ח</UnitQty>
      <Quantity>1.50</Quantity>
      <UnitMeasure>ליטר</UnitMeasure>
      <BisWeighted>0</BisWeighted>
      <QtyInPackage>1</QtyInPackage>
      <ItemPrice>6.90</ItemPrice>
      <UnitOfMeasurePrice>4.60</UnitOfMeasurePrice>
      <AllowDiscount>1</AllowDiscount>
      <itemStatus>1</itemStatus>
      <LastUpdateDate />
      <LastUpdateTime />
    </Product>
    <Product>
      <PriceUpdateDate>2018/11/26 10:37</PriceUpdateDate>
      <ItemCode>7290110110420</ItemCode>
      <ItemType>1</ItemType>
      <ItemName>פריגת צלול תפוחים 1.5 ל</ItemName>
      <ManufactureName>חברה המרכזית להפצת משקאות בעמ</ManufactureName>
      <ManufactureCountry />
      <ManufactureItemDescription />
      <UnitQty>י"ח</UnitQty>
      <Quantity>1.50</Quantity>
      <UnitMeasure>ליטר</UnitMeasure>
      <BisWeighted>0</BisWeighted>
      <QtyInPackage>1</QtyInPackage>
      <ItemPrice>6.90</ItemPrice>
      <UnitOfMeasurePrice>4.60</UnitOfMeasurePrice>
      <AllowDiscount>1</AllowDiscount>
      <itemStatus>1</itemStatus>
      <LastUpdateDate />
      <LastUpdateTime />
    </Product>
    <Product>
      <PriceUpdateDate>2018/11/26 10:37</PriceUpdateDate>
      <ItemCode>7290110110437</ItemCode>
      <ItemType>1</ItemType>
      <ItemName>פריגת צלול אפרסק 1.5 ל</ItemName>
      <ManufactureName>חברה המרכזית להפצת משקאות בעמ</ManufactureName>
      <ManufactureCountry />
      <ManufactureItemDescription />
      <UnitQty>י"ח</UnitQty>
      <Quantity>1.50</Quantity>
      <UnitMeasure>ליטר</UnitMeasure>
      <BisWeighted>0</BisWeighted>
      <QtyInPackage>1</QtyInPackage>
      <ItemPrice>6.90</ItemPrice>
      <UnitOfMeasurePrice>4.60</UnitOfMeasurePrice>
      <AllowDiscount>1</AllowDiscount>
      <itemStatus>1</itemStatus>
      <LastUpdateDate />
      <LastUpdateTime />
    </Product>
    <Product>
      <PriceUpdateDate>2018/11/26 10:37</PriceUpdateDate>
      <ItemCode>7290110110444</ItemCode>
      <ItemType>1</ItemType>
      <ItemName>פריגת צלול אננס 1.5 ל</ItemName>
      <ManufactureName>חברה המרכזית להפצת משקאות בעמ</ManufactureName>
      <ManufactureCountry />
      <ManufactureItemDescription />
      <UnitQty>י"ח</UnitQty>
      <Quantity>1.50</Quantity>
      <UnitMeasure>ליטר</UnitMeasure>
      <BisWeighted>0</BisWeighted>
      <QtyInPackage>1</QtyInPackage>
      <ItemPrice>6.90</ItemPrice>
      <UnitOfMeasurePrice>4.60</UnitOfMeasurePrice>
      <AllowDiscount>1</AllowDiscount>
      <itemStatus>1</itemStatus>
      <LastUpdateDate />
      <LastUpdateTime />
    </Product>
    <Product>
      <PriceUpdateDate>2018/11/26 10:37</PriceUpdateDate>
      <ItemCode>7290110110574</ItemCode>
      <ItemType>1</ItemType>
      <ItemName>פחית קוקה קולה זירו לימון סליק</ItemName>
      <ManufactureName>חברה המרכזית להפצת משקאות בעמ</ManufactureName>
      <ManufactureCountry />
      <ManufactureItemDescription />
      <UnitQty>י"ח</UnitQty>
      <Quantity>330</Quantity>
      <UnitMeasure>ל  מ"ל</UnitMeasure>
      <BisWeighted>0</BisWeighted>
      <QtyInPackage>1</QtyInPackage>
      <ItemPrice>4.20</ItemPrice>
      <UnitOfMeasurePrice>1.18</UnitOfMeasurePrice>
      <AllowDiscount>1</AllowDiscount>
      <itemStatus>1</itemStatus>
      <LastUpdateDate />
      <LastUpdateTime />
    </Product>
    <Product>
      <PriceUpdateDate>2018/11/26 10:37</PriceUpdateDate>
      <ItemCode>7290110110659</ItemCode>
      <ItemType>1</ItemType>
      <ItemName>פחית ספרייט 330מ"ל</ItemName>
      <ManufactureName>חברה המרכזית להפצת משקאות בעמ</ManufactureName>
      <ManufactureCountry />
      <ManufactureItemDescription />
      <UnitQty>י"ח</UnitQty>
      <Quantity>330</Quantity>
      <UnitMeasure>ל  מ"ל</UnitMeasure>
      <BisWeighted>0</BisWeighted>
      <QtyInPackage>1</QtyInPackage>
      <ItemPrice>4.20</ItemPrice>
      <UnitOfMeasurePrice>1.18</UnitOfMeasurePrice>
      <AllowDiscount>1</AllowDiscount>
      <itemStatus>1</itemStatus>
      <LastUpdateDate />
      <LastUpdateTime />
    </Product>
    <Product>
      <PriceUpdateDate>2018/11/26 10:37</PriceUpdateDate>
      <ItemCode>7290110110925</ItemCode>
      <ItemType>1</ItemType>
      <ItemName>פריגת תפוזים ולנסיה 1.5 ל</ItemName>
      <ManufactureName>חברה המרכזית להפצת משקאות בעמ</ManufactureName>
      <ManufactureCountry />
      <ManufactureItemDescription />
      <UnitQty>י"ח</UnitQty>
      <Quantity>1.50</Quantity>
      <UnitMeasure>ליטר</UnitMeasure>
      <BisWeighted>0</BisWeighted>
      <QtyInPackage>1</QtyInPackage>
      <ItemPrice>6.90</ItemPrice>
      <UnitOfMeasurePrice>4.60</UnitOfMeasurePrice>
      <AllowDiscount>1</AllowDiscount>
      <itemStatus>1</itemStatus>
      <LastUpdateDate />
      <LastUpdateTime />
    </Product>
    <Product>
      <PriceUpdateDate>2018/07/15 15:22</PriceUpdateDate>
      <ItemCode>7290110110932</ItemCode>
      <ItemType>1</ItemType>
      <ItemName>פריגת תפוזים שמוטי 1.5 ל</ItemName>
      <ManufactureName>חברה המרכזית להפצת משקאות בעמ</ManufactureName>
      <ManufactureCountry />
      <ManufactureItemDescription />
      <UnitQty>י"ח</UnitQty>
      <Quantity>1.50</Quantity>
      <UnitMeasure>ליטר</UnitMeasure>
      <BisWeighted>0</BisWeighted>
      <QtyInPackage>1</QtyInPackage>
      <ItemPrice>6.90</ItemPrice>
      <UnitOfMeasurePrice>4.60</UnitOfMeasurePrice>
      <AllowDiscount>1</AllowDiscount>
      <itemStatus>1</itemStatus>
      <LastUpdateDate />
      <LastUpdateTime />
    </Product>
    <Product>
      <PriceUpdateDate>2018/03/06 09:39</PriceUpdateDate>
      <ItemCode>7290110111045</ItemCode>
      <ItemType>1</ItemType>
      <ItemName>קרלסברג שישייה מהדורת קיץ  330מ"ל</ItemName>
      <ManufactureName>חברה המרכזית להפצת משקאות בעמ</ManufactureName>
      <ManufactureCountry />
      <ManufactureItemDescription />
      <UnitQty>י"ח</UnitQty>
      <Quantity>1.98</Quantity>
      <UnitMeasure>ליטר</UnitMeasure>
      <BisWeighted>0</BisWeighted>
      <QtyInPackage>1</QtyInPackage>
      <ItemPrice>41.70</ItemPrice>
      <UnitOfMeasurePrice>20.15</UnitOfMeasurePrice>
      <AllowDiscount>1</AllowDiscount>
      <itemStatus>1</itemStatus>
      <LastUpdateDate />
      <LastUpdateTime />
    </Product>
    <Product>
      <PriceUpdateDate>2018/11/26 10:37</PriceUpdateDate>
      <ItemCode>7290110111205</ItemCode>
      <ItemType>1</ItemType>
      <ItemName>פריגת גויאבה 1.5 ליטר</ItemName>
      <ManufactureName>חברה המרכזית להפצת משקאות בעמ</ManufactureName>
      <ManufactureCountry />
      <ManufactureItemDescription />
      <UnitQty>י"ח</UnitQty>
      <Quantity>1.50</Quantity>
      <UnitMeasure>ליטר</UnitMeasure>
      <BisWeighted>0</BisWeighted>
      <QtyInPackage>1</QtyInPackage>
      <ItemPrice>6.90</ItemPrice>
      <UnitOfMeasurePrice>4.60</UnitOfMeasurePrice>
      <AllowDiscount>1</AllowDiscount>
      <itemStatus>1</itemStatus>
      <LastUpdateDate />
      <LastUpdateTime />
    </Product>
    <Product>
      <PriceUpdateDate>2018/11/26 10:37</PriceUpdateDate>
      <ItemCode>7290110111212</ItemCode>
      <ItemType>1</ItemType>
      <ItemName>פריגת פירות טרופיים 1.5 ליטר</ItemName>
      <ManufactureName>חברה המרכזית להפצת משקאות בעמ</ManufactureName>
      <ManufactureCountry />
      <ManufactureItemDescription />
      <UnitQty>י"ח</UnitQty>
      <Quantity>1.50</Quantity>
      <UnitMeasure>ליטר</UnitMeasure>
      <BisWeighted>0</BisWeighted>
      <QtyInPackage>1</QtyInPackage>
      <ItemPrice>6.90</ItemPrice>
      <UnitOfMeasurePrice>4.60</UnitOfMeasurePrice>
      <AllowDiscount>1</AllowDiscount>
      <itemStatus>1</itemStatus>
      <LastUpdateDate />
      <LastUpdateTime />
    </Product>
    <Product>
      <PriceUpdateDate>2018/12/16 10:43</PriceUpdateDate>
      <ItemCode>7290110111649</ItemCode>
      <ItemType>1</ItemType>
      <ItemName>פריגת 1.5ל הפרדס לימון ליים</ItemName>
      <ManufactureName>חברה המרכזית להפצת משקאות בעמ</ManufactureName>
      <ManufactureCountry />
      <ManufactureItemDescription />
      <UnitQty>י"ח</UnitQty>
      <Quantity>4.50</Quantity>
      <UnitMeasure>ליטר</UnitMeasure>
      <BisWeighted>0</BisWeighted>
      <QtyInPackage>1</QtyInPackage>
      <ItemPrice>6.90</ItemPrice>
      <UnitOfMeasurePrice>1.53</UnitOfMeasurePrice>
      <AllowDiscount>1</AllowDiscount>
      <itemStatus>1</itemStatus>
      <LastUpdateDate />
      <LastUpdateTime />
    </Product>
    <Product>
      <PriceUpdateDate>2019/08/18 11:59</PriceUpdateDate>
      <ItemCode>7290110111687</ItemCode>
      <ItemType>1</ItemType>
      <ItemName>פריגת צלול מנגו 1.5 ליטר</ItemName>
      <ManufactureName>חברה המרכזית להפצת משקאות בעמ</ManufactureName>
      <ManufactureCountry />
      <ManufactureItemDescription />
      <UnitQty>י"ח</UnitQty>
      <Quantity>1.50</Quantity>
      <UnitMeasure>ליטר</UnitMeasure>
      <BisWeighted>0</BisWeighted>
      <QtyInPackage>1</QtyInPackage>
      <ItemPrice>6.70</ItemPrice>
      <UnitOfMeasurePrice>4.47</UnitOfMeasurePrice>
      <AllowDiscount>1</AllowDiscount>
      <itemStatus>1</itemStatus>
      <LastUpdateDate />
      <LastUpdateTime />
    </Product>
    <Product>
      <PriceUpdateDate>2019/06/26 08:59</PriceUpdateDate>
      <ItemCode>7290110111694</ItemCode>
      <ItemType>1</ItemType>
      <ItemName>פריגת צלול לימונענע 1.5 ליטר</ItemName>
      <ManufactureName>חברה המרכזית להפצת משקאות בעמ</ManufactureName>
      <ManufactureCountry />
      <ManufactureItemDescription />
      <UnitQty>י"ח</UnitQty>
      <Quantity>1.50</Quantity>
      <UnitMeasure>ליטר</UnitMeasure>
      <BisWeighted>0</BisWeighted>
      <QtyInPackage>1</QtyInPackage>
      <ItemPrice>6.70</ItemPrice>
      <UnitOfMeasurePrice>4.47</UnitOfMeasurePrice>
      <AllowDiscount>1</AllowDiscount>
      <itemStatus>1</itemStatus>
      <LastUpdateDate />
      <LastUpdateTime />
    </Product>
    <Product>
      <PriceUpdateDate>2019/06/26 08:59</PriceUpdateDate>
      <ItemCode>7290110111724</ItemCode>
      <ItemType>1</ItemType>
      <ItemName>מאלטי 1.5 ליטר</ItemName>
      <ManufactureName>חברה המרכזית להפצת משקאות בעמ</ManufactureName>
      <ManufactureCountry />
      <ManufactureItemDescription />
      <UnitQty>י"ח</UnitQty>
      <Quantity>1.50</Quantity>
      <UnitMeasure>ליטר</UnitMeasure>
      <BisWeighted>0</BisWeighted>
      <QtyInPackage>1</QtyInPackage>
      <ItemPrice>7.30</ItemPrice>
      <UnitOfMeasurePrice>4.87</UnitOfMeasurePrice>
      <AllowDiscount>1</AllowDiscount>
      <itemStatus>1</itemStatus>
      <LastUpdateDate />
      <LastUpdateTime />
    </Product>
    <Product>
      <PriceUpdateDate>2019/07/17 08:12</PriceUpdateDate>
      <ItemCode>7290110112325</ItemCode>
      <ItemType>1</ItemType>
      <ItemName>פריגת משקל אננס קוקוס 1.5 ליטר</ItemName>
      <ManufactureName>חברה המרכזית להפצת משקאות בעמ</ManufactureName>
      <ManufactureCountry />
      <ManufactureItemDescription />
      <UnitQty>י"ח</UnitQty>
      <Quantity>1.50</Quantity>
      <UnitMeasure>ליטר</UnitMeasure>
      <BisWeighted>0</BisWeighted>
      <QtyInPackage>1</QtyInPackage>
      <ItemPrice>6.70</ItemPrice>
      <UnitOfMeasurePrice>4.47</UnitOfMeasurePrice>
      <AllowDiscount>1</AllowDiscount>
      <itemStatus>1</itemStatus>
      <LastUpdateDate />
      <LastUpdateTime />
    </Product>
    <Product>
      <PriceUpdateDate>2019/07/17 08:12</PriceUpdateDate>
      <ItemCode>7290110112332</ItemCode>
      <ItemType>1</ItemType>
      <ItemName>פריגת משקל אננס לימון 1.5 ליטר</ItemName>
      <ManufactureName>חברה המרכזית להפצת משקאות בעמ</ManufactureName>
      <ManufactureCountry />
      <ManufactureItemDescription />
      <UnitQty>י"ח</UnitQty>
      <Quantity>1.50</Quantity>
      <UnitMeasure>ליטר</UnitMeasure>
      <BisWeighted>0</BisWeighted>
      <QtyInPackage>1</QtyInPackage>
      <ItemPrice>6.70</ItemPrice>
      <UnitOfMeasurePrice>4.47</UnitOfMeasurePrice>
      <AllowDiscount>1</AllowDiscount>
      <itemStatus>1</itemStatus>
      <LastUpdateDate />
      <LastUpdateTime />
    </Product>
    <Product>
      <PriceUpdateDate>2019/12/29 12:37</PriceUpdateDate>
      <ItemCode>7290110113308</ItemCode>
      <ItemType>1</ItemType>
      <ItemName>פריגת צלול תפוזים 1.5 ל</ItemName>
      <ManufactureName>חברה המרכזית להפצת משקאות בעמ</ManufactureName>
      <ManufactureCountry />
      <ManufactureItemDescription />
      <UnitQty>י"ח</UnitQty>
      <Quantity>1.50</Quantity>
      <UnitMeasure>ליטר</UnitMeasure>
      <BisWeighted>0</BisWeighted>
      <QtyInPackage>1</QtyInPackage>
      <ItemPrice>6.90</ItemPrice>
      <UnitOfMeasurePrice>4.60</UnitOfMeasurePrice>
      <AllowDiscount>1</AllowDiscount>
      <itemStatus>1</itemStatus>
      <LastUpdateDate />
      <LastUpdateTime />
    </Product>
    <Product>
      <PriceUpdateDate>2019/12/29 12:37</PriceUpdateDate>
      <ItemCode>7290110113315</ItemCode>
      <ItemType>1</ItemType>
      <ItemName>פריגת צלול אשכוליות 1.5 ל</ItemName>
      <ManufactureName>חברה המרכזית להפצת משקאות בעמ</ManufactureName>
      <ManufactureCountry />
      <ManufactureItemDescription />
      <UnitQty>י"ח</UnitQty>
      <Quantity>1.50</Quantity>
      <UnitMeasure>ליטר</UnitMeasure>
      <BisWeighted>0</BisWeighted>
      <QtyInPackage>1</QtyInPackage>
      <ItemPrice>6.90</ItemPrice>
      <UnitOfMeasurePrice>4.60</UnitOfMeasurePrice>
      <AllowDiscount>1</AllowDiscount>
      <itemStatus>1</itemStatus>
      <LastUpdateDate />
      <LastUpdateTime />
    </Product>
    <Product>
      <PriceUpdateDate>2020/03/04 09:29</PriceUpdateDate>
      <ItemCode>7290110113513</ItemCode>
      <ItemType>1</ItemType>
      <ItemName>סטלה סטלה שישיה 330 מ"ל</ItemName>
      <ManufactureName>חברה המרכזית להפצת משקאות בעמ</ManufactureName>
      <ManufactureCountry />
      <ManufactureItemDescription />
      <UnitQty>י"ח</UnitQty>
      <Quantity>1.98</Quantity>
      <UnitMeasure>ליטר</UnitMeasure>
      <BisWeighted>0</BisWeighted>
      <QtyInPackage>1</QtyInPackage>
      <ItemPrice>44.90</ItemPrice>
      <UnitOfMeasurePrice>21.77</UnitOfMeasurePrice>
      <AllowDiscount>1</AllowDiscount>
      <itemStatus>1</itemStatus>
      <LastUpdateDate />
      <LastUpdateTime />
    </Product>
    <Product>
      <PriceUpdateDate>2019/05/14 09:26</PriceUpdateDate>
      <ItemCode>7290110320591</ItemCode>
      <ItemType>1</ItemType>
      <ItemName>בולגרית 16% מעודן250ג</ItemName>
      <ManufactureName>תנובה בעמ ***</ManufactureName>
      <ManufactureCountry />
      <ManufactureItemDescription />
      <UnitQty>י"ח</UnitQty>
      <Quantity>250</Quantity>
      <UnitMeasure>ל  גרם</UnitMeasure>
      <BisWeighted>0</BisWeighted>
      <QtyInPackage>1</QtyInPackage>
      <ItemPrice>23.70</ItemPrice>
      <UnitOfMeasurePrice>9.48</UnitOfMeasurePrice>
      <AllowDiscount>1</AllowDiscount>
      <itemStatus>1</itemStatus>
      <LastUpdateDate />
      <LastUpdateTime />
    </Product>
    <Product>
      <PriceUpdateDate>2019/12/31 14:35</PriceUpdateDate>
      <ItemCode>7290110321604</ItemCode>
      <ItemType>1</ItemType>
      <ItemName>בולגרית קוביות+תערובת לסלט  200ג</ItemName>
      <ManufactureName>תנובה בעמ ***</ManufactureName>
      <ManufactureCountry />
      <ManufactureItemDescription />
      <UnitQty>י"ח</UnitQty>
      <Quantity>200</Quantity>
      <UnitMeasure>ל  גרם</UnitMeasure>
      <BisWeighted>0</BisWeighted>
      <QtyInPackage>1</QtyInPackage>
      <ItemPrice>21.60</ItemPrice>
      <UnitOfMeasurePrice>10.80</UnitOfMeasurePrice>
      <AllowDiscount>1</AllowDiscount>
      <itemStatus>1</itemStatus>
      <LastUpdateDate />
      <LastUpdateTime />
    </Product>
    <Product>
      <PriceUpdateDate>2019/12/31 14:35</PriceUpdateDate>
      <ItemCode>7290110321758</ItemCode>
      <ItemType>1</ItemType>
      <ItemName>פתיתי בולגרית   פיראוס 220 גר`%24שומן</ItemName>
      <ManufactureName>תנובה בעמ ***</ManufactureName>
      <ManufactureCountry />
      <ManufactureItemDescription />
      <UnitQty>י"ח</UnitQty>
      <Quantity>220</Quantity>
      <UnitMeasure>ל  גרם</UnitMeasure>
      <BisWeighted>0</BisWeighted>
      <QtyInPackage>1</QtyInPackage>
      <ItemPrice>23.90</ItemPrice>
      <UnitOfMeasurePrice>10.86</UnitOfMeasurePrice>
      <AllowDiscount>1</AllowDiscount>
      <itemStatus>1</itemStatus>
      <LastUpdateDate />
      <LastUpdateTime />
    </Product>
    <Product>
      <PriceUpdateDate>2019/01/16 07:21</PriceUpdateDate>
      <ItemCode>7290110323677</ItemCode>
      <ItemType>1</ItemType>
      <ItemName>פרובטו מעדנות 5% חלב עיזים ולחב בקר</ItemName>
      <ManufactureName>תנובה בעמ ***</ManufactureName>
      <ManufactureCountry />
      <ManufactureItemDescription />
      <UnitQty>י"ח</UnitQty>
      <Quantity>0.25</Quantity>
      <UnitMeasure>ליטר</UnitMeasure>
      <BisWeighted>0</BisWeighted>
      <QtyInPackage>1</QtyInPackage>
      <ItemPrice>22.90</ItemPrice>
      <UnitOfMeasurePrice>91.60</UnitOfMeasurePrice>
      <AllowDiscount>1</AllowDiscount>
      <itemStatus>1</itemStatus>
      <LastUpdateDate />
      <LastUpdateTime />
    </Product>
    <Product>
      <PriceUpdateDate>2019/12/31 14:35</PriceUpdateDate>
      <ItemCode>7290110324070</ItemCode>
      <ItemType>1</ItemType>
      <ItemName>גבינת חלומי חלב בקר 22%</ItemName>
      <ManufactureName>תנובה בעמ ***</ManufactureName>
      <ManufactureCountry />
      <ManufactureItemDescription />
      <UnitQty>י"ח</UnitQty>
      <Quantity>200</Quantity>
      <UnitMeasure>ל  גרם</UnitMeasure>
      <BisWeighted>0</BisWeighted>
      <QtyInPackage>1</QtyInPackage>
      <ItemPrice>14.90</ItemPrice>
      <UnitOfMeasurePrice>7.45</UnitOfMeasurePrice>
      <AllowDiscount>1</AllowDiscount>
      <itemStatus>1</itemStatus>
      <LastUpdateDate />
      <LastUpdateTime />
    </Product>
    <Product>
      <PriceUpdateDate>2019/07/08 11:31</PriceUpdateDate>
      <ItemCode>7290110324681</ItemCode>
      <ItemType>1</ItemType>
      <ItemName>פיראוס פטה 150 גרם</ItemName>
      <ManufactureName>תנובה בעמ ***</ManufactureName>
      <ManufactureCountry />
      <ManufactureItemDescription />
      <UnitQty>י"ח</UnitQty>
      <Quantity>150</Quantity>
      <UnitMeasure>ל  גרם</UnitMeasure>
      <BisWeighted>0</BisWeighted>
      <QtyInPackage>1</QtyInPackage>
      <ItemPrice>16.90</ItemPrice>
      <UnitOfMeasurePrice>11.27</UnitOfMeasurePrice>
      <AllowDiscount>1</AllowDiscount>
      <itemStatus>1</itemStatus>
      <LastUpdateDate />
      <LastUpdateTime />
    </Product>
    <Product>
      <PriceUpdateDate>2019/07/08 11:31</PriceUpdateDate>
      <ItemCode>7290110324698</ItemCode>
      <ItemType>1</ItemType>
      <ItemName>פיראוס צאן עם עגבניות ובזליקום 150ג</ItemName>
      <ManufactureName>תנובה בעמ ***</ManufactureName>
      <ManufactureCountry />
      <ManufactureItemDescription />
      <UnitQty>י"ח</UnitQty>
      <Quantity>150</Quantity>
      <UnitMeasure>ל  גרם</UnitMeasure>
      <BisWeighted>0</BisWeighted>
      <QtyInPackage>1</QtyInPackage>
      <ItemPrice>16.90</ItemPrice>
      <UnitOfMeasurePrice>11.27</UnitOfMeasurePrice>
      <AllowDiscount>1</AllowDiscount>
      <itemStatus>1</itemStatus>
      <LastUpdateDate />
      <LastUpdateTime />
    </Product>
    <Product>
      <PriceUpdateDate>2020/01/10 07:58</PriceUpdateDate>
      <ItemCode>7290110325473</ItemCode>
      <ItemType>1</ItemType>
      <ItemName>~ב. פיראוס 5% שומן עם חלפינוי 250ג</ItemName>
      <ManufactureName>תנובה בעמ ***</ManufactureName>
      <ManufactureCountry />
      <ManufactureItemDescription />
      <UnitQty>י"ח</UnitQty>
      <Quantity>250</Quantity>
      <UnitMeasure>ל  גרם</UnitMeasure>
      <BisWeighted>0</BisWeighted>
      <QtyInPackage>1</QtyInPackage>
      <ItemPrice>21.90</ItemPrice>
      <UnitOfMeasurePrice>8.76</UnitOfMeasurePrice>
      <AllowDiscount>1</AllowDiscount>
      <itemStatus>1</itemStatus>
      <LastUpdateDate />
      <LastUpdateTime />
    </Product>
    <Product>
      <PriceUpdateDate>2020/01/10 07:58</PriceUpdateDate>
      <ItemCode>7290110325527</ItemCode>
      <ItemType>1</ItemType>
      <ItemName>פיראוס בולגרית למריחה 200ג</ItemName>
      <ManufactureName>תנובה בעמ ***</ManufactureName>
      <ManufactureCountry />
      <ManufactureItemDescription />
      <UnitQty>י"ח</UnitQty>
      <Quantity>200</Quantity>
      <UnitMeasure>ל  גרם</UnitMeasure>
      <BisWeighted>0</BisWeighted>
      <QtyInPackage>1</QtyInPackage>
      <ItemPrice>12.90</ItemPrice>
      <UnitOfMeasurePrice>6.45</UnitOfMeasurePrice>
      <AllowDiscount>1</AllowDiscount>
      <itemStatus>1</itemStatus>
      <LastUpdateDate />
      <LastUpdateTime />
    </Product>
    <Product>
      <PriceUpdateDate>2020/02/17 08:35</PriceUpdateDate>
      <ItemCode>7290110325701</ItemCode>
      <ItemType>1</ItemType>
      <ItemName>פיראוס ציזיקי יווני 9% 250ג</ItemName>
      <ManufactureName>תנובה בעמ ***</ManufactureName>
      <ManufactureCountry />
      <ManufactureItemDescription />
      <UnitQty>י"ח</UnitQty>
      <Quantity>250</Quantity>
      <UnitMeasure>ל  גרם</UnitMeasure>
      <BisWeighted>0</BisWeighted>
      <QtyInPackage>1</QtyInPackage>
      <ItemPrice>11.90</ItemPrice>
      <UnitOfMeasurePrice>4.76</UnitOfMeasurePrice>
      <AllowDiscount>1</AllowDiscount>
      <itemStatus>1</itemStatus>
      <LastUpdateDate />
      <LastUpdateTime />
    </Product>
    <Product>
      <PriceUpdateDate>2020/02/19 10:15</PriceUpdateDate>
      <ItemCode>7290110326111</ItemCode>
      <ItemType>1</ItemType>
      <ItemName>פיראוס יוגורט יווני 8% 148ג</ItemName>
      <ManufactureName>תנובה בעמ ***</ManufactureName>
      <ManufactureCountry />
      <ManufactureItemDescription />
      <UnitQty>י"ח</UnitQty>
      <Quantity>148</Quantity>
      <UnitMeasure>ל  גרם</UnitMeasure>
      <BisWeighted>0</BisWeighted>
      <QtyInPackage>1</QtyInPackage>
      <ItemPrice>5.60</ItemPrice>
      <UnitOfMeasurePrice>3.78</UnitOfMeasurePrice>
      <AllowDiscount>1</AllowDiscount>
      <itemStatus>1</itemStatus>
      <LastUpdateDate />
      <LastUpdateTime />
    </Product>
    <Product>
      <PriceUpdateDate>2020/02/17 08:35</PriceUpdateDate>
      <ItemCode>7290110326128</ItemCode>
      <ItemType>1</ItemType>
      <ItemName>פיראוס יוגורט יווני עם תוספות 148ג</ItemName>
      <ManufactureName>תנובה בעמ ***</ManufactureName>
      <ManufactureCountry />
      <ManufactureItemDescription />
      <UnitQty>י"ח</UnitQty>
      <Quantity>148</Quantity>
      <UnitMeasure>ל  גרם</UnitMeasure>
      <BisWeighted>0</BisWeighted>
      <QtyInPackage>1</QtyInPackage>
      <ItemPrice>5.60</ItemPrice>
      <UnitOfMeasurePrice>3.78</UnitOfMeasurePrice>
      <AllowDiscount>1</AllowDiscount>
      <itemStatus>1</itemStatus>
      <LastUpdateDate />
      <LastUpdateTime />
    </Product>
    <Product>
      <PriceUpdateDate>2018/12/31 14:23</PriceUpdateDate>
      <ItemCode>7290110560270</ItemCode>
      <ItemType>1</ItemType>
      <ItemName>פריכיות הטעימות חלבון 135גר</ItemName>
      <ManufactureName>שטראוס גרופ בעמ</ManufactureName>
      <ManufactureCountry />
      <ManufactureItemDescription />
      <UnitQty>י"ח</UnitQty>
      <Quantity>135</Quantity>
      <UnitMeasure>ל  גרם</UnitMeasure>
      <BisWeighted>0</BisWeighted>
      <QtyInPackage>1</QtyInPackage>
      <ItemPrice>11.90</ItemPrice>
      <UnitOfMeasurePrice>8.81</UnitOfMeasurePrice>
      <AllowDiscount>1</AllowDiscount>
      <itemStatus>1</itemStatus>
      <LastUpdateDate />
      <LastUpdateTime />
    </Product>
    <Product>
      <PriceUpdateDate>2018/07/01 11:51</PriceUpdateDate>
      <ItemCode>7290110560973</ItemCode>
      <ItemType>1</ItemType>
      <ItemName>מילקי מוקה טופ שברי גלידה שטראוס</ItemName>
      <ManufactureName>שטראוס גרופ ***בעמ</ManufactureName>
      <ManufactureCountry />
      <ManufactureItemDescription />
      <UnitQty>י"ח</UnitQty>
      <Quantity>130</Quantity>
      <UnitMeasure>ל  מ"ל</UnitMeasure>
      <BisWeighted>0</BisWeighted>
      <QtyInPackage>1</QtyInPackage>
      <ItemPrice>4.80</ItemPrice>
      <UnitOfMeasurePrice>3.69</UnitOfMeasurePrice>
      <AllowDiscount>1</AllowDiscount>
      <itemStatus>1</itemStatus>
      <LastUpdateDate />
      <LastUpdateTime />
    </Product>
    <Product>
      <PriceUpdateDate>2018/07/01 11:51</PriceUpdateDate>
      <ItemCode>7290110560980</ItemCode>
      <ItemType>1</ItemType>
      <ItemName>מילקי בננה טופ שברי גלידה שטראוס</ItemName>
      <ManufactureName>שטראוס גרופ ***בעמ</ManufactureName>
      <ManufactureCountry />
      <ManufactureItemDescription />
      <UnitQty>י"ח</UnitQty>
      <Quantity>130</Quantity>
      <UnitMeasure>ל  מ"ל</UnitMeasure>
      <BisWeighted>0</BisWeighted>
      <QtyInPackage>1</QtyInPackage>
      <ItemPrice>4.80</ItemPrice>
      <UnitOfMeasurePrice>3.69</UnitOfMeasurePrice>
      <AllowDiscount>1</AllowDiscount>
      <itemStatus>1</itemStatus>
      <LastUpdateDate />
      <LastUpdateTime />
    </Product>
    <Product>
      <PriceUpdateDate>2019/12/30 14:29</PriceUpdateDate>
      <ItemCode>7290110561833</ItemCode>
      <ItemType>1</ItemType>
      <ItemName>דוריטוס בצל 70 גרם</ItemName>
      <ManufactureName>שטראוס פריטו ליי בעמ</ManufactureName>
      <ManufactureCountry />
      <ManufactureItemDescription />
      <UnitQty>י"ח</UnitQty>
      <Quantity>70</Quantity>
      <UnitMeasure>ל  גרם</UnitMeasure>
      <BisWeighted>0</BisWeighted>
      <QtyInPackage>1</QtyInPackage>
      <ItemPrice>3.90</ItemPrice>
      <UnitOfMeasurePrice>5.57</UnitOfMeasurePrice>
      <AllowDiscount>1</AllowDiscount>
      <itemStatus>1</itemStatus>
      <LastUpdateDate />
      <LastUpdateTime />
    </Product>
    <Product>
      <PriceUpdateDate>2018/10/22 08:00</PriceUpdateDate>
      <ItemCode>7290110563943</ItemCode>
      <ItemType>1</ItemType>
      <ItemName>אשכולות ספלנדיד מריר אגוז חמוציות  105</ItemName>
      <ManufactureName>שטראוס גרופ בעמ</ManufactureName>
      <ManufactureCountry />
      <ManufactureItemDescription />
      <UnitQty>י"ח</UnitQty>
      <Quantity>105</Quantity>
      <UnitMeasure>ל  גרם</UnitMeasure>
      <BisWeighted>0</BisWeighted>
      <QtyInPackage>1</QtyInPackage>
      <ItemPrice>13.90</ItemPrice>
      <UnitOfMeasurePrice>13.24</UnitOfMeasurePrice>
      <AllowDiscount>1</AllowDiscount>
      <itemStatus>1</itemStatus>
      <LastUpdateDate />
      <LastUpdateTime />
    </Product>
    <Product>
      <PriceUpdateDate>2018/10/22 08:00</PriceUpdateDate>
      <ItemCode>7290110563950</ItemCode>
      <ItemType>1</ItemType>
      <ItemName>אשכולות ספלנדיד חלב אגוז קוקוס 105ג</ItemName>
      <ManufactureName>שטראוס גרופ בעמ</ManufactureName>
      <ManufactureCountry />
      <ManufactureItemDescription />
      <UnitQty>י"ח</UnitQty>
      <Quantity>105</Quantity>
      <UnitMeasure>ל  גרם</UnitMeasure>
      <BisWeighted>0</BisWeighted>
      <QtyInPackage>1</QtyInPackage>
      <ItemPrice>13.90</ItemPrice>
      <UnitOfMeasurePrice>13.24</UnitOfMeasurePrice>
      <AllowDiscount>1</AllowDiscount>
      <itemStatus>1</itemStatus>
      <LastUpdateDate />
      <LastUpdateTime />
    </Product>
    <Product>
      <PriceUpdateDate>2018/10/22 08:00</PriceUpdateDate>
      <ItemCode>7290110563981</ItemCode>
      <ItemType>1</ItemType>
      <ItemName>אשכולות ספלנדיד מריר 105ג</ItemName>
      <ManufactureName>שטראוס גרופ בעמ</ManufactureName>
      <ManufactureCountry />
      <ManufactureItemDescription />
      <UnitQty>י"ח</UnitQty>
      <Quantity>105</Quantity>
      <UnitMeasure>ל  גרם</UnitMeasure>
      <BisWeighted>0</BisWeighted>
      <QtyInPackage>1</QtyInPackage>
      <ItemPrice>13.90</ItemPrice>
      <UnitOfMeasurePrice>13.24</UnitOfMeasurePrice>
      <AllowDiscount>1</AllowDiscount>
      <itemStatus>1</itemStatus>
      <LastUpdateDate />
      <LastUpdateTime />
    </Product>
    <Product>
      <PriceUpdateDate>2018/03/06 09:39</PriceUpdateDate>
      <ItemCode>7290110564261</ItemCode>
      <ItemType>1</ItemType>
      <ItemName>קפה טורקי שקית 145 עלית</ItemName>
      <ManufactureName>שטראוס גרופ בעמ</ManufactureName>
      <ManufactureCountry />
      <ManufactureItemDescription />
      <UnitQty>י"ח</UnitQty>
      <Quantity>145</Quantity>
      <UnitMeasure>ל  גרם</UnitMeasure>
      <BisWeighted>0</BisWeighted>
      <QtyInPackage>1</QtyInPackage>
      <ItemPrice>13.90</ItemPrice>
      <UnitOfMeasurePrice>9.59</UnitOfMeasurePrice>
      <AllowDiscount>1</AllowDiscount>
      <itemStatus>1</itemStatus>
      <LastUpdateDate />
      <LastUpdateTime />
    </Product>
    <Product>
      <PriceUpdateDate>2020/02/09 14:10</PriceUpdateDate>
      <ItemCode>7290110564346</ItemCode>
      <ItemType>1</ItemType>
      <ItemName>בלונדי שוקולד קרם בראוניז 100גר</ItemName>
      <ManufactureName>שטראוס גרופ בעמ</ManufactureName>
      <ManufactureCountry />
      <ManufactureItemDescription />
      <UnitQty>י"ח</UnitQty>
      <Quantity>100</Quantity>
      <UnitMeasure>ל  גרם</UnitMeasure>
      <BisWeighted>0</BisWeighted>
      <QtyInPackage>1</QtyInPackage>
      <ItemPrice>7.90</ItemPrice>
      <UnitOfMeasurePrice>7.90</UnitOfMeasurePrice>
      <AllowDiscount>1</AllowDiscount>
      <itemStatus>1</itemStatus>
      <LastUpdateDate />
      <LastUpdateTime />
    </Product>
    <Product>
      <PriceUpdateDate>2020/02/09 14:10</PriceUpdateDate>
      <ItemCode>7290110564353</ItemCode>
      <ItemType>1</ItemType>
      <ItemName>בלונדי שוקולד קרם אגוזי לוז 100גר</ItemName>
      <ManufactureName>שטראוס גרופ בעמ</ManufactureName>
      <ManufactureCountry />
      <ManufactureItemDescription />
      <UnitQty>י"ח</UnitQty>
      <Quantity>100</Quantity>
      <UnitMeasure>ל  גרם</UnitMeasure>
      <BisWeighted>0</BisWeighted>
      <QtyInPackage>1</QtyInPackage>
      <ItemPrice>7.90</ItemPrice>
      <UnitOfMeasurePrice>7.90</UnitOfMeasurePrice>
      <AllowDiscount>1</AllowDiscount>
      <itemStatus>1</itemStatus>
      <LastUpdateDate />
      <LastUpdateTime />
    </Product>
    <Product>
      <PriceUpdateDate>2019/06/02 10:01</PriceUpdateDate>
      <ItemCode>7290110566418</ItemCode>
      <ItemType>1</ItemType>
      <ItemName>רבע לשבע ומריר 60% 120גר`</ItemName>
      <ManufactureName>שטראוס גרופ בעמ</ManufactureName>
      <ManufactureCountry />
      <ManufactureItemDescription />
      <UnitQty>י"ח</UnitQty>
      <Quantity>120</Quantity>
      <UnitMeasure>ל  גרם</UnitMeasure>
      <BisWeighted>0</BisWeighted>
      <QtyInPackage>1</QtyInPackage>
      <ItemPrice>11.90</ItemPrice>
      <UnitOfMeasurePrice>9.92</UnitOfMeasurePrice>
      <AllowDiscount>1</AllowDiscount>
      <itemStatus>1</itemStatus>
      <LastUpdateDate />
      <LastUpdateTime />
    </Product>
    <Product>
      <PriceUpdateDate>2019/01/01 12:53</PriceUpdateDate>
      <ItemCode>7290110566623</ItemCode>
      <ItemType>1</ItemType>
      <ItemName>קפסולות קולומביה 08 למכונת נספרסו</ItemName>
      <ManufactureName>שטראוס גרופ בעמ</ManufactureName>
      <ManufactureCountry />
      <ManufactureItemDescription />
      <UnitQty>י"ח</UnitQty>
      <Quantity>50</Quantity>
      <UnitMeasure>ל  גרם</UnitMeasure>
      <BisWeighted>0</BisWeighted>
      <QtyInPackage>1</QtyInPackage>
      <ItemPrice>17.90</ItemPrice>
      <UnitOfMeasurePrice>35.80</UnitOfMeasurePrice>
      <AllowDiscount>1</AllowDiscount>
      <itemStatus>1</itemStatus>
      <LastUpdateDate />
      <LastUpdateTime />
    </Product>
    <Product>
      <PriceUpdateDate>2018/05/23 09:10</PriceUpdateDate>
      <ItemCode>7290110566883</ItemCode>
      <ItemType>1</ItemType>
      <ItemName>רולדה קפה נמס 350ג</ItemName>
      <ManufactureName>שטראוס גרופ בעמ</ManufactureName>
      <ManufactureCountry />
      <ManufactureItemDescription />
      <UnitQty>י"ח</UnitQty>
      <Quantity>350</Quantity>
      <UnitMeasure>ל  גרם</UnitMeasure>
      <BisWeighted>0</BisWeighted>
      <QtyInPackage>1</QtyInPackage>
      <ItemPrice>15.90</ItemPrice>
      <UnitOfMeasurePrice>4.54</UnitOfMeasurePrice>
      <AllowDiscount>1</AllowDiscount>
      <itemStatus>1</itemStatus>
      <LastUpdateDate />
      <LastUpdateTime />
    </Product>
    <Product>
      <PriceUpdateDate>2019/05/06 09:54</PriceUpdateDate>
      <ItemCode>7290110567057</ItemCode>
      <ItemType>1</ItemType>
      <ItemName>מסטיק בוקסי אקליפטוס 64גר</ItemName>
      <ManufactureName>שטראוס גרופ בעמ</ManufactureName>
      <ManufactureCountry />
      <ManufactureItemDescription />
      <UnitQty>י"ח</UnitQty>
      <Quantity>66</Quantity>
      <UnitMeasure>ל  גרם</UnitMeasure>
      <BisWeighted>0</BisWeighted>
      <QtyInPackage>1</QtyInPackage>
      <ItemPrice>9.90</ItemPrice>
      <UnitOfMeasurePrice>15</UnitOfMeasurePrice>
      <AllowDiscount>1</AllowDiscount>
      <itemStatus>1</itemStatus>
      <LastUpdateDate />
      <LastUpdateTime />
    </Product>
    <Product>
      <PriceUpdateDate>2019/05/06 09:54</PriceUpdateDate>
      <ItemCode>7290110567064</ItemCode>
      <ItemType>1</ItemType>
      <ItemName>מסטיק בוקסי מנטה פטל 64גר</ItemName>
      <ManufactureName>שטראוס גרופ בעמ</ManufactureName>
      <ManufactureCountry />
      <ManufactureItemDescription />
      <UnitQty>י"ח</UnitQty>
      <Quantity>66</Quantity>
      <UnitMeasure>ל  גרם</UnitMeasure>
      <BisWeighted>0</BisWeighted>
      <QtyInPackage>1</QtyInPackage>
      <ItemPrice>9.90</ItemPrice>
      <UnitOfMeasurePrice>15</UnitOfMeasurePrice>
      <AllowDiscount>1</AllowDiscount>
      <itemStatus>1</itemStatus>
      <LastUpdateDate />
      <LastUpdateTime />
    </Product>
    <Product>
      <PriceUpdateDate>2018/09/20 07:21</PriceUpdateDate>
      <ItemCode>7290110567194</ItemCode>
      <ItemType>1</ItemType>
      <ItemName>מקופלת בלונדי עלית</ItemName>
      <ManufactureName>שטראוס גרופ בעמ</ManufactureName>
      <ManufactureCountry />
      <ManufactureItemDescription />
      <UnitQty>י"ח</UnitQty>
      <Quantity>25</Quantity>
      <UnitMeasure>ל  גרם</UnitMeasure>
      <BisWeighted>0</BisWeighted>
      <QtyInPackage>1</QtyInPackage>
      <ItemPrice>3.90</ItemPrice>
      <UnitOfMeasurePrice>15.60</UnitOfMeasurePrice>
      <AllowDiscount>1</AllowDiscount>
      <itemStatus>1</itemStatus>
      <LastUpdateDate />
      <LastUpdateTime />
    </Product>
    <Product>
      <PriceUpdateDate>2018/11/18 09:19</PriceUpdateDate>
      <ItemCode>7290110567392</ItemCode>
      <ItemType>1</ItemType>
      <ItemName>דנונה דובדבן  3%</ItemName>
      <ManufactureName>שטראוס גרופ ***בעמ</ManufactureName>
      <ManufactureCountry />
      <ManufactureItemDescription />
      <UnitQty>י"ח</UnitQty>
      <Quantity>150</Quantity>
      <UnitMeasure>ל  מ"ל</UnitMeasure>
      <BisWeighted>0</BisWeighted>
      <QtyInPackage>1</QtyInPackage>
      <ItemPrice>3.70</ItemPrice>
      <UnitOfMeasurePrice>2.47</UnitOfMeasurePrice>
      <AllowDiscount>1</AllowDiscount>
      <itemStatus>1</itemStatus>
      <LastUpdateDate />
      <LastUpdateTime />
    </Product>
    <Product>
      <PriceUpdateDate>2020/02/03 14:12</PriceUpdateDate>
      <ItemCode>7290110568498</ItemCode>
      <ItemType>1</ItemType>
      <ItemName>קונפיטורה תות במתיקות מעודנת</ItemName>
      <ManufactureName>שטראוס גרופ בעמ</ManufactureName>
      <ManufactureCountry />
      <ManufactureItemDescription />
      <UnitQty>י"ח</UnitQty>
      <Quantity>340</Quantity>
      <UnitMeasure>ל  גרם</UnitMeasure>
      <BisWeighted>0</BisWeighted>
      <QtyInPackage>1</QtyInPackage>
      <ItemPrice>12.90</ItemPrice>
      <UnitOfMeasurePrice>3.79</UnitOfMeasurePrice>
      <AllowDiscount>1</AllowDiscount>
      <itemStatus>1</itemStatus>
      <LastUpdateDate />
      <LastUpdateTime />
    </Product>
    <Product>
      <PriceUpdateDate>2020/02/03 14:12</PriceUpdateDate>
      <ItemCode>7290110568504</ItemCode>
      <ItemType>1</ItemType>
      <ItemName>קונפיטורה משמש במתיקות מעודנת</ItemName>
      <ManufactureName>שטראוס גרופ בעמ</ManufactureName>
      <ManufactureCountry />
      <ManufactureItemDescription />
      <UnitQty>י"ח</UnitQty>
      <Quantity>340</Quantity>
      <UnitMeasure>ל  גרם</UnitMeasure>
      <BisWeighted>0</BisWeighted>
      <QtyInPackage>1</QtyInPackage>
      <ItemPrice>12.90</ItemPrice>
      <UnitOfMeasurePrice>3.79</UnitOfMeasurePrice>
      <AllowDiscount>1</AllowDiscount>
      <itemStatus>1</itemStatus>
      <LastUpdateDate />
      <LastUpdateTime />
    </Product>
    <Product>
      <PriceUpdateDate>2020/02/03 14:12</PriceUpdateDate>
      <ItemCode>7290110568511</ItemCode>
      <ItemType>1</ItemType>
      <ItemName>קונפיטורה פירות יער במתיקות מעודנת</ItemName>
      <ManufactureName>שטראוס גרופ בעמ</ManufactureName>
      <ManufactureCountry />
      <ManufactureItemDescription />
      <UnitQty>י"ח</UnitQty>
      <Quantity>340</Quantity>
      <UnitMeasure>ל  גרם</UnitMeasure>
      <BisWeighted>0</BisWeighted>
      <QtyInPackage>1</QtyInPackage>
      <ItemPrice>12.90</ItemPrice>
      <UnitOfMeasurePrice>3.79</UnitOfMeasurePrice>
      <AllowDiscount>1</AllowDiscount>
      <itemStatus>1</itemStatus>
      <LastUpdateDate />
      <LastUpdateTime />
    </Product>
    <Product>
      <PriceUpdateDate>2020/02/09 14:10</PriceUpdateDate>
      <ItemCode>7290110569877</ItemCode>
      <ItemType>1</ItemType>
      <ItemName>בלונדי שוקולד ניבס קקאו 100גר</ItemName>
      <ManufactureName>שטראוס גרופ בעמ</ManufactureName>
      <ManufactureCountry />
      <ManufactureItemDescription />
      <UnitQty>י"ח</UnitQty>
      <Quantity>1</Quantity>
      <UnitMeasure>י"ח</UnitMeasure>
      <BisWeighted>0</BisWeighted>
      <QtyInPackage>1</QtyInPackage>
      <ItemPrice>7.90</ItemPrice>
      <UnitOfMeasurePrice>7.90</UnitOfMeasurePrice>
      <AllowDiscount>1</AllowDiscount>
      <itemStatus>1</itemStatus>
      <LastUpdateDate />
      <LastUpdateTime />
    </Product>
    <Product>
      <PriceUpdateDate>2020/02/09 14:10</PriceUpdateDate>
      <ItemCode>7290110569884</ItemCode>
      <ItemType>1</ItemType>
      <ItemName>בלונדי שוקולד עוגיות קרמל 100גר</ItemName>
      <ManufactureName>שטראוס גרופ בעמ</ManufactureName>
      <ManufactureCountry />
      <ManufactureItemDescription />
      <UnitQty>י"ח</UnitQty>
      <Quantity>1</Quantity>
      <UnitMeasure>י"ח</UnitMeasure>
      <BisWeighted>0</BisWeighted>
      <QtyInPackage>1</QtyInPackage>
      <ItemPrice>7.90</ItemPrice>
      <UnitOfMeasurePrice>7.90</UnitOfMeasurePrice>
      <AllowDiscount>1</AllowDiscount>
      <itemStatus>1</itemStatus>
      <LastUpdateDate />
      <LastUpdateTime />
    </Product>
    <Product>
      <PriceUpdateDate>2019/01/23 11:24</PriceUpdateDate>
      <ItemCode>7290111090134</ItemCode>
      <ItemType>1</ItemType>
      <ItemName>מגבוני רענון לידיים   3*12יח</ItemName>
      <ManufactureName>שקד תבל בעמ</ManufactureName>
      <ManufactureCountry />
      <ManufactureItemDescription />
      <UnitQty>י"ח</UnitQty>
      <Quantity>36</Quantity>
      <UnitMeasure>י"ח</UnitMeasure>
      <BisWeighted>0</BisWeighted>
      <QtyInPackage>1</QtyInPackage>
      <ItemPrice>7.90</ItemPrice>
      <UnitOfMeasurePrice>0.22</UnitOfMeasurePrice>
      <AllowDiscount>1</AllowDiscount>
      <itemStatus>1</itemStatus>
      <LastUpdateDate />
      <LastUpdateTime />
    </Product>
    <Product>
      <PriceUpdateDate>2019/01/23 11:24</PriceUpdateDate>
      <ItemCode>7290111090424</ItemCode>
      <ItemType>1</ItemType>
      <ItemName>מגבונים  להסרת לק 10יח ICAR</ItemName>
      <ManufactureName>שקד תבל בעמ</ManufactureName>
      <ManufactureCountry />
      <ManufactureItemDescription />
      <UnitQty>י"ח</UnitQty>
      <Quantity>10</Quantity>
      <UnitMeasure>י"ח</UnitMeasure>
      <BisWeighted>0</BisWeighted>
      <QtyInPackage>1</QtyInPackage>
      <ItemPrice>7.90</ItemPrice>
      <UnitOfMeasurePrice>0.79</UnitOfMeasurePrice>
      <AllowDiscount>1</AllowDiscount>
      <itemStatus>1</itemStatus>
      <LastUpdateDate />
      <LastUpdateTime />
    </Product>
    <Product>
      <PriceUpdateDate>2018/10/19 07:30</PriceUpdateDate>
      <ItemCode>7290111091520</ItemCode>
      <ItemType>1</ItemType>
      <ItemName>דר עור ת.רחצה קלאסי קוקוס   700מ"ל</ItemName>
      <ManufactureName>שקד תבל בעמ</ManufactureName>
      <ManufactureCountry />
      <ManufactureItemDescription />
      <UnitQty>י"ח</UnitQty>
      <Quantity>700</Quantity>
      <UnitMeasure>ל  גרם</UnitMeasure>
      <BisWeighted>0</BisWeighted>
      <QtyInPackage>1</QtyInPackage>
      <ItemPrice>19.90</ItemPrice>
      <UnitOfMeasurePrice>2.84</UnitOfMeasurePrice>
      <AllowDiscount>1</AllowDiscount>
      <itemStatus>1</itemStatus>
      <LastUpdateDate />
      <LastUpdateTime />
    </Product>
    <Product>
      <PriceUpdateDate>2019/01/23 11:24</PriceUpdateDate>
      <ItemCode>7290111093005</ItemCode>
      <ItemType>1</ItemType>
      <ItemName>מגבונים  להסרת איפור 25יח</ItemName>
      <ManufactureName>שקד תבל בעמ</ManufactureName>
      <ManufactureCountry />
      <ManufactureItemDescription />
      <UnitQty>י"ח</UnitQty>
      <Quantity>25</Quantity>
      <UnitMeasure>י"ח</UnitMeasure>
      <BisWeighted>0</BisWeighted>
      <QtyInPackage>1</QtyInPackage>
      <ItemPrice>7.90</ItemPrice>
      <UnitOfMeasurePrice>0.32</UnitOfMeasurePrice>
      <AllowDiscount>1</AllowDiscount>
      <itemStatus>1</itemStatus>
      <LastUpdateDate />
      <LastUpdateTime />
    </Product>
    <Product>
      <PriceUpdateDate>2019/01/23 11:24</PriceUpdateDate>
      <ItemCode>7290111094613</ItemCode>
      <ItemType>1</ItemType>
      <ItemName>מגבונים  לניקוי משקפיים 24יח</ItemName>
      <ManufactureName>שקד תבל בעמ</ManufactureName>
      <ManufactureCountry />
      <ManufactureItemDescription />
      <UnitQty>י"ח</UnitQty>
      <Quantity>24</Quantity>
      <UnitMeasure>י"ח</UnitMeasure>
      <BisWeighted>0</BisWeighted>
      <QtyInPackage>1</QtyInPackage>
      <ItemPrice>7.90</ItemPrice>
      <UnitOfMeasurePrice>0.33</UnitOfMeasurePrice>
      <AllowDiscount>1</AllowDiscount>
      <itemStatus>1</itemStatus>
      <LastUpdateDate />
      <LastUpdateTime />
    </Product>
    <Product>
      <PriceUpdateDate>2020/03/12 08:30</PriceUpdateDate>
      <ItemCode>7290111340109</ItemCode>
      <ItemType>1</ItemType>
      <ItemName>דיפנד  מגן תחתון אקטיב נשים.</ItemName>
      <ManufactureName>קימברלי קלארק ישראל שיווק בעמ</ManufactureName>
      <ManufactureCountry />
      <ManufactureItemDescription />
      <UnitQty>י"ח</UnitQty>
      <Quantity>1</Quantity>
      <UnitMeasure />
      <BisWeighted>0</BisWeighted>
      <QtyInPackage>1</QtyInPackage>
      <ItemPrice>19.90</ItemPrice>
      <UnitOfMeasurePrice>19.90</UnitOfMeasurePrice>
      <AllowDiscount>1</AllowDiscount>
      <itemStatus>1</itemStatus>
      <LastUpdateDate />
      <LastUpdateTime />
    </Product>
    <Product>
      <PriceUpdateDate>2018/07/26 08:43</PriceUpdateDate>
      <ItemCode>7290111341366</ItemCode>
      <ItemType>1</ItemType>
      <ItemName>מפיות חד שכבתיות חלקות 150יח</ItemName>
      <ManufactureName>קימברלי קלארק ישראל שיווק בעמ</ManufactureName>
      <ManufactureCountry />
      <ManufactureItemDescription />
      <UnitQty>י"ח</UnitQty>
      <Quantity>1</Quantity>
      <UnitMeasure>י"ח</UnitMeasure>
      <BisWeighted>0</BisWeighted>
      <QtyInPackage>1</QtyInPackage>
      <ItemPrice>8.90</ItemPrice>
      <UnitOfMeasurePrice>8.90</UnitOfMeasurePrice>
      <AllowDiscount>1</AllowDiscount>
      <itemStatus>1</itemStatus>
      <LastUpdateDate />
      <LastUpdateTime />
    </Product>
    <Product>
      <PriceUpdateDate>2018/09/12 10:49</PriceUpdateDate>
      <ItemCode>7290111341373</ItemCode>
      <ItemType>1</ItemType>
      <ItemName>נייר טואלט לילי פסטל 30ג</ItemName>
      <ManufactureName>קימברלי קלארק ישראל שיווק בעמ</ManufactureName>
      <ManufactureCountry />
      <ManufactureItemDescription />
      <UnitQty>י"ח</UnitQty>
      <Quantity>30</Quantity>
      <UnitMeasure>י"ח</UnitMeasure>
      <BisWeighted>0</BisWeighted>
      <QtyInPackage>1</QtyInPackage>
      <ItemPrice>35.90</ItemPrice>
      <UnitOfMeasurePrice>1.20</UnitOfMeasurePrice>
      <AllowDiscount>1</AllowDiscount>
      <itemStatus>1</itemStatus>
      <LastUpdateDate />
      <LastUpdateTime />
    </Product>
    <Product>
      <PriceUpdateDate>2019/07/01 13:20</PriceUpdateDate>
      <ItemCode>7290111341434</ItemCode>
      <ItemType>1</ItemType>
      <ItemName>דיפנד  תחבושת נורמל אקטיב נשים.</ItemName>
      <ManufactureName>קימברלי קלארק ישראל שיווק בעמ</ManufactureName>
      <ManufactureCountry />
      <ManufactureItemDescription />
      <UnitQty>י"ח</UnitQty>
      <Quantity>1</Quantity>
      <UnitMeasure />
      <BisWeighted>0</BisWeighted>
      <QtyInPackage>1</QtyInPackage>
      <ItemPrice>24.90</ItemPrice>
      <UnitOfMeasurePrice>24.90</UnitOfMeasurePrice>
      <AllowDiscount>1</AllowDiscount>
      <itemStatus>1</itemStatus>
      <LastUpdateDate />
      <LastUpdateTime />
    </Product>
    <Product>
      <PriceUpdateDate>2019/06/06 09:08</PriceUpdateDate>
      <ItemCode>7290111341496</ItemCode>
      <ItemType>1</ItemType>
      <ItemName>דיפנד  תחבושת מיני אקטיב נשים.</ItemName>
      <ManufactureName>קימברלי קלארק ישראל שיווק בעמ</ManufactureName>
      <ManufactureCountry />
      <ManufactureItemDescription />
      <UnitQty>י"ח</UnitQty>
      <Quantity>1</Quantity>
      <UnitMeasure />
      <BisWeighted>0</BisWeighted>
      <QtyInPackage>1</QtyInPackage>
      <ItemPrice>24.90</ItemPrice>
      <UnitOfMeasurePrice>24.90</UnitOfMeasurePrice>
      <AllowDiscount>1</AllowDiscount>
      <itemStatus>1</itemStatus>
      <LastUpdateDate />
      <LastUpdateTime />
    </Product>
    <Product>
      <PriceUpdateDate>2019/06/27 08:25</PriceUpdateDate>
      <ItemCode>7290111341526</ItemCode>
      <ItemType>1</ItemType>
      <ItemName>תחבושת קוטקס אקטיב נורמל 24 יח.</ItemName>
      <ManufactureName>קימברלי קלארק ישראל שיווק בעמ</ManufactureName>
      <ManufactureCountry />
      <ManufactureItemDescription />
      <UnitQty>י"ח</UnitQty>
      <Quantity>1</Quantity>
      <UnitMeasure />
      <BisWeighted>0</BisWeighted>
      <QtyInPackage>1</QtyInPackage>
      <ItemPrice>22.90</ItemPrice>
      <UnitOfMeasurePrice>22.90</UnitOfMeasurePrice>
      <AllowDiscount>1</AllowDiscount>
      <itemStatus>1</itemStatus>
      <LastUpdateDate />
      <LastUpdateTime />
    </Product>
    <Product>
      <PriceUpdateDate>2019/06/28 08:40</PriceUpdateDate>
      <ItemCode>7290111341533</ItemCode>
      <ItemType>1</ItemType>
      <ItemName>תחבושת קוטקס אקטיב סופר 18 יחידות.</ItemName>
      <ManufactureName>קימברלי קלארק ישראל שיווק בעמ</ManufactureName>
      <ManufactureCountry />
      <ManufactureItemDescription />
      <UnitQty>י"ח</UnitQty>
      <Quantity>1</Quantity>
      <UnitMeasure />
      <BisWeighted>0</BisWeighted>
      <QtyInPackage>1</QtyInPackage>
      <ItemPrice>22.90</ItemPrice>
      <UnitOfMeasurePrice>22.90</UnitOfMeasurePrice>
      <AllowDiscount>1</AllowDiscount>
      <itemStatus>1</itemStatus>
      <LastUpdateDate />
      <LastUpdateTime />
    </Product>
    <Product>
      <PriceUpdateDate>2019/11/01 11:32</PriceUpdateDate>
      <ItemCode>7290111341724</ItemCode>
      <ItemType>1</ItemType>
      <ItemName>טיטולים פרמיום שלב 4</ItemName>
      <ManufactureName>קימברלי קלארק ישראל שיווק בעמ</ManufactureName>
      <ManufactureCountry />
      <ManufactureItemDescription />
      <UnitQty>י"ח</UnitQty>
      <Quantity>1</Quantity>
      <UnitMeasure>י"ח</UnitMeasure>
      <BisWeighted>0</BisWeighted>
      <QtyInPackage>1</QtyInPackage>
      <ItemPrice>34.90</ItemPrice>
      <UnitOfMeasurePrice>34.90</UnitOfMeasurePrice>
      <AllowDiscount>1</AllowDiscount>
      <itemStatus>1</itemStatus>
      <LastUpdateDate />
      <LastUpdateTime />
    </Product>
    <Product>
      <PriceUpdateDate>2020/02/26 08:38</PriceUpdateDate>
      <ItemCode>7290111342059</ItemCode>
      <ItemType>1</ItemType>
      <ItemName>מטליות לחות  אנטיבקטריאלי כשל"פ</ItemName>
      <ManufactureName>קימברלי קלארק ישראל שיווק בעמ</ManufactureName>
      <ManufactureCountry />
      <ManufactureItemDescription />
      <UnitQty>י"ח</UnitQty>
      <Quantity>100</Quantity>
      <UnitMeasure>ל  גרם</UnitMeasure>
      <BisWeighted>0</BisWeighted>
      <QtyInPackage>1</QtyInPackage>
      <ItemPrice>13.90</ItemPrice>
      <UnitOfMeasurePrice>13.90</UnitOfMeasurePrice>
      <AllowDiscount>1</AllowDiscount>
      <itemStatus>1</itemStatus>
      <LastUpdateDate />
      <LastUpdateTime />
    </Product>
    <Product>
      <PriceUpdateDate>2020/02/26 08:38</PriceUpdateDate>
      <ItemCode>7290111342073</ItemCode>
      <ItemType>1</ItemType>
      <ItemName>מטליות מיקרופייבר אנטיבקטריאלי כשל"פ</ItemName>
      <ManufactureName>קימברלי קלארק ישראל שיווק בעמ</ManufactureName>
      <ManufactureCountry />
      <ManufactureItemDescription />
      <UnitQty>י"ח</UnitQty>
      <Quantity>100</Quantity>
      <UnitMeasure>ל  גרם</UnitMeasure>
      <BisWeighted>0</BisWeighted>
      <QtyInPackage>1</QtyInPackage>
      <ItemPrice>16.90</ItemPrice>
      <UnitOfMeasurePrice>16.90</UnitOfMeasurePrice>
      <AllowDiscount>1</AllowDiscount>
      <itemStatus>1</itemStatus>
      <LastUpdateDate />
      <LastUpdateTime />
    </Product>
    <Product>
      <PriceUpdateDate>2019/12/08 11:41</PriceUpdateDate>
      <ItemCode>7290111342196</ItemCode>
      <ItemType>1</ItemType>
      <ItemName>מגני תחתון קוטקס נורמל ג ינה</ItemName>
      <ManufactureName>קימברלי קלארק ישראל שיווק בעמ</ManufactureName>
      <ManufactureCountry />
      <ManufactureItemDescription />
      <UnitQty>י"ח</UnitQty>
      <Quantity>1</Quantity>
      <UnitMeasure>י"ח</UnitMeasure>
      <BisWeighted>0</BisWeighted>
      <QtyInPackage>1</QtyInPackage>
      <ItemPrice>26.90</ItemPrice>
      <UnitOfMeasurePrice>26.90</UnitOfMeasurePrice>
      <AllowDiscount>1</AllowDiscount>
      <itemStatus>1</itemStatus>
      <LastUpdateDate />
      <LastUpdateTime />
    </Product>
    <Product>
      <PriceUpdateDate>2019/12/08 11:41</PriceUpdateDate>
      <ItemCode>7290111342202</ItemCode>
      <ItemType>1</ItemType>
      <ItemName>מגני תחתון קוטקס לארגי  ג ינה</ItemName>
      <ManufactureName>קימברלי קלארק ישראל שיווק בעמ</ManufactureName>
      <ManufactureCountry />
      <ManufactureItemDescription />
      <UnitQty>י"ח</UnitQty>
      <Quantity>1</Quantity>
      <UnitMeasure>י"ח</UnitMeasure>
      <BisWeighted>0</BisWeighted>
      <QtyInPackage>1</QtyInPackage>
      <ItemPrice>26.90</ItemPrice>
      <UnitOfMeasurePrice>26.90</UnitOfMeasurePrice>
      <AllowDiscount>1</AllowDiscount>
      <itemStatus>1</itemStatus>
      <LastUpdateDate />
      <LastUpdateTime />
    </Product>
    <Product>
      <PriceUpdateDate>2019/12/08 11:41</PriceUpdateDate>
      <ItemCode>7290111342547</ItemCode>
      <ItemType>1</ItemType>
      <ItemName>מגני תחתון קוטקס יאנג ג ינה</ItemName>
      <ManufactureName>קימברלי קלארק ישראל שיווק בעמ</ManufactureName>
      <ManufactureCountry />
      <ManufactureItemDescription />
      <UnitQty>י"ח</UnitQty>
      <Quantity>1</Quantity>
      <UnitMeasure>י"ח</UnitMeasure>
      <BisWeighted>0</BisWeighted>
      <QtyInPackage>1</QtyInPackage>
      <ItemPrice>26.90</ItemPrice>
      <UnitOfMeasurePrice>26.90</UnitOfMeasurePrice>
      <AllowDiscount>1</AllowDiscount>
      <itemStatus>1</itemStatus>
      <LastUpdateDate />
      <LastUpdateTime />
    </Product>
    <Product>
      <PriceUpdateDate>2019/12/17 10:06</PriceUpdateDate>
      <ItemCode>7290111352140</ItemCode>
      <ItemType>1</ItemType>
      <ItemName>חמוציות מיובשות ברכז תפוחים 150ג</ItemName>
      <ManufactureName>ליימן שליסל</ManufactureName>
      <ManufactureCountry />
      <ManufactureItemDescription />
      <UnitQty>י"ח</UnitQty>
      <Quantity>150</Quantity>
      <UnitMeasure>ל  גרם</UnitMeasure>
      <BisWeighted>0</BisWeighted>
      <QtyInPackage>1</QtyInPackage>
      <ItemPrice>12.90</ItemPrice>
      <UnitOfMeasurePrice>8.60</UnitOfMeasurePrice>
      <AllowDiscount>1</AllowDiscount>
      <itemStatus>1</itemStatus>
      <LastUpdateDate />
      <LastUpdateTime />
    </Product>
    <Product>
      <PriceUpdateDate>2019/07/02 08:54</PriceUpdateDate>
      <ItemCode>7290111560774</ItemCode>
      <ItemType>1</ItemType>
      <ItemName>פופקו קיץ 80גר</ItemName>
      <ManufactureName>קבוצת אוסם סחר-שות.מוגבלת</ManufactureName>
      <ManufactureCountry />
      <ManufactureItemDescription />
      <UnitQty>י"ח</UnitQty>
      <Quantity>80</Quantity>
      <UnitMeasure>ל  גרם</UnitMeasure>
      <BisWeighted>0</BisWeighted>
      <QtyInPackage>1</QtyInPackage>
      <ItemPrice>5</ItemPrice>
      <UnitOfMeasurePrice>6.25</UnitOfMeasurePrice>
      <AllowDiscount>1</AllowDiscount>
      <itemStatus>1</itemStatus>
      <LastUpdateDate />
      <LastUpdateTime />
    </Product>
    <Product>
      <PriceUpdateDate>2017/07/13 10:15</PriceUpdateDate>
      <ItemCode>7290111561085</ItemCode>
      <ItemType>1</ItemType>
      <ItemName>ביסלי טאקו מהדורת קיץ }קטן {60.</ItemName>
      <ManufactureName>קבוצת אוסם סחר-שות.מוגבלת</ManufactureName>
      <ManufactureCountry />
      <ManufactureItemDescription />
      <UnitQty>י"ח</UnitQty>
      <Quantity>60</Quantity>
      <UnitMeasure>ל  גרם</UnitMeasure>
      <BisWeighted>0</BisWeighted>
      <QtyInPackage>1</QtyInPackage>
      <ItemPrice>3.90</ItemPrice>
      <UnitOfMeasurePrice>6.50</UnitOfMeasurePrice>
      <AllowDiscount>1</AllowDiscount>
      <itemStatus>1</itemStatus>
      <LastUpdateDate />
      <LastUpdateTime />
    </Product>
    <Product>
      <PriceUpdateDate>2019/11/08 08:12</PriceUpdateDate>
      <ItemCode>7290111563751</ItemCode>
      <ItemType>1</ItemType>
      <ItemName>פרפקטו פנה ריגאט</ItemName>
      <ManufactureName>קבוצת אוסם סחר-שות.מוגבלת</ManufactureName>
      <ManufactureCountry />
      <ManufactureItemDescription />
      <UnitQty>י"ח</UnitQty>
      <Quantity>500</Quantity>
      <UnitMeasure>ל  גרם</UnitMeasure>
      <BisWeighted>0</BisWeighted>
      <QtyInPackage>1</QtyInPackage>
      <ItemPrice>6.90</ItemPrice>
      <UnitOfMeasurePrice>1.38</UnitOfMeasurePrice>
      <AllowDiscount>1</AllowDiscount>
      <itemStatus>1</itemStatus>
      <LastUpdateDate />
      <LastUpdateTime />
    </Product>
    <Product>
      <PriceUpdateDate>2020/04/13 08:08</PriceUpdateDate>
      <ItemCode>7290111563775</ItemCode>
      <ItemType>1</ItemType>
      <ItemName>פרפקטו פארפלה מהדורה מיחדת 600 גרם</ItemName>
      <ManufactureName>קבוצת אוסם סחר-שות.מוגבלת</ManufactureName>
      <ManufactureCountry />
      <ManufactureItemDescription />
      <UnitQty>י"ח</UnitQty>
      <Quantity>500</Quantity>
      <UnitMeasure>ל  גרם</UnitMeasure>
      <BisWeighted>0</BisWeighted>
      <QtyInPackage>1</QtyInPackage>
      <ItemPrice>6.90</ItemPrice>
      <UnitOfMeasurePrice>1.38</UnitOfMeasurePrice>
      <AllowDiscount>1</AllowDiscount>
      <itemStatus>1</itemStatus>
      <LastUpdateDate />
      <LastUpdateTime />
    </Product>
    <Product>
      <PriceUpdateDate>2018/03/19 09:28</PriceUpdateDate>
      <ItemCode>7290111563898</ItemCode>
      <ItemType>1</ItemType>
      <ItemName>פודינג אינסטנט לימון 83ג</ItemName>
      <ManufactureName>קבוצת אוסם סחר-שות.מוגבלת</ManufactureName>
      <ManufactureCountry />
      <ManufactureItemDescription />
      <UnitQty>י"ח</UnitQty>
      <Quantity>83</Quantity>
      <UnitMeasure>ל  גרם</UnitMeasure>
      <BisWeighted>0</BisWeighted>
      <QtyInPackage>1</QtyInPackage>
      <ItemPrice>5.70</ItemPrice>
      <UnitOfMeasurePrice>6.87</UnitOfMeasurePrice>
      <AllowDiscount>1</AllowDiscount>
      <itemStatus>1</itemStatus>
      <LastUpdateDate />
      <LastUpdateTime />
    </Product>
    <Product>
      <PriceUpdateDate>2019/07/02 08:54</PriceUpdateDate>
      <ItemCode>7290111563928</ItemCode>
      <ItemType>1</ItemType>
      <ItemName>אפרופו שוקולד מצונן 40גר</ItemName>
      <ManufactureName>קבוצת אוסם סחר-שות.מוגבלת</ManufactureName>
      <ManufactureCountry />
      <ManufactureItemDescription />
      <UnitQty>י"ח</UnitQty>
      <Quantity>50</Quantity>
      <UnitMeasure>ל  גרם</UnitMeasure>
      <BisWeighted>0</BisWeighted>
      <QtyInPackage>1</QtyInPackage>
      <ItemPrice>5</ItemPrice>
      <UnitOfMeasurePrice>10</UnitOfMeasurePrice>
      <AllowDiscount>1</AllowDiscount>
      <itemStatus>1</itemStatus>
      <LastUpdateDate />
      <LastUpdateTime />
    </Product>
    <Product>
      <PriceUpdateDate>2018/01/23 08:40</PriceUpdateDate>
      <ItemCode>7290111564543</ItemCode>
      <ItemType>1</ItemType>
      <ItemName>לה פרוטה רימון תפוח 70ג</ItemName>
      <ManufactureName>נגה גלידות</ManufactureName>
      <ManufactureCountry />
      <ManufactureItemDescription />
      <UnitQty>י"ח</UnitQty>
      <Quantity>70</Quantity>
      <UnitMeasure>ל  גרם</UnitMeasure>
      <BisWeighted>0</BisWeighted>
      <QtyInPackage>1</QtyInPackage>
      <ItemPrice>6.90</ItemPrice>
      <UnitOfMeasurePrice>9.86</UnitOfMeasurePrice>
      <AllowDiscount>1</AllowDiscount>
      <itemStatus>1</itemStatus>
      <LastUpdateDate />
      <LastUpdateTime />
    </Product>
    <Product>
      <PriceUpdateDate>2017/12/17 10:31</PriceUpdateDate>
      <ItemCode>7290111564598</ItemCode>
      <ItemType>1</ItemType>
      <ItemName>במבה במילוי קרם וניל ובראוניס</ItemName>
      <ManufactureName>קבוצת אוסם סחר-שות.מוגבלת</ManufactureName>
      <ManufactureCountry />
      <ManufactureItemDescription />
      <UnitQty>י"ח</UnitQty>
      <Quantity>60</Quantity>
      <UnitMeasure>ל  גרם</UnitMeasure>
      <BisWeighted>0</BisWeighted>
      <QtyInPackage>1</QtyInPackage>
      <ItemPrice>4.80</ItemPrice>
      <UnitOfMeasurePrice>8</UnitOfMeasurePrice>
      <AllowDiscount>1</AllowDiscount>
      <itemStatus>1</itemStatus>
      <LastUpdateDate />
      <LastUpdateTime />
    </Product>
    <Product>
      <PriceUpdateDate>2018/02/27 10:20</PriceUpdateDate>
      <ItemCode>7290111564642</ItemCode>
      <ItemType>1</ItemType>
      <ItemName>טבעול כהמבורגר מן הצומח  630גר</ItemName>
      <ManufactureName>קבוצת אוסם סחר-שות.מוגבלת</ManufactureName>
      <ManufactureCountry />
      <ManufactureItemDescription />
      <UnitQty>י"ח</UnitQty>
      <Quantity>500</Quantity>
      <UnitMeasure>ל  גרם</UnitMeasure>
      <BisWeighted>0</BisWeighted>
      <QtyInPackage>1</QtyInPackage>
      <ItemPrice>29.90</ItemPrice>
      <UnitOfMeasurePrice>5.98</UnitOfMeasurePrice>
      <AllowDiscount>1</AllowDiscount>
      <itemStatus>1</itemStatus>
      <LastUpdateDate />
      <LastUpdateTime />
    </Product>
    <Product>
      <PriceUpdateDate>2018/02/27 10:20</PriceUpdateDate>
      <ItemCode>7290111564666</ItemCode>
      <ItemType>1</ItemType>
      <ItemName>טבעול כדורי בשר מן הצומח  500גר</ItemName>
      <ManufactureName>קבוצת אוסם סחר-שות.מוגבלת</ManufactureName>
      <ManufactureCountry />
      <ManufactureItemDescription />
      <UnitQty>י"ח</UnitQty>
      <Quantity>500</Quantity>
      <UnitMeasure>ל  גרם</UnitMeasure>
      <BisWeighted>0</BisWeighted>
      <QtyInPackage>1</QtyInPackage>
      <ItemPrice>29.90</ItemPrice>
      <UnitOfMeasurePrice>5.98</UnitOfMeasurePrice>
      <AllowDiscount>1</AllowDiscount>
      <itemStatus>1</itemStatus>
      <LastUpdateDate />
      <LastUpdateTime />
    </Product>
    <Product>
      <PriceUpdateDate>2018/06/11 07:50</PriceUpdateDate>
      <ItemCode>7290111564680</ItemCode>
      <ItemType>1</ItemType>
      <ItemName>במבה במילוי אייסקפה</ItemName>
      <ManufactureName>קבוצת אוסם סחר-שות.מוגבלת</ManufactureName>
      <ManufactureCountry />
      <ManufactureItemDescription />
      <UnitQty>י"ח</UnitQty>
      <Quantity>60</Quantity>
      <UnitMeasure>ל  גרם</UnitMeasure>
      <BisWeighted>0</BisWeighted>
      <QtyInPackage>1</QtyInPackage>
      <ItemPrice>4.80</ItemPrice>
      <UnitOfMeasurePrice>8</UnitOfMeasurePrice>
      <AllowDiscount>1</AllowDiscount>
      <itemStatus>1</itemStatus>
      <LastUpdateDate />
      <LastUpdateTime />
    </Product>
    <Product>
      <PriceUpdateDate>2018/07/15 15:20</PriceUpdateDate>
      <ItemCode>7290111564819</ItemCode>
      <ItemType>1</ItemType>
      <ItemName>אח של ביסלי  מעושן 70ג</ItemName>
      <ManufactureName>קבוצת אוסם סחר-שות.מוגבלת</ManufactureName>
      <ManufactureCountry />
      <ManufactureItemDescription />
      <UnitQty>י"ח</UnitQty>
      <Quantity>70</Quantity>
      <UnitMeasure>ל  גרם</UnitMeasure>
      <BisWeighted>0</BisWeighted>
      <QtyInPackage>1</QtyInPackage>
      <ItemPrice>4.90</ItemPrice>
      <UnitOfMeasurePrice>7</UnitOfMeasurePrice>
      <AllowDiscount>1</AllowDiscount>
      <itemStatus>1</itemStatus>
      <LastUpdateDate />
      <LastUpdateTime />
    </Product>
    <Product>
      <PriceUpdateDate>2019/01/10 08:51</PriceUpdateDate>
      <ItemCode>7290111564918</ItemCode>
      <ItemType>1</ItemType>
      <ItemName>פוש איט בננה וסוכריות שוקולד</ItemName>
      <ManufactureName>נגה גלידות</ManufactureName>
      <ManufactureCountry />
      <ManufactureItemDescription />
      <UnitQty>י"ח</UnitQty>
      <Quantity>65</Quantity>
      <UnitMeasure>ל  גרם</UnitMeasure>
      <BisWeighted>0</BisWeighted>
      <QtyInPackage>1</QtyInPackage>
      <ItemPrice>12.90</ItemPrice>
      <UnitOfMeasurePrice>19.85</UnitOfMeasurePrice>
      <AllowDiscount>1</AllowDiscount>
      <itemStatus>1</itemStatus>
      <LastUpdateDate />
      <LastUpdateTime />
    </Product>
    <Product>
      <PriceUpdateDate>2018/07/15 15:20</PriceUpdateDate>
      <ItemCode>7290111564932</ItemCode>
      <ItemType>1</ItemType>
      <ItemName>אח של ביסלי ספייסי צילי  70ג</ItemName>
      <ManufactureName>קבוצת אוסם סחר-שות.מוגבלת</ManufactureName>
      <ManufactureCountry />
      <ManufactureItemDescription />
      <UnitQty>י"ח</UnitQty>
      <Quantity>70</Quantity>
      <UnitMeasure>ל  גרם</UnitMeasure>
      <BisWeighted>0</BisWeighted>
      <QtyInPackage>1</QtyInPackage>
      <ItemPrice>4.90</ItemPrice>
      <UnitOfMeasurePrice>7</UnitOfMeasurePrice>
      <AllowDiscount>1</AllowDiscount>
      <itemStatus>1</itemStatus>
      <LastUpdateDate />
      <LastUpdateTime />
    </Product>
    <Product>
      <PriceUpdateDate>2018/01/23 08:40</PriceUpdateDate>
      <ItemCode>7290111565120</ItemCode>
      <ItemType>1</ItemType>
      <ItemName>אקסטרים מטבע שוק. לוז</ItemName>
      <ManufactureName>נגה גלידות</ManufactureName>
      <ManufactureCountry />
      <ManufactureItemDescription />
      <UnitQty>י"ח</UnitQty>
      <Quantity>115</Quantity>
      <UnitMeasure>ל  גרם</UnitMeasure>
      <BisWeighted>0</BisWeighted>
      <QtyInPackage>1</QtyInPackage>
      <ItemPrice>12.90</ItemPrice>
      <UnitOfMeasurePrice>11.22</UnitOfMeasurePrice>
      <AllowDiscount>1</AllowDiscount>
      <itemStatus>1</itemStatus>
      <LastUpdateDate />
      <LastUpdateTime />
    </Product>
    <Product>
      <PriceUpdateDate>2018/01/23 08:40</PriceUpdateDate>
      <ItemCode>7290111565144</ItemCode>
      <ItemType>1</ItemType>
      <ItemName>אקסטרים מטבע שוק. לבן</ItemName>
      <ManufactureName>נגה גלידות</ManufactureName>
      <ManufactureCountry />
      <ManufactureItemDescription />
      <UnitQty>י"ח</UnitQty>
      <Quantity>115</Quantity>
      <UnitMeasure>ל  גרם</UnitMeasure>
      <BisWeighted>0</BisWeighted>
      <QtyInPackage>1</QtyInPackage>
      <ItemPrice>12.90</ItemPrice>
      <UnitOfMeasurePrice>11.22</UnitOfMeasurePrice>
      <AllowDiscount>1</AllowDiscount>
      <itemStatus>1</itemStatus>
      <LastUpdateDate />
      <LastUpdateTime />
    </Product>
    <Product>
      <PriceUpdateDate>2018/04/26 11:24</PriceUpdateDate>
      <ItemCode>7290111565168</ItemCode>
      <ItemType>1</ItemType>
      <ItemName>טבעול חזה בגריל צמחי 560גר</ItemName>
      <ManufactureName>קבוצת אוסם סחר-שות.מוגבלת</ManufactureName>
      <ManufactureCountry />
      <ManufactureItemDescription />
      <UnitQty>י"ח</UnitQty>
      <Quantity>560</Quantity>
      <UnitMeasure>ל  גרם</UnitMeasure>
      <BisWeighted>0</BisWeighted>
      <QtyInPackage>1</QtyInPackage>
      <ItemPrice>31.90</ItemPrice>
      <UnitOfMeasurePrice>5.70</UnitOfMeasurePrice>
      <AllowDiscount>1</AllowDiscount>
      <itemStatus>1</itemStatus>
      <LastUpdateDate />
      <LastUpdateTime />
    </Product>
    <Product>
      <PriceUpdateDate>2018/04/26 11:24</PriceUpdateDate>
      <ItemCode>7290111565182</ItemCode>
      <ItemType>1</ItemType>
      <ItemName>טבעול קציצות ירקות וקטניות 525גר</ItemName>
      <ManufactureName>קבוצת אוסם סחר-שות.מוגבלת</ManufactureName>
      <ManufactureCountry />
      <ManufactureItemDescription />
      <UnitQty>י"ח</UnitQty>
      <Quantity>525</Quantity>
      <UnitMeasure>ל  גרם</UnitMeasure>
      <BisWeighted>0</BisWeighted>
      <QtyInPackage>1</QtyInPackage>
      <ItemPrice>31.90</ItemPrice>
      <UnitOfMeasurePrice>6.08</UnitOfMeasurePrice>
      <AllowDiscount>1</AllowDiscount>
      <itemStatus>1</itemStatus>
      <LastUpdateDate />
      <LastUpdateTime />
    </Product>
    <Product>
      <PriceUpdateDate>2018/01/23 08:40</PriceUpdateDate>
      <ItemCode>7290111565502</ItemCode>
      <ItemType>1</ItemType>
      <ItemName>גלידת  אוראו סנדוויץ</ItemName>
      <ManufactureName>נגה גלידות</ManufactureName>
      <ManufactureCountry />
      <ManufactureItemDescription />
      <UnitQty>י"ח</UnitQty>
      <Quantity>80</Quantity>
      <UnitMeasure>ל  גרם</UnitMeasure>
      <BisWeighted>0</BisWeighted>
      <QtyInPackage>1</QtyInPackage>
      <ItemPrice>12.90</ItemPrice>
      <UnitOfMeasurePrice>16.13</UnitOfMeasurePrice>
      <AllowDiscount>1</AllowDiscount>
      <itemStatus>1</itemStatus>
      <LastUpdateDate />
      <LastUpdateTime />
    </Product>
    <Product>
      <PriceUpdateDate>2018/03/19 09:28</PriceUpdateDate>
      <ItemCode>7290111565786</ItemCode>
      <ItemType>1</ItemType>
      <ItemName>פרפקטו פסטה סקונג`גלי 500גר</ItemName>
      <ManufactureName>קבוצת אוסם סחר-שות.מוגבלת</ManufactureName>
      <ManufactureCountry />
      <ManufactureItemDescription />
      <UnitQty>י"ח</UnitQty>
      <Quantity>500</Quantity>
      <UnitMeasure>ל  גרם</UnitMeasure>
      <BisWeighted>0</BisWeighted>
      <QtyInPackage>1</QtyInPackage>
      <ItemPrice>10.90</ItemPrice>
      <UnitOfMeasurePrice>2.18</UnitOfMeasurePrice>
      <AllowDiscount>1</AllowDiscount>
      <itemStatus>1</itemStatus>
      <LastUpdateDate />
      <LastUpdateTime />
    </Product>
    <Product>
      <PriceUpdateDate>2018/03/19 09:28</PriceUpdateDate>
      <ItemCode>7290111565809</ItemCode>
      <ItemType>1</ItemType>
      <ItemName>פרפקטו קנלוני 250גר</ItemName>
      <ManufactureName>קבוצת אוסם סחר-שות.מוגבלת</ManufactureName>
      <ManufactureCountry />
      <ManufactureItemDescription />
      <UnitQty>י"ח</UnitQty>
      <Quantity>500</Quantity>
      <UnitMeasure>ל  גרם</UnitMeasure>
      <BisWeighted>0</BisWeighted>
      <QtyInPackage>1</QtyInPackage>
      <ItemPrice>10.90</ItemPrice>
      <UnitOfMeasurePrice>2.18</UnitOfMeasurePrice>
      <AllowDiscount>1</AllowDiscount>
      <itemStatus>1</itemStatus>
      <LastUpdateDate />
      <LastUpdateTime />
    </Product>
    <Product>
      <PriceUpdateDate>2018/03/19 09:28</PriceUpdateDate>
      <ItemCode>7290111565823</ItemCode>
      <ItemType>1</ItemType>
      <ItemName>פרפקטו קונכיות גדולות 500גר</ItemName>
      <ManufactureName>קבוצת אוסם סחר-שות.מוגבלת</ManufactureName>
      <ManufactureCountry />
      <ManufactureItemDescription />
      <UnitQty>י"ח</UnitQty>
      <Quantity>500</Quantity>
      <UnitMeasure>ל  גרם</UnitMeasure>
      <BisWeighted>0</BisWeighted>
      <QtyInPackage>1</QtyInPackage>
      <ItemPrice>10.90</ItemPrice>
      <UnitOfMeasurePrice>2.18</UnitOfMeasurePrice>
      <AllowDiscount>1</AllowDiscount>
      <itemStatus>1</itemStatus>
      <LastUpdateDate />
      <LastUpdateTime />
    </Product>
    <Product>
      <PriceUpdateDate>2018/01/04 08:35</PriceUpdateDate>
      <ItemCode>7290111565847</ItemCode>
      <ItemType>1</ItemType>
      <ItemName>במבה לבבות 80ג</ItemName>
      <ManufactureName>קבוצת אוסם סחר-שות.מוגבלת</ManufactureName>
      <ManufactureCountry />
      <ManufactureItemDescription />
      <UnitQty>י"ח</UnitQty>
      <Quantity>80</Quantity>
      <UnitMeasure>ל  גרם</UnitMeasure>
      <BisWeighted>0</BisWeighted>
      <QtyInPackage>1</QtyInPackage>
      <ItemPrice>4.60</ItemPrice>
      <UnitOfMeasurePrice>5.75</UnitOfMeasurePrice>
      <AllowDiscount>1</AllowDiscount>
      <itemStatus>1</itemStatus>
      <LastUpdateDate />
      <LastUpdateTime />
    </Product>
    <Product>
      <PriceUpdateDate>2018/03/19 09:28</PriceUpdateDate>
      <ItemCode>7290111565861</ItemCode>
      <ItemType>1</ItemType>
      <ItemName>פרפקטו לזניה ירוקה 500גר</ItemName>
      <ManufactureName>קבוצת אוסם סחר-שות.מוגבלת</ManufactureName>
      <ManufactureCountry />
      <ManufactureItemDescription />
      <UnitQty>י"ח</UnitQty>
      <Quantity>500</Quantity>
      <UnitMeasure>ל  גרם</UnitMeasure>
      <BisWeighted>0</BisWeighted>
      <QtyInPackage>1</QtyInPackage>
      <ItemPrice>10.90</ItemPrice>
      <UnitOfMeasurePrice>2.18</UnitOfMeasurePrice>
      <AllowDiscount>1</AllowDiscount>
      <itemStatus>1</itemStatus>
      <LastUpdateDate />
      <LastUpdateTime />
    </Product>
    <Product>
      <PriceUpdateDate>2018/03/19 09:28</PriceUpdateDate>
      <ItemCode>7290111566066</ItemCode>
      <ItemType>1</ItemType>
      <ItemName>ביסלי במבה מבצל מיקס 80גר</ItemName>
      <ManufactureName>קבוצת אוסם סחר-שות.מוגבלת</ManufactureName>
      <ManufactureCountry />
      <ManufactureItemDescription />
      <UnitQty>י"ח</UnitQty>
      <Quantity>60</Quantity>
      <UnitMeasure>ל  גרם</UnitMeasure>
      <BisWeighted>0</BisWeighted>
      <QtyInPackage>1</QtyInPackage>
      <ItemPrice>5</ItemPrice>
      <UnitOfMeasurePrice>8.33</UnitOfMeasurePrice>
      <AllowDiscount>1</AllowDiscount>
      <itemStatus>1</itemStatus>
      <LastUpdateDate />
      <LastUpdateTime />
    </Product>
    <Product>
      <PriceUpdateDate>2018/01/23 08:40</PriceUpdateDate>
      <ItemCode>7290111566103</ItemCode>
      <ItemType>1</ItemType>
      <ItemName>טבעול פלאפל מרכיבים ביתיים 590גר</ItemName>
      <ManufactureName>קבוצת אוסם סחר-שות.מוגבלת</ManufactureName>
      <ManufactureCountry />
      <ManufactureItemDescription />
      <UnitQty>י"ח</UnitQty>
      <Quantity>590</Quantity>
      <UnitMeasure>ל  גרם</UnitMeasure>
      <BisWeighted>0</BisWeighted>
      <QtyInPackage>1</QtyInPackage>
      <ItemPrice>30.90</ItemPrice>
      <UnitOfMeasurePrice>5.24</UnitOfMeasurePrice>
      <AllowDiscount>1</AllowDiscount>
      <itemStatus>1</itemStatus>
      <LastUpdateDate />
      <LastUpdateTime />
    </Product>
    <Product>
      <PriceUpdateDate>2018/08/05 09:23</PriceUpdateDate>
      <ItemCode>7290111566226</ItemCode>
      <ItemType>1</ItemType>
      <ItemName>טבעול שניצל ברוקולי 667גר</ItemName>
      <ManufactureName>קבוצת אוסם סחר-שות.מוגבלת</ManufactureName>
      <ManufactureCountry />
      <ManufactureItemDescription />
      <UnitQty>י"ח</UnitQty>
      <Quantity>667</Quantity>
      <UnitMeasure>ל  גרם</UnitMeasure>
      <BisWeighted>0</BisWeighted>
      <QtyInPackage>1</QtyInPackage>
      <ItemPrice>30.90</ItemPrice>
      <UnitOfMeasurePrice>4.63</UnitOfMeasurePrice>
      <AllowDiscount>1</AllowDiscount>
      <itemStatus>1</itemStatus>
      <LastUpdateDate />
      <LastUpdateTime />
    </Product>
    <Product>
      <PriceUpdateDate>2018/01/23 08:40</PriceUpdateDate>
      <ItemCode>7290111566240</ItemCode>
      <ItemType>1</ItemType>
      <ItemName>טבעול שניצל דק בטעם צ ילי חריף 564גר</ItemName>
      <ManufactureName>קבוצת אוסם סחר-שות.מוגבלת</ManufactureName>
      <ManufactureCountry />
      <ManufactureItemDescription />
      <UnitQty>י"ח</UnitQty>
      <Quantity>564</Quantity>
      <UnitMeasure>ל  גרם</UnitMeasure>
      <BisWeighted>0</BisWeighted>
      <QtyInPackage>1</QtyInPackage>
      <ItemPrice>30.90</ItemPrice>
      <UnitOfMeasurePrice>5.48</UnitOfMeasurePrice>
      <AllowDiscount>1</AllowDiscount>
      <itemStatus>1</itemStatus>
      <LastUpdateDate />
      <LastUpdateTime />
    </Product>
    <Product>
      <PriceUpdateDate>2018/01/23 08:40</PriceUpdateDate>
      <ItemCode>7290111566271</ItemCode>
      <ItemType>1</ItemType>
      <ItemName>טבעול חטיפי תירס 657גר</ItemName>
      <ManufactureName>קבוצת אוסם סחר-שות.מוגבלת</ManufactureName>
      <ManufactureCountry />
      <ManufactureItemDescription />
      <UnitQty>י"ח</UnitQty>
      <Quantity>657</Quantity>
      <UnitMeasure>ל  גרם</UnitMeasure>
      <BisWeighted>0</BisWeighted>
      <QtyInPackage>1</QtyInPackage>
      <ItemPrice>30.90</ItemPrice>
      <UnitOfMeasurePrice>4.70</UnitOfMeasurePrice>
      <AllowDiscount>1</AllowDiscount>
      <itemStatus>1</itemStatus>
      <LastUpdateDate />
      <LastUpdateTime />
    </Product>
    <Product>
      <PriceUpdateDate>2018/01/23 08:40</PriceUpdateDate>
      <ItemCode>7290111566295</ItemCode>
      <ItemType>1</ItemType>
      <ItemName>טבעול שווארמה צמחונית  500גר</ItemName>
      <ManufactureName>קבוצת אוסם סחר-שות.מוגבלת</ManufactureName>
      <ManufactureCountry />
      <ManufactureItemDescription />
      <UnitQty>י"ח</UnitQty>
      <Quantity>500</Quantity>
      <UnitMeasure>ל  גרם</UnitMeasure>
      <BisWeighted>0</BisWeighted>
      <QtyInPackage>1</QtyInPackage>
      <ItemPrice>31.90</ItemPrice>
      <UnitOfMeasurePrice>6.38</UnitOfMeasurePrice>
      <AllowDiscount>1</AllowDiscount>
      <itemStatus>1</itemStatus>
      <LastUpdateDate />
      <LastUpdateTime />
    </Product>
    <Product>
      <PriceUpdateDate>2018/01/23 08:40</PriceUpdateDate>
      <ItemCode>7290111566318</ItemCode>
      <ItemType>1</ItemType>
      <ItemName>טבעול שניצל דק מן הצומח 564גר</ItemName>
      <ManufactureName>קבוצת אוסם סחר-שות.מוגבלת</ManufactureName>
      <ManufactureCountry />
      <ManufactureItemDescription />
      <UnitQty>י"ח</UnitQty>
      <Quantity>564</Quantity>
      <UnitMeasure>ל  גרם</UnitMeasure>
      <BisWeighted>0</BisWeighted>
      <QtyInPackage>1</QtyInPackage>
      <ItemPrice>30.90</ItemPrice>
      <UnitOfMeasurePrice>5.48</UnitOfMeasurePrice>
      <AllowDiscount>1</AllowDiscount>
      <itemStatus>1</itemStatus>
      <LastUpdateDate />
      <LastUpdateTime />
    </Product>
    <Product>
      <PriceUpdateDate>2018/02/27 10:20</PriceUpdateDate>
      <ItemCode>7290111566332</ItemCode>
      <ItemType>1</ItemType>
      <ItemName>טבעול נקניקיות וינר צמחוניות 680גר</ItemName>
      <ManufactureName>קבוצת אוסם סחר-שות.מוגבלת</ManufactureName>
      <ManufactureCountry />
      <ManufactureItemDescription />
      <UnitQty>י"ח</UnitQty>
      <Quantity>680</Quantity>
      <UnitMeasure>ל  גרם</UnitMeasure>
      <BisWeighted>0</BisWeighted>
      <QtyInPackage>1</QtyInPackage>
      <ItemPrice>29.90</ItemPrice>
      <UnitOfMeasurePrice>4.40</UnitOfMeasurePrice>
      <AllowDiscount>1</AllowDiscount>
      <itemStatus>1</itemStatus>
      <LastUpdateDate />
      <LastUpdateTime />
    </Product>
    <Product>
      <PriceUpdateDate>2018/01/23 08:40</PriceUpdateDate>
      <ItemCode>7290111566417</ItemCode>
      <ItemType>1</ItemType>
      <ItemName>טבעול טחון צמחוני  500 גרם</ItemName>
      <ManufactureName>קבוצת אוסם סחר-שות.מוגבלת</ManufactureName>
      <ManufactureCountry />
      <ManufactureItemDescription />
      <UnitQty>י"ח</UnitQty>
      <Quantity>500</Quantity>
      <UnitMeasure>ל  גרם</UnitMeasure>
      <BisWeighted>0</BisWeighted>
      <QtyInPackage>1</QtyInPackage>
      <ItemPrice>31.90</ItemPrice>
      <UnitOfMeasurePrice>6.38</UnitOfMeasurePrice>
      <AllowDiscount>1</AllowDiscount>
      <itemStatus>1</itemStatus>
      <LastUpdateDate />
      <LastUpdateTime />
    </Product>
    <Product>
      <PriceUpdateDate>2018/01/23 08:40</PriceUpdateDate>
      <ItemCode>7290111566523</ItemCode>
      <ItemType>1</ItemType>
      <ItemName>טבעול קצציצות קינואה וברוקולי 525גר</ItemName>
      <ManufactureName>קבוצת אוסם סחר-שות.מוגבלת</ManufactureName>
      <ManufactureCountry />
      <ManufactureItemDescription />
      <UnitQty>י"ח</UnitQty>
      <Quantity>525</Quantity>
      <UnitMeasure>ל  גרם</UnitMeasure>
      <BisWeighted>0</BisWeighted>
      <QtyInPackage>1</QtyInPackage>
      <ItemPrice>31.90</ItemPrice>
      <UnitOfMeasurePrice>6.08</UnitOfMeasurePrice>
      <AllowDiscount>1</AllowDiscount>
      <itemStatus>1</itemStatus>
      <LastUpdateDate />
      <LastUpdateTime />
    </Product>
    <Product>
      <PriceUpdateDate>2018/01/23 08:40</PriceUpdateDate>
      <ItemCode>7290111566547</ItemCode>
      <ItemType>1</ItemType>
      <ItemName>טבעול חזה בגריל צמחי 560גר</ItemName>
      <ManufactureName>קבוצת אוסם סחר-שות.מוגבלת</ManufactureName>
      <ManufactureCountry />
      <ManufactureItemDescription />
      <UnitQty>י"ח</UnitQty>
      <Quantity>560</Quantity>
      <UnitMeasure>ל  גרם</UnitMeasure>
      <BisWeighted>0</BisWeighted>
      <QtyInPackage>1</QtyInPackage>
      <ItemPrice>31.90</ItemPrice>
      <UnitOfMeasurePrice>5.70</UnitOfMeasurePrice>
      <AllowDiscount>1</AllowDiscount>
      <itemStatus>1</itemStatus>
      <LastUpdateDate />
      <LastUpdateTime />
    </Product>
    <Product>
      <PriceUpdateDate>2018/01/23 08:40</PriceUpdateDate>
      <ItemCode>7290111566561</ItemCode>
      <ItemType>1</ItemType>
      <ItemName>טבעול שניצל ברוקולי 99 קלוריות 560 גרם</ItemName>
      <ManufactureName>קבוצת אוסם סחר-שות.מוגבלת</ManufactureName>
      <ManufactureCountry />
      <ManufactureItemDescription />
      <UnitQty>י"ח</UnitQty>
      <Quantity>560</Quantity>
      <UnitMeasure>ל  גרם</UnitMeasure>
      <BisWeighted>0</BisWeighted>
      <QtyInPackage>1</QtyInPackage>
      <ItemPrice>30.90</ItemPrice>
      <UnitOfMeasurePrice>5.52</UnitOfMeasurePrice>
      <AllowDiscount>1</AllowDiscount>
      <itemStatus>1</itemStatus>
      <LastUpdateDate />
      <LastUpdateTime />
    </Product>
    <Product>
      <PriceUpdateDate>2018/01/23 08:40</PriceUpdateDate>
      <ItemCode>7290111566585</ItemCode>
      <ItemType>1</ItemType>
      <ItemName>טבעול שניצל מן צומח 99 קלוריות 650גר</ItemName>
      <ManufactureName>קבוצת אוסם סחר-שות.מוגבלת</ManufactureName>
      <ManufactureCountry />
      <ManufactureItemDescription />
      <UnitQty>י"ח</UnitQty>
      <Quantity>650</Quantity>
      <UnitMeasure>ל  גרם</UnitMeasure>
      <BisWeighted>0</BisWeighted>
      <QtyInPackage>1</QtyInPackage>
      <ItemPrice>30.90</ItemPrice>
      <UnitOfMeasurePrice>4.75</UnitOfMeasurePrice>
      <AllowDiscount>1</AllowDiscount>
      <itemStatus>1</itemStatus>
      <LastUpdateDate />
      <LastUpdateTime />
    </Product>
    <Product>
      <PriceUpdateDate>2018/01/23 08:40</PriceUpdateDate>
      <ItemCode>7290111566660</ItemCode>
      <ItemType>1</ItemType>
      <ItemName>טבעול קציצות עדשים כתומים 530 ג`</ItemName>
      <ManufactureName>קבוצת אוסם סחר-שות.מוגבלת</ManufactureName>
      <ManufactureCountry />
      <ManufactureItemDescription />
      <UnitQty>י"ח</UnitQty>
      <Quantity>530</Quantity>
      <UnitMeasure>ל  גרם</UnitMeasure>
      <BisWeighted>0</BisWeighted>
      <QtyInPackage>1</QtyInPackage>
      <ItemPrice>30.90</ItemPrice>
      <UnitOfMeasurePrice>5.83</UnitOfMeasurePrice>
      <AllowDiscount>1</AllowDiscount>
      <itemStatus>1</itemStatus>
      <LastUpdateDate />
      <LastUpdateTime />
    </Product>
    <Product>
      <PriceUpdateDate>2018/01/23 08:40</PriceUpdateDate>
      <ItemCode>7290111566691</ItemCode>
      <ItemType>1</ItemType>
      <ItemName>טבעול שניצל תרד 99 קלוריות 560גר</ItemName>
      <ManufactureName>קבוצת אוסם סחר-שות.מוגבלת</ManufactureName>
      <ManufactureCountry />
      <ManufactureItemDescription />
      <UnitQty>י"ח</UnitQty>
      <Quantity>560</Quantity>
      <UnitMeasure>ל  גרם</UnitMeasure>
      <BisWeighted>0</BisWeighted>
      <QtyInPackage>1</QtyInPackage>
      <ItemPrice>30.90</ItemPrice>
      <UnitOfMeasurePrice>5.52</UnitOfMeasurePrice>
      <AllowDiscount>1</AllowDiscount>
      <itemStatus>1</itemStatus>
      <LastUpdateDate />
      <LastUpdateTime />
    </Product>
    <Product>
      <PriceUpdateDate>2018/01/23 08:40</PriceUpdateDate>
      <ItemCode>7290111566714</ItemCode>
      <ItemType>1</ItemType>
      <ItemName>טבעול המבורגר צמחוני 99קלוריות 600 גרם</ItemName>
      <ManufactureName>קבוצת אוסם סחר-שות.מוגבלת</ManufactureName>
      <ManufactureCountry />
      <ManufactureItemDescription />
      <UnitQty>י"ח</UnitQty>
      <Quantity>600</Quantity>
      <UnitMeasure>ל  גרם</UnitMeasure>
      <BisWeighted>0</BisWeighted>
      <QtyInPackage>1</QtyInPackage>
      <ItemPrice>30.90</ItemPrice>
      <UnitOfMeasurePrice>5.15</UnitOfMeasurePrice>
      <AllowDiscount>1</AllowDiscount>
      <itemStatus>1</itemStatus>
      <LastUpdateDate />
      <LastUpdateTime />
    </Product>
    <Product>
      <PriceUpdateDate>2018/01/23 08:40</PriceUpdateDate>
      <ItemCode>7290111566738</ItemCode>
      <ItemType>1</ItemType>
      <ItemName>טבעול מיני המבורגר פטריות טבעול 585ג</ItemName>
      <ManufactureName>קבוצת אוסם סחר-שות.מוגבלת</ManufactureName>
      <ManufactureCountry />
      <ManufactureItemDescription />
      <UnitQty>י"ח</UnitQty>
      <Quantity>585</Quantity>
      <UnitMeasure>ל  גרם</UnitMeasure>
      <BisWeighted>0</BisWeighted>
      <QtyInPackage>1</QtyInPackage>
      <ItemPrice>30.90</ItemPrice>
      <UnitOfMeasurePrice>5.28</UnitOfMeasurePrice>
      <AllowDiscount>1</AllowDiscount>
      <itemStatus>1</itemStatus>
      <LastUpdateDate />
      <LastUpdateTime />
    </Product>
    <Product>
      <PriceUpdateDate>2018/01/23 08:40</PriceUpdateDate>
      <ItemCode>7290111566752</ItemCode>
      <ItemType>1</ItemType>
      <ItemName>טבעול שניצל תירס 99 קלוריות 693 ג</ItemName>
      <ManufactureName>קבוצת אוסם סחר-שות.מוגבלת</ManufactureName>
      <ManufactureCountry />
      <ManufactureItemDescription />
      <UnitQty>י"ח</UnitQty>
      <Quantity>693</Quantity>
      <UnitMeasure>ל  גרם</UnitMeasure>
      <BisWeighted>0</BisWeighted>
      <QtyInPackage>1</QtyInPackage>
      <ItemPrice>30.90</ItemPrice>
      <UnitOfMeasurePrice>4.46</UnitOfMeasurePrice>
      <AllowDiscount>1</AllowDiscount>
      <itemStatus>1</itemStatus>
      <LastUpdateDate />
      <LastUpdateTime />
    </Product>
    <Product>
      <PriceUpdateDate>2018/01/23 08:40</PriceUpdateDate>
      <ItemCode>7290111566776</ItemCode>
      <ItemType>1</ItemType>
      <ItemName>טבעול נקניקיות קוקטייל צמחוניות 680גר</ItemName>
      <ManufactureName>קבוצת אוסם סחר-שות.מוגבלת</ManufactureName>
      <ManufactureCountry />
      <ManufactureItemDescription />
      <UnitQty>י"ח</UnitQty>
      <Quantity>680</Quantity>
      <UnitMeasure>ל  גרם</UnitMeasure>
      <BisWeighted>0</BisWeighted>
      <QtyInPackage>1</QtyInPackage>
      <ItemPrice>30.90</ItemPrice>
      <UnitOfMeasurePrice>4.54</UnitOfMeasurePrice>
      <AllowDiscount>1</AllowDiscount>
      <itemStatus>1</itemStatus>
      <LastUpdateDate />
      <LastUpdateTime />
    </Product>
    <Product>
      <PriceUpdateDate>2018/06/11 07:50</PriceUpdateDate>
      <ItemCode>7290111567599</ItemCode>
      <ItemType>1</ItemType>
      <ItemName>ביסלי הוט צ`יפוטלה 62גר}קטן{</ItemName>
      <ManufactureName>קבוצת אוסם סחר-שות.מוגבלת</ManufactureName>
      <ManufactureCountry />
      <ManufactureItemDescription />
      <UnitQty>י"ח</UnitQty>
      <Quantity>62</Quantity>
      <UnitMeasure>ל  גרם</UnitMeasure>
      <BisWeighted>0</BisWeighted>
      <QtyInPackage>1</QtyInPackage>
      <ItemPrice>3.90</ItemPrice>
      <UnitOfMeasurePrice>6.29</UnitOfMeasurePrice>
      <AllowDiscount>1</AllowDiscount>
      <itemStatus>1</itemStatus>
      <LastUpdateDate />
      <LastUpdateTime />
    </Product>
    <Product>
      <PriceUpdateDate>2018/06/11 07:50</PriceUpdateDate>
      <ItemCode>7290111567650</ItemCode>
      <ItemType>1</ItemType>
      <ItemName>ביסלי הוט חבנרו 62ג קטן</ItemName>
      <ManufactureName>קבוצת אוסם סחר-שות.מוגבלת</ManufactureName>
      <ManufactureCountry />
      <ManufactureItemDescription />
      <UnitQty>י"ח</UnitQty>
      <Quantity>600</Quantity>
      <UnitMeasure>ל  גרם</UnitMeasure>
      <BisWeighted>0</BisWeighted>
      <QtyInPackage>1</QtyInPackage>
      <ItemPrice>3.90</ItemPrice>
      <UnitOfMeasurePrice>0.65</UnitOfMeasurePrice>
      <AllowDiscount>1</AllowDiscount>
      <itemStatus>1</itemStatus>
      <LastUpdateDate />
      <LastUpdateTime />
    </Product>
    <Product>
      <PriceUpdateDate>2018/05/09 11:04</PriceUpdateDate>
      <ItemCode>7290111568374</ItemCode>
      <ItemType>1</ItemType>
      <ItemName>רוטב ספייסי צילי 290מ"ל</ItemName>
      <ManufactureName>קבוצת אוסם סחר-שות.מוגבלת</ManufactureName>
      <ManufactureCountry />
      <ManufactureItemDescription />
      <UnitQty>י"ח</UnitQty>
      <Quantity>290</Quantity>
      <UnitMeasure>ל  גרם</UnitMeasure>
      <BisWeighted>0</BisWeighted>
      <QtyInPackage>1</QtyInPackage>
      <ItemPrice>13.90</ItemPrice>
      <UnitOfMeasurePrice>4.79</UnitOfMeasurePrice>
      <AllowDiscount>1</AllowDiscount>
      <itemStatus>1</itemStatus>
      <LastUpdateDate />
      <LastUpdateTime />
    </Product>
    <Product>
      <PriceUpdateDate>2018/05/09 11:04</PriceUpdateDate>
      <ItemCode>7290111568428</ItemCode>
      <ItemType>1</ItemType>
      <ItemName>רוטב קארי ירוק תאילנדי 290מ"ל</ItemName>
      <ManufactureName>קבוצת אוסם סחר-שות.מוגבלת</ManufactureName>
      <ManufactureCountry />
      <ManufactureItemDescription />
      <UnitQty>י"ח</UnitQty>
      <Quantity>290</Quantity>
      <UnitMeasure>ל  גרם</UnitMeasure>
      <BisWeighted>0</BisWeighted>
      <QtyInPackage>1</QtyInPackage>
      <ItemPrice>13.90</ItemPrice>
      <UnitOfMeasurePrice>4.79</UnitOfMeasurePrice>
      <AllowDiscount>1</AllowDiscount>
      <itemStatus>1</itemStatus>
      <LastUpdateDate />
      <LastUpdateTime />
    </Product>
    <Product>
      <PriceUpdateDate>2020/01/23 08:27</PriceUpdateDate>
      <ItemCode>7290111568442</ItemCode>
      <ItemType>1</ItemType>
      <ItemName>רוטב טריאקי מופחת נתרן סוכר 290מ"ל</ItemName>
      <ManufactureName>קבוצת אוסם סחר-שות.מוגבלת</ManufactureName>
      <ManufactureCountry />
      <ManufactureItemDescription />
      <UnitQty>י"ח</UnitQty>
      <Quantity>290</Quantity>
      <UnitMeasure>ל  מ"ל</UnitMeasure>
      <BisWeighted>0</BisWeighted>
      <QtyInPackage>1</QtyInPackage>
      <ItemPrice>13.90</ItemPrice>
      <UnitOfMeasurePrice>4.79</UnitOfMeasurePrice>
      <AllowDiscount>1</AllowDiscount>
      <itemStatus>1</itemStatus>
      <LastUpdateDate />
      <LastUpdateTime />
    </Product>
    <Product>
      <PriceUpdateDate>2018/05/09 11:04</PriceUpdateDate>
      <ItemCode>7290111568466</ItemCode>
      <ItemType>1</ItemType>
      <ItemName>רוטב אסיאתי למוקפץ 290מ"ל</ItemName>
      <ManufactureName>קבוצת אוסם סחר-שות.מוגבלת</ManufactureName>
      <ManufactureCountry />
      <ManufactureItemDescription />
      <UnitQty>י"ח</UnitQty>
      <Quantity>290</Quantity>
      <UnitMeasure>ל  גרם</UnitMeasure>
      <BisWeighted>0</BisWeighted>
      <QtyInPackage>1</QtyInPackage>
      <ItemPrice>13.90</ItemPrice>
      <UnitOfMeasurePrice>4.79</UnitOfMeasurePrice>
      <AllowDiscount>1</AllowDiscount>
      <itemStatus>1</itemStatus>
      <LastUpdateDate />
      <LastUpdateTime />
    </Product>
    <Product>
      <PriceUpdateDate>2018/05/09 11:04</PriceUpdateDate>
      <ItemCode>7290111568480</ItemCode>
      <ItemType>1</ItemType>
      <ItemName>רוטב אסיאתי חריף למוקפץ 290מ"ל</ItemName>
      <ManufactureName>קבוצת אוסם סחר-שות.מוגבלת</ManufactureName>
      <ManufactureCountry />
      <ManufactureItemDescription />
      <UnitQty>י"ח</UnitQty>
      <Quantity>290</Quantity>
      <UnitMeasure>ל  גרם</UnitMeasure>
      <BisWeighted>0</BisWeighted>
      <QtyInPackage>1</QtyInPackage>
      <ItemPrice>13.90</ItemPrice>
      <UnitOfMeasurePrice>4.79</UnitOfMeasurePrice>
      <AllowDiscount>1</AllowDiscount>
      <itemStatus>1</itemStatus>
      <LastUpdateDate />
      <LastUpdateTime />
    </Product>
    <Product>
      <PriceUpdateDate>2019/07/10 10:51</PriceUpdateDate>
      <ItemCode>7290111568510</ItemCode>
      <ItemType>1</ItemType>
      <ItemName>ביסלי בלאק בורגר טירקס 60ג קטן</ItemName>
      <ManufactureName>קבוצת אוסם סחר-שות.מוגבלת</ManufactureName>
      <ManufactureCountry />
      <ManufactureItemDescription />
      <UnitQty>י"ח</UnitQty>
      <Quantity>600</Quantity>
      <UnitMeasure>ל  גרם</UnitMeasure>
      <BisWeighted>0</BisWeighted>
      <QtyInPackage>1</QtyInPackage>
      <ItemPrice>3.90</ItemPrice>
      <UnitOfMeasurePrice>0.65</UnitOfMeasurePrice>
      <AllowDiscount>1</AllowDiscount>
      <itemStatus>1</itemStatus>
      <LastUpdateDate />
      <LastUpdateTime />
    </Product>
    <Product>
      <PriceUpdateDate>2019/07/10 10:51</PriceUpdateDate>
      <ItemCode>7290111568534</ItemCode>
      <ItemType>1</ItemType>
      <ItemName>אח של ביסלי בלאק  קראנצ`סטיקס 60ג קטן</ItemName>
      <ManufactureName>קבוצת אוסם סחר-שות.מוגבלת</ManufactureName>
      <ManufactureCountry />
      <ManufactureItemDescription />
      <UnitQty>י"ח</UnitQty>
      <Quantity>600</Quantity>
      <UnitMeasure>ל  גרם</UnitMeasure>
      <BisWeighted>0</BisWeighted>
      <QtyInPackage>1</QtyInPackage>
      <ItemPrice>3.90</ItemPrice>
      <UnitOfMeasurePrice>0.65</UnitOfMeasurePrice>
      <AllowDiscount>1</AllowDiscount>
      <itemStatus>1</itemStatus>
      <LastUpdateDate />
      <LastUpdateTime />
    </Product>
    <Product>
      <PriceUpdateDate>2018/07/15 15:20</PriceUpdateDate>
      <ItemCode>7290111568572</ItemCode>
      <ItemType>1</ItemType>
      <ItemName>טבעול נתחוני עוף טבעוני 350גר</ItemName>
      <ManufactureName>קבוצת אוסם סחר-שות.מוגבלת</ManufactureName>
      <ManufactureCountry />
      <ManufactureItemDescription />
      <UnitQty>י"ח</UnitQty>
      <Quantity>500</Quantity>
      <UnitMeasure>ל  גרם</UnitMeasure>
      <BisWeighted>0</BisWeighted>
      <QtyInPackage>1</QtyInPackage>
      <ItemPrice>31.90</ItemPrice>
      <UnitOfMeasurePrice>6.38</UnitOfMeasurePrice>
      <AllowDiscount>1</AllowDiscount>
      <itemStatus>1</itemStatus>
      <LastUpdateDate />
      <LastUpdateTime />
    </Product>
    <Product>
      <PriceUpdateDate>2019/07/02 08:54</PriceUpdateDate>
      <ItemCode>7290111568770</ItemCode>
      <ItemType>1</ItemType>
      <ItemName>דובונים כדורגל 40ג</ItemName>
      <ManufactureName>קבוצת אוסם סחר-שות.מוגבלת</ManufactureName>
      <ManufactureCountry />
      <ManufactureItemDescription />
      <UnitQty>י"ח</UnitQty>
      <Quantity>40</Quantity>
      <UnitMeasure>ל  גרם</UnitMeasure>
      <BisWeighted>0</BisWeighted>
      <QtyInPackage>1</QtyInPackage>
      <ItemPrice>3.90</ItemPrice>
      <UnitOfMeasurePrice>9.75</UnitOfMeasurePrice>
      <AllowDiscount>1</AllowDiscount>
      <itemStatus>1</itemStatus>
      <LastUpdateDate />
      <LastUpdateTime />
    </Product>
    <Product>
      <PriceUpdateDate>2018/06/11 07:50</PriceUpdateDate>
      <ItemCode>7290111568947</ItemCode>
      <ItemType>1</ItemType>
      <ItemName>רוטב וינגרט צ`ילי  290 מ"ל</ItemName>
      <ManufactureName>קבוצת אוסם סחר-שות.מוגבלת</ManufactureName>
      <ManufactureCountry />
      <ManufactureItemDescription />
      <UnitQty>י"ח</UnitQty>
      <Quantity>375</Quantity>
      <UnitMeasure>ל  גרם</UnitMeasure>
      <BisWeighted>0</BisWeighted>
      <QtyInPackage>1</QtyInPackage>
      <ItemPrice>10.90</ItemPrice>
      <UnitOfMeasurePrice>2.91</UnitOfMeasurePrice>
      <AllowDiscount>1</AllowDiscount>
      <itemStatus>1</itemStatus>
      <LastUpdateDate />
      <LastUpdateTime />
    </Product>
    <Product>
      <PriceUpdateDate>2019/04/14 10:08</PriceUpdateDate>
      <ItemCode>7290111569500</ItemCode>
      <ItemType>1</ItemType>
      <ItemName>פודינג אינסטנט פירות טרופיים 80ג</ItemName>
      <ManufactureName>קבוצת אוסם סחר-שות.מוגבלת</ManufactureName>
      <ManufactureCountry />
      <ManufactureItemDescription />
      <UnitQty>י"ח</UnitQty>
      <Quantity>80</Quantity>
      <UnitMeasure>ל  גרם</UnitMeasure>
      <BisWeighted>0</BisWeighted>
      <QtyInPackage>1</QtyInPackage>
      <ItemPrice>5.70</ItemPrice>
      <UnitOfMeasurePrice>7.13</UnitOfMeasurePrice>
      <AllowDiscount>1</AllowDiscount>
      <itemStatus>1</itemStatus>
      <LastUpdateDate />
      <LastUpdateTime />
    </Product>
    <Product>
      <PriceUpdateDate>2019/04/14 10:08</PriceUpdateDate>
      <ItemCode>7290111569548</ItemCode>
      <ItemType>1</ItemType>
      <ItemName>גלי טעם  פירות טרופיים 80ג</ItemName>
      <ManufactureName>קבוצת אוסם סחר-שות.מוגבלת</ManufactureName>
      <ManufactureCountry />
      <ManufactureItemDescription />
      <UnitQty>י"ח</UnitQty>
      <Quantity>80</Quantity>
      <UnitMeasure>ל  גרם</UnitMeasure>
      <BisWeighted>0</BisWeighted>
      <QtyInPackage>1</QtyInPackage>
      <ItemPrice>5.70</ItemPrice>
      <UnitOfMeasurePrice>7.13</UnitOfMeasurePrice>
      <AllowDiscount>1</AllowDiscount>
      <itemStatus>1</itemStatus>
      <LastUpdateDate />
      <LastUpdateTime />
    </Product>
    <Product>
      <PriceUpdateDate>2017/08/07 09:15</PriceUpdateDate>
      <ItemCode>7290111930799</ItemCode>
      <ItemType>1</ItemType>
      <ItemName>קראנצ וס בצל  55ג חדש</ItemName>
      <ManufactureName>ש.שסטוביץ בעמ</ManufactureName>
      <ManufactureCountry />
      <ManufactureItemDescription />
      <UnitQty>י"ח</UnitQty>
      <Quantity>55</Quantity>
      <UnitMeasure>ל  גרם</UnitMeasure>
      <BisWeighted>0</BisWeighted>
      <QtyInPackage>1</QtyInPackage>
      <ItemPrice>3.90</ItemPrice>
      <UnitOfMeasurePrice>7.09</UnitOfMeasurePrice>
      <AllowDiscount>1</AllowDiscount>
      <itemStatus>1</itemStatus>
      <LastUpdateDate />
      <LastUpdateTime />
    </Product>
    <Product>
      <PriceUpdateDate>2017/08/07 09:15</PriceUpdateDate>
      <ItemCode>7290111930805</ItemCode>
      <ItemType>1</ItemType>
      <ItemName>קראנצ וס ברביקיו  55ג חדש</ItemName>
      <ManufactureName>ש.שסטוביץ בעמ</ManufactureName>
      <ManufactureCountry />
      <ManufactureItemDescription />
      <UnitQty>י"ח</UnitQty>
      <Quantity>55</Quantity>
      <UnitMeasure>ל  גרם</UnitMeasure>
      <BisWeighted>0</BisWeighted>
      <QtyInPackage>1</QtyInPackage>
      <ItemPrice>3.90</ItemPrice>
      <UnitOfMeasurePrice>7.09</UnitOfMeasurePrice>
      <AllowDiscount>1</AllowDiscount>
      <itemStatus>1</itemStatus>
      <LastUpdateDate />
      <LastUpdateTime />
    </Product>
    <Product>
      <PriceUpdateDate>2017/08/07 09:15</PriceUpdateDate>
      <ItemCode>7290111930812</ItemCode>
      <ItemType>1</ItemType>
      <ItemName>קראנצ וס גריל 200ג  חדש</ItemName>
      <ManufactureName>ש.שסטוביץ בעמ</ManufactureName>
      <ManufactureCountry />
      <ManufactureItemDescription />
      <UnitQty>י"ח</UnitQty>
      <Quantity>200</Quantity>
      <UnitMeasure>ל  גרם</UnitMeasure>
      <BisWeighted>0</BisWeighted>
      <QtyInPackage>1</QtyInPackage>
      <ItemPrice>7.90</ItemPrice>
      <UnitOfMeasurePrice>3.95</UnitOfMeasurePrice>
      <AllowDiscount>1</AllowDiscount>
      <itemStatus>1</itemStatus>
      <LastUpdateDate />
      <LastUpdateTime />
    </Product>
    <Product>
      <PriceUpdateDate>2017/08/07 09:15</PriceUpdateDate>
      <ItemCode>7290111930829</ItemCode>
      <ItemType>1</ItemType>
      <ItemName>קראנצ וס ברביקיו  200ג  חדש</ItemName>
      <ManufactureName>ש.שסטוביץ בעמ</ManufactureName>
      <ManufactureCountry />
      <ManufactureItemDescription />
      <UnitQty>י"ח</UnitQty>
      <Quantity>200</Quantity>
      <UnitMeasure>ל  גרם</UnitMeasure>
      <BisWeighted>0</BisWeighted>
      <QtyInPackage>1</QtyInPackage>
      <ItemPrice>7.90</ItemPrice>
      <UnitOfMeasurePrice>3.95</UnitOfMeasurePrice>
      <AllowDiscount>1</AllowDiscount>
      <itemStatus>1</itemStatus>
      <LastUpdateDate />
      <LastUpdateTime />
    </Product>
    <Product>
      <PriceUpdateDate>2017/08/07 09:15</PriceUpdateDate>
      <ItemCode>7290111930836</ItemCode>
      <ItemType>1</ItemType>
      <ItemName>קראנצ וס פלאפל  200ג  חדש</ItemName>
      <ManufactureName>ש.שסטוביץ בעמ</ManufactureName>
      <ManufactureCountry />
      <ManufactureItemDescription />
      <UnitQty>י"ח</UnitQty>
      <Quantity>200</Quantity>
      <UnitMeasure>ל  גרם</UnitMeasure>
      <BisWeighted>0</BisWeighted>
      <QtyInPackage>1</QtyInPackage>
      <ItemPrice>7.90</ItemPrice>
      <UnitOfMeasurePrice>3.95</UnitOfMeasurePrice>
      <AllowDiscount>1</AllowDiscount>
      <itemStatus>1</itemStatus>
      <LastUpdateDate />
      <LastUpdateTime />
    </Product>
    <Product>
      <PriceUpdateDate>2017/08/07 09:15</PriceUpdateDate>
      <ItemCode>7290111930843</ItemCode>
      <ItemType>1</ItemType>
      <ItemName>קראנצ וס בצל  200ג  חדש</ItemName>
      <ManufactureName>ש.שסטוביץ בעמ</ManufactureName>
      <ManufactureCountry />
      <ManufactureItemDescription />
      <UnitQty>י"ח</UnitQty>
      <Quantity>200</Quantity>
      <UnitMeasure>ל  גרם</UnitMeasure>
      <BisWeighted>0</BisWeighted>
      <QtyInPackage>1</QtyInPackage>
      <ItemPrice>7.90</ItemPrice>
      <UnitOfMeasurePrice>3.95</UnitOfMeasurePrice>
      <AllowDiscount>1</AllowDiscount>
      <itemStatus>1</itemStatus>
      <LastUpdateDate />
      <LastUpdateTime />
    </Product>
    <Product>
      <PriceUpdateDate>2017/08/07 09:15</PriceUpdateDate>
      <ItemCode>7290111930850</ItemCode>
      <ItemType>1</ItemType>
      <ItemName>קראנצ וס פיצה  55ג חדש</ItemName>
      <ManufactureName>ש.שסטוביץ בעמ</ManufactureName>
      <ManufactureCountry />
      <ManufactureItemDescription />
      <UnitQty>י"ח</UnitQty>
      <Quantity>55</Quantity>
      <UnitMeasure>ל  גרם</UnitMeasure>
      <BisWeighted>0</BisWeighted>
      <QtyInPackage>1</QtyInPackage>
      <ItemPrice>3.90</ItemPrice>
      <UnitOfMeasurePrice>7.09</UnitOfMeasurePrice>
      <AllowDiscount>1</AllowDiscount>
      <itemStatus>1</itemStatus>
      <LastUpdateDate />
      <LastUpdateTime />
    </Product>
    <Product>
      <PriceUpdateDate>2017/08/07 09:15</PriceUpdateDate>
      <ItemCode>7290111930867</ItemCode>
      <ItemType>1</ItemType>
      <ItemName>קראנצ וס מיקס בוטנים 40ג חדש</ItemName>
      <ManufactureName>ש.שסטוביץ בעמ</ManufactureName>
      <ManufactureCountry />
      <ManufactureItemDescription />
      <UnitQty>י"ח</UnitQty>
      <Quantity>40</Quantity>
      <UnitMeasure>ל  גרם</UnitMeasure>
      <BisWeighted>0</BisWeighted>
      <QtyInPackage>1</QtyInPackage>
      <ItemPrice>3.90</ItemPrice>
      <UnitOfMeasurePrice>9.75</UnitOfMeasurePrice>
      <AllowDiscount>1</AllowDiscount>
      <itemStatus>1</itemStatus>
      <LastUpdateDate />
      <LastUpdateTime />
    </Product>
    <Product>
      <PriceUpdateDate>2017/08/07 09:15</PriceUpdateDate>
      <ItemCode>7290111930874</ItemCode>
      <ItemType>1</ItemType>
      <ItemName>קראנצ וס ציפס בטעם טבעי  40ג חדש</ItemName>
      <ManufactureName>ש.שסטוביץ בעמ</ManufactureName>
      <ManufactureCountry />
      <ManufactureItemDescription />
      <UnitQty>י"ח</UnitQty>
      <Quantity>40</Quantity>
      <UnitMeasure>ל  גרם</UnitMeasure>
      <BisWeighted>0</BisWeighted>
      <QtyInPackage>1</QtyInPackage>
      <ItemPrice>3.90</ItemPrice>
      <UnitOfMeasurePrice>9.75</UnitOfMeasurePrice>
      <AllowDiscount>1</AllowDiscount>
      <itemStatus>1</itemStatus>
      <LastUpdateDate />
      <LastUpdateTime />
    </Product>
    <Product>
      <PriceUpdateDate>2017/08/07 09:15</PriceUpdateDate>
      <ItemCode>7290111930881</ItemCode>
      <ItemType>1</ItemType>
      <ItemName>קראנצ וס ציפס גלי  40ג חדש</ItemName>
      <ManufactureName>ש.שסטוביץ בעמ</ManufactureName>
      <ManufactureCountry />
      <ManufactureItemDescription />
      <UnitQty>י"ח</UnitQty>
      <Quantity>40</Quantity>
      <UnitMeasure>ל  גרם</UnitMeasure>
      <BisWeighted>0</BisWeighted>
      <QtyInPackage>1</QtyInPackage>
      <ItemPrice>3.90</ItemPrice>
      <UnitOfMeasurePrice>9.75</UnitOfMeasurePrice>
      <AllowDiscount>1</AllowDiscount>
      <itemStatus>1</itemStatus>
      <LastUpdateDate />
      <LastUpdateTime />
    </Product>
    <Product>
      <PriceUpdateDate>2018/07/15 15:22</PriceUpdateDate>
      <ItemCode>7290111930898</ItemCode>
      <ItemType>1</ItemType>
      <ItemName>פוף כוכבים גריל  40ג</ItemName>
      <ManufactureName>ש.שסטוביץ בעמ</ManufactureName>
      <ManufactureCountry />
      <ManufactureItemDescription />
      <UnitQty>י"ח</UnitQty>
      <Quantity>40</Quantity>
      <UnitMeasure>ל  גרם</UnitMeasure>
      <BisWeighted>0</BisWeighted>
      <QtyInPackage>1</QtyInPackage>
      <ItemPrice>4.20</ItemPrice>
      <UnitOfMeasurePrice>10.50</UnitOfMeasurePrice>
      <AllowDiscount>1</AllowDiscount>
      <itemStatus>1</itemStatus>
      <LastUpdateDate />
      <LastUpdateTime />
    </Product>
    <Product>
      <PriceUpdateDate>2018/07/15 15:22</PriceUpdateDate>
      <ItemCode>7290111930904</ItemCode>
      <ItemType>1</ItemType>
      <ItemName>פוף כוכבים בצל  40ג</ItemName>
      <ManufactureName>ש.שסטוביץ בעמ</ManufactureName>
      <ManufactureCountry />
      <ManufactureItemDescription />
      <UnitQty>י"ח</UnitQty>
      <Quantity>40</Quantity>
      <UnitMeasure>ל  גרם</UnitMeasure>
      <BisWeighted>0</BisWeighted>
      <QtyInPackage>1</QtyInPackage>
      <ItemPrice>4.20</ItemPrice>
      <UnitOfMeasurePrice>10.50</UnitOfMeasurePrice>
      <AllowDiscount>1</AllowDiscount>
      <itemStatus>1</itemStatus>
      <LastUpdateDate />
      <LastUpdateTime />
    </Product>
    <Product>
      <PriceUpdateDate>2018/07/15 15:22</PriceUpdateDate>
      <ItemCode>7290111930911</ItemCode>
      <ItemType>1</ItemType>
      <ItemName>פוף לבבות קלאסי 40ג</ItemName>
      <ManufactureName>ש.שסטוביץ בעמ</ManufactureName>
      <ManufactureCountry />
      <ManufactureItemDescription />
      <UnitQty>י"ח</UnitQty>
      <Quantity>40</Quantity>
      <UnitMeasure>ל  גרם</UnitMeasure>
      <BisWeighted>0</BisWeighted>
      <QtyInPackage>1</QtyInPackage>
      <ItemPrice>4.20</ItemPrice>
      <UnitOfMeasurePrice>10.50</UnitOfMeasurePrice>
      <AllowDiscount>1</AllowDiscount>
      <itemStatus>1</itemStatus>
      <LastUpdateDate />
      <LastUpdateTime />
    </Product>
    <Product>
      <PriceUpdateDate>2018/07/15 15:22</PriceUpdateDate>
      <ItemCode>7290111930928</ItemCode>
      <ItemType>1</ItemType>
      <ItemName>פוף לבבות גריל  40ג</ItemName>
      <ManufactureName>ש.שסטוביץ בעמ</ManufactureName>
      <ManufactureCountry />
      <ManufactureItemDescription />
      <UnitQty>י"ח</UnitQty>
      <Quantity>40</Quantity>
      <UnitMeasure>ל  גרם</UnitMeasure>
      <BisWeighted>0</BisWeighted>
      <QtyInPackage>1</QtyInPackage>
      <ItemPrice>4.20</ItemPrice>
      <UnitOfMeasurePrice>10.50</UnitOfMeasurePrice>
      <AllowDiscount>1</AllowDiscount>
      <itemStatus>1</itemStatus>
      <LastUpdateDate />
      <LastUpdateTime />
    </Product>
    <Product>
      <PriceUpdateDate>2018/07/15 15:22</PriceUpdateDate>
      <ItemCode>7290111930935</ItemCode>
      <ItemType>1</ItemType>
      <ItemName>פוף טבעות קלאסי  40ג</ItemName>
      <ManufactureName>ש.שסטוביץ בעמ</ManufactureName>
      <ManufactureCountry />
      <ManufactureItemDescription />
      <UnitQty>י"ח</UnitQty>
      <Quantity>40</Quantity>
      <UnitMeasure>ל  גרם</UnitMeasure>
      <BisWeighted>0</BisWeighted>
      <QtyInPackage>1</QtyInPackage>
      <ItemPrice>4.20</ItemPrice>
      <UnitOfMeasurePrice>10.50</UnitOfMeasurePrice>
      <AllowDiscount>1</AllowDiscount>
      <itemStatus>1</itemStatus>
      <LastUpdateDate />
      <LastUpdateTime />
    </Product>
    <Product>
      <PriceUpdateDate>2018/06/11 13:51</PriceUpdateDate>
      <ItemCode>7290111931321</ItemCode>
      <ItemType>1</ItemType>
      <ItemName>קולגייט סילדים  מיניונים  50מ"ל</ItemName>
      <ManufactureName>ש.שסטוביץ בעמ</ManufactureName>
      <ManufactureCountry />
      <ManufactureItemDescription />
      <UnitQty>י"ח</UnitQty>
      <Quantity>50</Quantity>
      <UnitMeasure>ל  גרם</UnitMeasure>
      <BisWeighted>0</BisWeighted>
      <QtyInPackage>1</QtyInPackage>
      <ItemPrice>11.90</ItemPrice>
      <UnitOfMeasurePrice>23.80</UnitOfMeasurePrice>
      <AllowDiscount>1</AllowDiscount>
      <itemStatus>1</itemStatus>
      <LastUpdateDate />
      <LastUpdateTime />
    </Product>
    <Product>
      <PriceUpdateDate>2019/02/03 09:34</PriceUpdateDate>
      <ItemCode>7290111931338</ItemCode>
      <ItemType>1</ItemType>
      <ItemName>פלמוליב סבון לומינוס תאנה 500מ"ל.</ItemName>
      <ManufactureName>ש.שסטוביץ בעמ</ManufactureName>
      <ManufactureCountry />
      <ManufactureItemDescription />
      <UnitQty>י"ח</UnitQty>
      <Quantity>500</Quantity>
      <UnitMeasure>ל  מ"ל</UnitMeasure>
      <BisWeighted>0</BisWeighted>
      <QtyInPackage>1</QtyInPackage>
      <ItemPrice>15.90</ItemPrice>
      <UnitOfMeasurePrice>3.18</UnitOfMeasurePrice>
      <AllowDiscount>1</AllowDiscount>
      <itemStatus>1</itemStatus>
      <LastUpdateDate />
      <LastUpdateTime />
    </Product>
    <Product>
      <PriceUpdateDate>2018/01/25 09:20</PriceUpdateDate>
      <ItemCode>7290111932144</ItemCode>
      <ItemType>1</ItemType>
      <ItemName>פרי  מארז 1/5 תמרים ואגוזים לוז</ItemName>
      <ManufactureName>ש.שסטוביץ בעמ</ManufactureName>
      <ManufactureCountry />
      <ManufactureItemDescription />
      <UnitQty>י"ח</UnitQty>
      <Quantity>130</Quantity>
      <UnitMeasure>ל  גרם</UnitMeasure>
      <BisWeighted>0</BisWeighted>
      <QtyInPackage>1</QtyInPackage>
      <ItemPrice>16.90</ItemPrice>
      <UnitOfMeasurePrice>13</UnitOfMeasurePrice>
      <AllowDiscount>1</AllowDiscount>
      <itemStatus>1</itemStatus>
      <LastUpdateDate />
      <LastUpdateTime />
    </Product>
    <Product>
      <PriceUpdateDate>2018/09/27 09:06</PriceUpdateDate>
      <ItemCode>7290111932502</ItemCode>
      <ItemType>1</ItemType>
      <ItemName>קולגייט  אופטיק וייט75 מ"ל</ItemName>
      <ManufactureName>ש.שסטוביץ בעמ</ManufactureName>
      <ManufactureCountry />
      <ManufactureItemDescription />
      <UnitQty>י"ח</UnitQty>
      <Quantity>256</Quantity>
      <UnitMeasure>ל  גרם</UnitMeasure>
      <BisWeighted>0</BisWeighted>
      <QtyInPackage>1</QtyInPackage>
      <ItemPrice>29.90</ItemPrice>
      <UnitOfMeasurePrice>11.68</UnitOfMeasurePrice>
      <AllowDiscount>1</AllowDiscount>
      <itemStatus>1</itemStatus>
      <LastUpdateDate />
      <LastUpdateTime />
    </Product>
    <Product>
      <PriceUpdateDate>2020/01/14 09:59</PriceUpdateDate>
      <ItemCode>7290111932601</ItemCode>
      <ItemType>1</ItemType>
      <ItemName>קולגייט מי פה פלקס קלאסי אדום 500מל.</ItemName>
      <ManufactureName>ש.שסטוביץ בעמ</ManufactureName>
      <ManufactureCountry />
      <ManufactureItemDescription />
      <UnitQty>י"ח</UnitQty>
      <Quantity>500</Quantity>
      <UnitMeasure>ל  מ"ל</UnitMeasure>
      <BisWeighted>0</BisWeighted>
      <QtyInPackage>1</QtyInPackage>
      <ItemPrice>29.90</ItemPrice>
      <UnitOfMeasurePrice>5.98</UnitOfMeasurePrice>
      <AllowDiscount>1</AllowDiscount>
      <itemStatus>1</itemStatus>
      <LastUpdateDate />
      <LastUpdateTime />
    </Product>
    <Product>
      <PriceUpdateDate>2018/12/31 14:23</PriceUpdateDate>
      <ItemCode>7290111933318</ItemCode>
      <ItemType>1</ItemType>
      <ItemName>פלמוליב סבון נוזלי מקדמיה משאבה 750 מ</ItemName>
      <ManufactureName>ש.שסטוביץ בעמ</ManufactureName>
      <ManufactureCountry />
      <ManufactureItemDescription />
      <UnitQty>י"ח</UnitQty>
      <Quantity>750</Quantity>
      <UnitMeasure>ל  מ"ל</UnitMeasure>
      <BisWeighted>0</BisWeighted>
      <QtyInPackage>1</QtyInPackage>
      <ItemPrice>17.90</ItemPrice>
      <UnitOfMeasurePrice>2.39</UnitOfMeasurePrice>
      <AllowDiscount>1</AllowDiscount>
      <itemStatus>1</itemStatus>
      <LastUpdateDate />
      <LastUpdateTime />
    </Product>
    <Product>
      <PriceUpdateDate>2018/12/31 14:23</PriceUpdateDate>
      <ItemCode>7290111933325</ItemCode>
      <ItemType>1</ItemType>
      <ItemName>פלמוליב סבון נוזלי אבוקדומ שאבה 750 מ</ItemName>
      <ManufactureName>ש.שסטוביץ בעמ</ManufactureName>
      <ManufactureCountry />
      <ManufactureItemDescription />
      <UnitQty>י"ח</UnitQty>
      <Quantity>750</Quantity>
      <UnitMeasure>ל  מ"ל</UnitMeasure>
      <BisWeighted>0</BisWeighted>
      <QtyInPackage>1</QtyInPackage>
      <ItemPrice>17.90</ItemPrice>
      <UnitOfMeasurePrice>2.39</UnitOfMeasurePrice>
      <AllowDiscount>1</AllowDiscount>
      <itemStatus>1</itemStatus>
      <LastUpdateDate />
      <LastUpdateTime />
    </Product>
    <Product>
      <PriceUpdateDate>2018/05/15 09:17</PriceUpdateDate>
      <ItemCode>7290111933486</ItemCode>
      <ItemType>1</ItemType>
      <ItemName>קראנצ וס גריל 55ג</ItemName>
      <ManufactureName>ש.שסטוביץ בעמ</ManufactureName>
      <ManufactureCountry />
      <ManufactureItemDescription />
      <UnitQty>י"ח</UnitQty>
      <Quantity>55</Quantity>
      <UnitMeasure>ל  גרם</UnitMeasure>
      <BisWeighted>0</BisWeighted>
      <QtyInPackage>1</QtyInPackage>
      <ItemPrice>3.90</ItemPrice>
      <UnitOfMeasurePrice>7.09</UnitOfMeasurePrice>
      <AllowDiscount>1</AllowDiscount>
      <itemStatus>1</itemStatus>
      <LastUpdateDate />
      <LastUpdateTime />
    </Product>
    <Product>
      <PriceUpdateDate>2018/05/15 09:17</PriceUpdateDate>
      <ItemCode>7290111933493</ItemCode>
      <ItemType>1</ItemType>
      <ItemName>קראנצ וס ברביקיו 70ג</ItemName>
      <ManufactureName>ש.שסטוביץ בעמ</ManufactureName>
      <ManufactureCountry />
      <ManufactureItemDescription />
      <UnitQty>י"ח</UnitQty>
      <Quantity>70</Quantity>
      <UnitMeasure>ל  גרם</UnitMeasure>
      <BisWeighted>0</BisWeighted>
      <QtyInPackage>1</QtyInPackage>
      <ItemPrice>3.90</ItemPrice>
      <UnitOfMeasurePrice>5.57</UnitOfMeasurePrice>
      <AllowDiscount>1</AllowDiscount>
      <itemStatus>1</itemStatus>
      <LastUpdateDate />
      <LastUpdateTime />
    </Product>
    <Product>
      <PriceUpdateDate>2018/10/19 07:30</PriceUpdateDate>
      <ItemCode>7290111933554</ItemCode>
      <ItemType>1</ItemType>
      <ItemName>עגבניות קוביות מאסטר שף  400גר*3</ItemName>
      <ManufactureName>ש.שסטוביץ בעמ</ManufactureName>
      <ManufactureCountry />
      <ManufactureItemDescription />
      <UnitQty>י"ח</UnitQty>
      <Quantity>1.20</Quantity>
      <UnitMeasure>ק"ג</UnitMeasure>
      <BisWeighted>0</BisWeighted>
      <QtyInPackage>1</QtyInPackage>
      <ItemPrice>15.90</ItemPrice>
      <UnitOfMeasurePrice>13.25</UnitOfMeasurePrice>
      <AllowDiscount>1</AllowDiscount>
      <itemStatus>1</itemStatus>
      <LastUpdateDate />
      <LastUpdateTime />
    </Product>
    <Product>
      <PriceUpdateDate>2019/10/29 14:29</PriceUpdateDate>
      <ItemCode>7290111935381</ItemCode>
      <ItemType>1</ItemType>
      <ItemName>פלמוליב גל רחצה פרח האירוס  500מ"ל</ItemName>
      <ManufactureName>ש.שסטוביץ בעמ</ManufactureName>
      <ManufactureCountry />
      <ManufactureItemDescription />
      <UnitQty>י"ח</UnitQty>
      <Quantity>500</Quantity>
      <UnitMeasure>ל  מ"ל</UnitMeasure>
      <BisWeighted>0</BisWeighted>
      <QtyInPackage>1</QtyInPackage>
      <ItemPrice>15.90</ItemPrice>
      <UnitOfMeasurePrice>3.18</UnitOfMeasurePrice>
      <AllowDiscount>1</AllowDiscount>
      <itemStatus>1</itemStatus>
      <LastUpdateDate />
      <LastUpdateTime />
    </Product>
    <Product>
      <PriceUpdateDate>2019/10/29 14:29</PriceUpdateDate>
      <ItemCode>7290111935398</ItemCode>
      <ItemType>1</ItemType>
      <ItemName>פלמוליב גל רחצה עם תמציות פרג 500מ"ל</ItemName>
      <ManufactureName>ש.שסטוביץ בעמ</ManufactureName>
      <ManufactureCountry />
      <ManufactureItemDescription />
      <UnitQty>י"ח</UnitQty>
      <Quantity>500</Quantity>
      <UnitMeasure>ל  מ"ל</UnitMeasure>
      <BisWeighted>0</BisWeighted>
      <QtyInPackage>1</QtyInPackage>
      <ItemPrice>15.90</ItemPrice>
      <UnitOfMeasurePrice>3.18</UnitOfMeasurePrice>
      <AllowDiscount>1</AllowDiscount>
      <itemStatus>1</itemStatus>
      <LastUpdateDate />
      <LastUpdateTime />
    </Product>
    <Product>
      <PriceUpdateDate>2019/02/03 09:34</PriceUpdateDate>
      <ItemCode>7290111935404</ItemCode>
      <ItemType>1</ItemType>
      <ItemName>פלמוליב ספא גורמה פטל  500מ"ל</ItemName>
      <ManufactureName>ש.שסטוביץ בעמ</ManufactureName>
      <ManufactureCountry />
      <ManufactureItemDescription />
      <UnitQty>י"ח</UnitQty>
      <Quantity>500</Quantity>
      <UnitMeasure>ל  מ"ל</UnitMeasure>
      <BisWeighted>0</BisWeighted>
      <QtyInPackage>1</QtyInPackage>
      <ItemPrice>15.90</ItemPrice>
      <UnitOfMeasurePrice>3.18</UnitOfMeasurePrice>
      <AllowDiscount>1</AllowDiscount>
      <itemStatus>1</itemStatus>
      <LastUpdateDate />
      <LastUpdateTime />
    </Product>
    <Product>
      <PriceUpdateDate>2019/06/11 08:56</PriceUpdateDate>
      <ItemCode>7290111935800</ItemCode>
      <ItemType>1</ItemType>
      <ItemName>ליידי ספיד סטיק סטיק ויטמין E</ItemName>
      <ManufactureName>ש.שסטוביץ בעמ</ManufactureName>
      <ManufactureCountry />
      <ManufactureItemDescription />
      <UnitQty>י"ח</UnitQty>
      <Quantity>1</Quantity>
      <UnitMeasure />
      <BisWeighted>0</BisWeighted>
      <QtyInPackage>1</QtyInPackage>
      <ItemPrice>24.90</ItemPrice>
      <UnitOfMeasurePrice>24.90</UnitOfMeasurePrice>
      <AllowDiscount>1</AllowDiscount>
      <itemStatus>1</itemStatus>
      <LastUpdateDate />
      <LastUpdateTime />
    </Product>
    <Product>
      <PriceUpdateDate>2019/07/31 11:09</PriceUpdateDate>
      <ItemCode>7290111935817</ItemCode>
      <ItemType>1</ItemType>
      <ItemName>ליידי ספיד סטיק דרמה פנינה סטיק</ItemName>
      <ManufactureName>ש.שסטוביץ בעמ</ManufactureName>
      <ManufactureCountry />
      <ManufactureItemDescription />
      <UnitQty>י"ח</UnitQty>
      <Quantity>45</Quantity>
      <UnitMeasure>ל  מ"ל</UnitMeasure>
      <BisWeighted>0</BisWeighted>
      <QtyInPackage>1</QtyInPackage>
      <ItemPrice>24.90</ItemPrice>
      <UnitOfMeasurePrice>55.33</UnitOfMeasurePrice>
      <AllowDiscount>1</AllowDiscount>
      <itemStatus>1</itemStatus>
      <LastUpdateDate />
      <LastUpdateTime />
    </Product>
    <Product>
      <PriceUpdateDate>2019/10/11 06:48</PriceUpdateDate>
      <ItemCode>7290111935824</ItemCode>
      <ItemType>1</ItemType>
      <ItemName>ליידי ספיד סטיק אומגה 3</ItemName>
      <ManufactureName>ש.שסטוביץ בעמ</ManufactureName>
      <ManufactureCountry />
      <ManufactureItemDescription />
      <UnitQty>י"ח</UnitQty>
      <Quantity>1</Quantity>
      <UnitMeasure />
      <BisWeighted>0</BisWeighted>
      <QtyInPackage>1</QtyInPackage>
      <ItemPrice>24.90</ItemPrice>
      <UnitOfMeasurePrice>24.90</UnitOfMeasurePrice>
      <AllowDiscount>1</AllowDiscount>
      <itemStatus>1</itemStatus>
      <LastUpdateDate />
      <LastUpdateTime />
    </Product>
    <Product>
      <PriceUpdateDate>2019/06/11 08:56</PriceUpdateDate>
      <ItemCode>7290111936203</ItemCode>
      <ItemType>1</ItemType>
      <ItemName>ליידי ספיד סטיק ספריי ויטמין E</ItemName>
      <ManufactureName>ש.שסטוביץ בעמ</ManufactureName>
      <ManufactureCountry />
      <ManufactureItemDescription />
      <UnitQty>י"ח</UnitQty>
      <Quantity>1</Quantity>
      <UnitMeasure />
      <BisWeighted>0</BisWeighted>
      <QtyInPackage>1</QtyInPackage>
      <ItemPrice>21.90</ItemPrice>
      <UnitOfMeasurePrice>21.90</UnitOfMeasurePrice>
      <AllowDiscount>1</AllowDiscount>
      <itemStatus>1</itemStatus>
      <LastUpdateDate />
      <LastUpdateTime />
    </Product>
    <Product>
      <PriceUpdateDate>2019/07/31 11:09</PriceUpdateDate>
      <ItemCode>7290111936210</ItemCode>
      <ItemType>1</ItemType>
      <ItemName>ליידי ספיד ספריי 24/7 ספריי-פנינה </ItemName>
      <ManufactureName>ש.שסטוביץ בעמ</ManufactureName>
      <ManufactureCountry />
      <ManufactureItemDescription />
      <UnitQty>י"ח</UnitQty>
      <Quantity>1</Quantity>
      <UnitMeasure />
      <BisWeighted>0</BisWeighted>
      <QtyInPackage>1</QtyInPackage>
      <ItemPrice>21.90</ItemPrice>
      <UnitOfMeasurePrice>21.90</UnitOfMeasurePrice>
      <AllowDiscount>1</AllowDiscount>
      <itemStatus>1</itemStatus>
      <LastUpdateDate />
      <LastUpdateTime />
    </Product>
    <Product>
      <PriceUpdateDate>2019/10/11 06:48</PriceUpdateDate>
      <ItemCode>7290111936227</ItemCode>
      <ItemType>1</ItemType>
      <ItemName>ליידי ספיד סטיק 24/7 ספריי אומגה 3</ItemName>
      <ManufactureName>ש.שסטוביץ בעמ</ManufactureName>
      <ManufactureCountry />
      <ManufactureItemDescription />
      <UnitQty>י"ח</UnitQty>
      <Quantity>1</Quantity>
      <UnitMeasure />
      <BisWeighted>0</BisWeighted>
      <QtyInPackage>1</QtyInPackage>
      <ItemPrice>21.90</ItemPrice>
      <UnitOfMeasurePrice>21.90</UnitOfMeasurePrice>
      <AllowDiscount>1</AllowDiscount>
      <itemStatus>1</itemStatus>
      <LastUpdateDate />
      <LastUpdateTime />
    </Product>
    <Product>
      <PriceUpdateDate>2019/05/13 08:15</PriceUpdateDate>
      <ItemCode>7290111936241</ItemCode>
      <ItemType>1</ItemType>
      <ItemName>ספיד סטיק ספריי קול אנרגי 140מ"ל</ItemName>
      <ManufactureName>ש.שסטוביץ בעמ</ManufactureName>
      <ManufactureCountry />
      <ManufactureItemDescription />
      <UnitQty>י"ח</UnitQty>
      <Quantity>140</Quantity>
      <UnitMeasure>ל  מ"ל</UnitMeasure>
      <BisWeighted>0</BisWeighted>
      <QtyInPackage>1</QtyInPackage>
      <ItemPrice>22.90</ItemPrice>
      <UnitOfMeasurePrice>16.36</UnitOfMeasurePrice>
      <AllowDiscount>1</AllowDiscount>
      <itemStatus>1</itemStatus>
      <LastUpdateDate />
      <LastUpdateTime />
    </Product>
    <Product>
      <PriceUpdateDate>2019/05/13 08:15</PriceUpdateDate>
      <ItemCode>7290111936258</ItemCode>
      <ItemType>1</ItemType>
      <ItemName>ספיד סטיק ספריי קול פרידום  140מ"ל</ItemName>
      <ManufactureName>ש.שסטוביץ בעמ</ManufactureName>
      <ManufactureCountry />
      <ManufactureItemDescription />
      <UnitQty>י"ח</UnitQty>
      <Quantity>140</Quantity>
      <UnitMeasure>ל  מ"ל</UnitMeasure>
      <BisWeighted>0</BisWeighted>
      <QtyInPackage>1</QtyInPackage>
      <ItemPrice>22.90</ItemPrice>
      <UnitOfMeasurePrice>16.36</UnitOfMeasurePrice>
      <AllowDiscount>1</AllowDiscount>
      <itemStatus>1</itemStatus>
      <LastUpdateDate />
      <LastUpdateTime />
    </Product>
    <Product>
      <PriceUpdateDate>2019/05/13 08:15</PriceUpdateDate>
      <ItemCode>7290111936265</ItemCode>
      <ItemType>1</ItemType>
      <ItemName>ספיד סטיק ספריי קול לייף 140מ"ל</ItemName>
      <ManufactureName>ש.שסטוביץ בעמ</ManufactureName>
      <ManufactureCountry />
      <ManufactureItemDescription />
      <UnitQty>י"ח</UnitQty>
      <Quantity>140</Quantity>
      <UnitMeasure>ל  מ"ל</UnitMeasure>
      <BisWeighted>0</BisWeighted>
      <QtyInPackage>1</QtyInPackage>
      <ItemPrice>22.90</ItemPrice>
      <UnitOfMeasurePrice>16.36</UnitOfMeasurePrice>
      <AllowDiscount>1</AllowDiscount>
      <itemStatus>1</itemStatus>
      <LastUpdateDate />
      <LastUpdateTime />
    </Product>
    <Product>
      <PriceUpdateDate>2019/05/13 08:15</PriceUpdateDate>
      <ItemCode>7290111936296</ItemCode>
      <ItemType>1</ItemType>
      <ItemName>פלמוליב סבון ארומה סנסיישן  750 מ"ל</ItemName>
      <ManufactureName>ש.שסטוביץ בעמ</ManufactureName>
      <ManufactureCountry />
      <ManufactureItemDescription />
      <UnitQty>י"ח</UnitQty>
      <Quantity>750</Quantity>
      <UnitMeasure>ל  מ"ל</UnitMeasure>
      <BisWeighted>0</BisWeighted>
      <QtyInPackage>1</QtyInPackage>
      <ItemPrice>17.90</ItemPrice>
      <UnitOfMeasurePrice>2.39</UnitOfMeasurePrice>
      <AllowDiscount>1</AllowDiscount>
      <itemStatus>1</itemStatus>
      <LastUpdateDate />
      <LastUpdateTime />
    </Product>
    <Product>
      <PriceUpdateDate>2019/07/31 11:09</PriceUpdateDate>
      <ItemCode>7290111936333</ItemCode>
      <ItemType>1</ItemType>
      <ItemName>פלמוליב גל רחצה כותנה  500מ"ל</ItemName>
      <ManufactureName>ש.שסטוביץ בעמ</ManufactureName>
      <ManufactureCountry />
      <ManufactureItemDescription />
      <UnitQty>י"ח</UnitQty>
      <Quantity>500</Quantity>
      <UnitMeasure>ל  מ"ל</UnitMeasure>
      <BisWeighted>0</BisWeighted>
      <QtyInPackage>1</QtyInPackage>
      <ItemPrice>15.90</ItemPrice>
      <UnitOfMeasurePrice>3.18</UnitOfMeasurePrice>
      <AllowDiscount>1</AllowDiscount>
      <itemStatus>1</itemStatus>
      <LastUpdateDate />
      <LastUpdateTime />
    </Product>
    <Product>
      <PriceUpdateDate>2019/07/31 11:09</PriceUpdateDate>
      <ItemCode>7290111936340</ItemCode>
      <ItemType>1</ItemType>
      <ItemName>פלמוליב גל רחצה ורדים  500מ"ל</ItemName>
      <ManufactureName>ש.שסטוביץ בעמ</ManufactureName>
      <ManufactureCountry />
      <ManufactureItemDescription />
      <UnitQty>י"ח</UnitQty>
      <Quantity>500</Quantity>
      <UnitMeasure>ל  מ"ל</UnitMeasure>
      <BisWeighted>0</BisWeighted>
      <QtyInPackage>1</QtyInPackage>
      <ItemPrice>15.90</ItemPrice>
      <UnitOfMeasurePrice>3.18</UnitOfMeasurePrice>
      <AllowDiscount>1</AllowDiscount>
      <itemStatus>1</itemStatus>
      <LastUpdateDate />
      <LastUpdateTime />
    </Product>
    <Product>
      <PriceUpdateDate>2019/07/31 11:09</PriceUpdateDate>
      <ItemCode>7290111937057</ItemCode>
      <ItemType>1</ItemType>
      <ItemName>פלמוליב גל רחצה פשתן  500מ"ל</ItemName>
      <ManufactureName>ש.שסטוביץ בעמ</ManufactureName>
      <ManufactureCountry />
      <ManufactureItemDescription />
      <UnitQty>י"ח</UnitQty>
      <Quantity>500</Quantity>
      <UnitMeasure>ל  מ"ל</UnitMeasure>
      <BisWeighted>0</BisWeighted>
      <QtyInPackage>1</QtyInPackage>
      <ItemPrice>15.90</ItemPrice>
      <UnitOfMeasurePrice>3.18</UnitOfMeasurePrice>
      <AllowDiscount>1</AllowDiscount>
      <itemStatus>1</itemStatus>
      <LastUpdateDate />
      <LastUpdateTime />
    </Product>
    <Product>
      <PriceUpdateDate>2019/06/12 11:08</PriceUpdateDate>
      <ItemCode>7290111938429</ItemCode>
      <ItemType>1</ItemType>
      <ItemName>פריכיות חיטה וחומוס דקות  100גרם מנה</ItemName>
      <ManufactureName>ש.שסטוביץ בעמ</ManufactureName>
      <ManufactureCountry />
      <ManufactureItemDescription />
      <UnitQty>י"ח</UnitQty>
      <Quantity>100</Quantity>
      <UnitMeasure>ל  גרם</UnitMeasure>
      <BisWeighted>0</BisWeighted>
      <QtyInPackage>1</QtyInPackage>
      <ItemPrice>9.90</ItemPrice>
      <UnitOfMeasurePrice>9.90</UnitOfMeasurePrice>
      <AllowDiscount>1</AllowDiscount>
      <itemStatus>1</itemStatus>
      <LastUpdateDate />
      <LastUpdateTime />
    </Product>
    <Product>
      <PriceUpdateDate>2019/06/12 11:08</PriceUpdateDate>
      <ItemCode>7290111938436</ItemCode>
      <ItemType>1</ItemType>
      <ItemName>פריכיות חיטה ועדשים דקות  100גרם מנה</ItemName>
      <ManufactureName>ש.שסטוביץ בעמ</ManufactureName>
      <ManufactureCountry />
      <ManufactureItemDescription />
      <UnitQty>י"ח</UnitQty>
      <Quantity>100</Quantity>
      <UnitMeasure>ל  גרם</UnitMeasure>
      <BisWeighted>0</BisWeighted>
      <QtyInPackage>1</QtyInPackage>
      <ItemPrice>9.90</ItemPrice>
      <UnitOfMeasurePrice>9.90</UnitOfMeasurePrice>
      <AllowDiscount>1</AllowDiscount>
      <itemStatus>1</itemStatus>
      <LastUpdateDate />
      <LastUpdateTime />
    </Product>
    <Product>
      <PriceUpdateDate>2019/06/12 11:08</PriceUpdateDate>
      <ItemCode>7290111938443</ItemCode>
      <ItemType>1</ItemType>
      <ItemName>פריכיות חיטה  דקות  100גרם מנה</ItemName>
      <ManufactureName>ש.שסטוביץ בעמ</ManufactureName>
      <ManufactureCountry />
      <ManufactureItemDescription />
      <UnitQty>י"ח</UnitQty>
      <Quantity>100</Quantity>
      <UnitMeasure>ל  גרם</UnitMeasure>
      <BisWeighted>0</BisWeighted>
      <QtyInPackage>1</QtyInPackage>
      <ItemPrice>9.90</ItemPrice>
      <UnitOfMeasurePrice>9.90</UnitOfMeasurePrice>
      <AllowDiscount>1</AllowDiscount>
      <itemStatus>1</itemStatus>
      <LastUpdateDate />
      <LastUpdateTime />
    </Product>
    <Product>
      <PriceUpdateDate>2019/06/12 11:08</PriceUpdateDate>
      <ItemCode>7290111938450</ItemCode>
      <ItemType>1</ItemType>
      <ItemName>פריכיות כוסמין ושיפון דקות  100גרם מנה</ItemName>
      <ManufactureName>ש.שסטוביץ בעמ</ManufactureName>
      <ManufactureCountry />
      <ManufactureItemDescription />
      <UnitQty>י"ח</UnitQty>
      <Quantity>100</Quantity>
      <UnitMeasure>ל  גרם</UnitMeasure>
      <BisWeighted>0</BisWeighted>
      <QtyInPackage>1</QtyInPackage>
      <ItemPrice>9.90</ItemPrice>
      <UnitOfMeasurePrice>9.90</UnitOfMeasurePrice>
      <AllowDiscount>1</AllowDiscount>
      <itemStatus>1</itemStatus>
      <LastUpdateDate />
      <LastUpdateTime />
    </Product>
    <Product>
      <PriceUpdateDate>2020/02/03 08:20</PriceUpdateDate>
      <ItemCode>7290111938498</ItemCode>
      <ItemType>1</ItemType>
      <ItemName>רוטב סויה בהירה  700מ"ל</ItemName>
      <ManufactureName>ש.שסטוביץ בעמ</ManufactureName>
      <ManufactureCountry />
      <ManufactureItemDescription />
      <UnitQty>י"ח</UnitQty>
      <Quantity>700</Quantity>
      <UnitMeasure>ל  מ"ל</UnitMeasure>
      <BisWeighted>0</BisWeighted>
      <QtyInPackage>1</QtyInPackage>
      <ItemPrice>14.90</ItemPrice>
      <UnitOfMeasurePrice>2.13</UnitOfMeasurePrice>
      <AllowDiscount>1</AllowDiscount>
      <itemStatus>1</itemStatus>
      <LastUpdateDate />
      <LastUpdateTime />
    </Product>
    <Product>
      <PriceUpdateDate>2020/02/24 08:25</PriceUpdateDate>
      <ItemCode>7290111938528</ItemCode>
      <ItemType>1</ItemType>
      <ItemName>פוף לבבות קלאסי 40ג כשל"פ</ItemName>
      <ManufactureName>ש.שסטוביץ בעמ</ManufactureName>
      <ManufactureCountry />
      <ManufactureItemDescription />
      <UnitQty>י"ח</UnitQty>
      <Quantity>40</Quantity>
      <UnitMeasure>ל  גרם</UnitMeasure>
      <BisWeighted>0</BisWeighted>
      <QtyInPackage>1</QtyInPackage>
      <ItemPrice>3.80</ItemPrice>
      <UnitOfMeasurePrice>9.50</UnitOfMeasurePrice>
      <AllowDiscount>1</AllowDiscount>
      <itemStatus>1</itemStatus>
      <LastUpdateDate />
      <LastUpdateTime />
    </Product>
    <Product>
      <PriceUpdateDate>2020/02/24 08:25</PriceUpdateDate>
      <ItemCode>7290111938535</ItemCode>
      <ItemType>1</ItemType>
      <ItemName>פוף לבבות גריל 40ג כשל"פ</ItemName>
      <ManufactureName>ש.שסטוביץ בעמ</ManufactureName>
      <ManufactureCountry />
      <ManufactureItemDescription />
      <UnitQty>י"ח</UnitQty>
      <Quantity>40</Quantity>
      <UnitMeasure>ל  גרם</UnitMeasure>
      <BisWeighted>0</BisWeighted>
      <QtyInPackage>1</QtyInPackage>
      <ItemPrice>3.80</ItemPrice>
      <UnitOfMeasurePrice>9.50</UnitOfMeasurePrice>
      <AllowDiscount>1</AllowDiscount>
      <itemStatus>1</itemStatus>
      <LastUpdateDate />
      <LastUpdateTime />
    </Product>
    <Product>
      <PriceUpdateDate>2017/12/14 11:23</PriceUpdateDate>
      <ItemCode>7290112000040</ItemCode>
      <ItemType>1</ItemType>
      <ItemName>וולייט גל לכביסה כהה 1.5 ליטר</ItemName>
      <ManufactureName>רקיט בנקיזר (ניר איסט) בעמ</ManufactureName>
      <ManufactureCountry />
      <ManufactureItemDescription />
      <UnitQty>י"ח</UnitQty>
      <Quantity>1.50</Quantity>
      <UnitMeasure>ליטר</UnitMeasure>
      <BisWeighted>0</BisWeighted>
      <QtyInPackage>1</QtyInPackage>
      <ItemPrice>19.90</ItemPrice>
      <UnitOfMeasurePrice>13.27</UnitOfMeasurePrice>
      <AllowDiscount>1</AllowDiscount>
      <itemStatus>1</itemStatus>
      <LastUpdateDate />
      <LastUpdateTime />
    </Product>
    <Product>
      <PriceUpdateDate>2017/12/14 11:23</PriceUpdateDate>
      <ItemCode>7290112000057</ItemCode>
      <ItemType>1</ItemType>
      <ItemName>וולייט גל גולד 3 ליטר לשמירה על הבגד</ItemName>
      <ManufactureName>רקיט בנקיזר (ניר איסט) בעמ</ManufactureName>
      <ManufactureCountry />
      <ManufactureItemDescription />
      <UnitQty>י"ח</UnitQty>
      <Quantity>1</Quantity>
      <UnitMeasure>י"ח</UnitMeasure>
      <BisWeighted>0</BisWeighted>
      <QtyInPackage>1</QtyInPackage>
      <ItemPrice>29.90</ItemPrice>
      <UnitOfMeasurePrice>29.90</UnitOfMeasurePrice>
      <AllowDiscount>1</AllowDiscount>
      <itemStatus>1</itemStatus>
      <LastUpdateDate />
      <LastUpdateTime />
    </Product>
    <Product>
      <PriceUpdateDate>2017/12/14 11:23</PriceUpdateDate>
      <ItemCode>7290112000064</ItemCode>
      <ItemType>1</ItemType>
      <ItemName>וולייט גל 3 ליטר לכביסה עדינה</ItemName>
      <ManufactureName>רקיט בנקיזר (ניר איסט) בעמ</ManufactureName>
      <ManufactureCountry />
      <ManufactureItemDescription />
      <UnitQty>י"ח</UnitQty>
      <Quantity>1</Quantity>
      <UnitMeasure>י"ח</UnitMeasure>
      <BisWeighted>0</BisWeighted>
      <QtyInPackage>1</QtyInPackage>
      <ItemPrice>29.90</ItemPrice>
      <UnitOfMeasurePrice>29.90</UnitOfMeasurePrice>
      <AllowDiscount>1</AllowDiscount>
      <itemStatus>1</itemStatus>
      <LastUpdateDate />
      <LastUpdateTime />
    </Product>
    <Product>
      <PriceUpdateDate>2017/12/14 11:23</PriceUpdateDate>
      <ItemCode>7290112000071</ItemCode>
      <ItemType>1</ItemType>
      <ItemName>וולייט גל 3 ליטר לכביסה כהה</ItemName>
      <ManufactureName>רקיט בנקיזר (ניר איסט) בעמ</ManufactureName>
      <ManufactureCountry />
      <ManufactureItemDescription />
      <UnitQty>י"ח</UnitQty>
      <Quantity>1</Quantity>
      <UnitMeasure>י"ח</UnitMeasure>
      <BisWeighted>0</BisWeighted>
      <QtyInPackage>1</QtyInPackage>
      <ItemPrice>29.90</ItemPrice>
      <UnitOfMeasurePrice>29.90</UnitOfMeasurePrice>
      <AllowDiscount>1</AllowDiscount>
      <itemStatus>1</itemStatus>
      <LastUpdateDate />
      <LastUpdateTime />
    </Product>
    <Product>
      <PriceUpdateDate>2017/12/14 11:23</PriceUpdateDate>
      <ItemCode>7290112000088</ItemCode>
      <ItemType>1</ItemType>
      <ItemName>וולייט טבליות גולד לשמירה על הבד 15יח</ItemName>
      <ManufactureName>רקיט בנקיזר (ניר איסט) בעמ</ManufactureName>
      <ManufactureCountry />
      <ManufactureItemDescription />
      <UnitQty>י"ח</UnitQty>
      <Quantity>15</Quantity>
      <UnitMeasure>י"ח</UnitMeasure>
      <BisWeighted>0</BisWeighted>
      <QtyInPackage>1</QtyInPackage>
      <ItemPrice>19.90</ItemPrice>
      <UnitOfMeasurePrice>1.33</UnitOfMeasurePrice>
      <AllowDiscount>1</AllowDiscount>
      <itemStatus>1</itemStatus>
      <LastUpdateDate />
      <LastUpdateTime />
    </Product>
    <Product>
      <PriceUpdateDate>2017/12/14 11:23</PriceUpdateDate>
      <ItemCode>7290112000101</ItemCode>
      <ItemType>1</ItemType>
      <ItemName>וולייט טבליות לכביסה כהה 15 יח</ItemName>
      <ManufactureName>רקיט בנקיזר (ניר איסט) בעמ</ManufactureName>
      <ManufactureCountry />
      <ManufactureItemDescription />
      <UnitQty>י"ח</UnitQty>
      <Quantity>15</Quantity>
      <UnitMeasure>י"ח</UnitMeasure>
      <BisWeighted>0</BisWeighted>
      <QtyInPackage>1</QtyInPackage>
      <ItemPrice>19.90</ItemPrice>
      <UnitOfMeasurePrice>1.33</UnitOfMeasurePrice>
      <AllowDiscount>1</AllowDiscount>
      <itemStatus>1</itemStatus>
      <LastUpdateDate />
      <LastUpdateTime />
    </Product>
    <Product>
      <PriceUpdateDate>2018/05/23 09:10</PriceUpdateDate>
      <ItemCode>7290112000132</ItemCode>
      <ItemType>1</ItemType>
      <ItemName>איירוויק מפיץ אדים קומפליט לבנדר</ItemName>
      <ManufactureName>רקיט בנקיזר (ניר איסט) בעמ</ManufactureName>
      <ManufactureCountry />
      <ManufactureItemDescription />
      <UnitQty>י"ח</UnitQty>
      <Quantity>1</Quantity>
      <UnitMeasure>י"ח</UnitMeasure>
      <BisWeighted>0</BisWeighted>
      <QtyInPackage>1</QtyInPackage>
      <ItemPrice>59.90</ItemPrice>
      <UnitOfMeasurePrice>59.90</UnitOfMeasurePrice>
      <AllowDiscount>1</AllowDiscount>
      <itemStatus>1</itemStatus>
      <LastUpdateDate />
      <LastUpdateTime />
    </Product>
    <Product>
      <PriceUpdateDate>2018/05/23 09:10</PriceUpdateDate>
      <ItemCode>7290112000149</ItemCode>
      <ItemType>1</ItemType>
      <ItemName>איירוויק מפיץ אדים קומפליט יסמין</ItemName>
      <ManufactureName>רקיט בנקיזר (ניר איסט) בעמ</ManufactureName>
      <ManufactureCountry />
      <ManufactureItemDescription />
      <UnitQty>י"ח</UnitQty>
      <Quantity>1</Quantity>
      <UnitMeasure>י"ח</UnitMeasure>
      <BisWeighted>0</BisWeighted>
      <QtyInPackage>1</QtyInPackage>
      <ItemPrice>59.90</ItemPrice>
      <UnitOfMeasurePrice>59.90</UnitOfMeasurePrice>
      <AllowDiscount>1</AllowDiscount>
      <itemStatus>1</itemStatus>
      <LastUpdateDate />
      <LastUpdateTime />
    </Product>
    <Product>
      <PriceUpdateDate>2018/05/23 09:10</PriceUpdateDate>
      <ItemCode>7290112000156</ItemCode>
      <ItemType>1</ItemType>
      <ItemName>איירוויק מילוי מפיץ אדים קומפליט לבנדר</ItemName>
      <ManufactureName>רקיט בנקיזר (ניר איסט) בעמ</ManufactureName>
      <ManufactureCountry />
      <ManufactureItemDescription />
      <UnitQty>י"ח</UnitQty>
      <Quantity>1</Quantity>
      <UnitMeasure>י"ח</UnitMeasure>
      <BisWeighted>0</BisWeighted>
      <QtyInPackage>1</QtyInPackage>
      <ItemPrice>24.90</ItemPrice>
      <UnitOfMeasurePrice>24.90</UnitOfMeasurePrice>
      <AllowDiscount>1</AllowDiscount>
      <itemStatus>1</itemStatus>
      <LastUpdateDate />
      <LastUpdateTime />
    </Product>
    <Product>
      <PriceUpdateDate>2018/05/23 09:10</PriceUpdateDate>
      <ItemCode>7290112000163</ItemCode>
      <ItemType>1</ItemType>
      <ItemName>איירוויק מילוי מפיץ אדים קומפליט יסמין</ItemName>
      <ManufactureName>רקיט בנקיזר (ניר איסט) בעמ</ManufactureName>
      <ManufactureCountry />
      <ManufactureItemDescription />
      <UnitQty>י"ח</UnitQty>
      <Quantity>1</Quantity>
      <UnitMeasure>י"ח</UnitMeasure>
      <BisWeighted>0</BisWeighted>
      <QtyInPackage>1</QtyInPackage>
      <ItemPrice>24.90</ItemPrice>
      <UnitOfMeasurePrice>24.90</UnitOfMeasurePrice>
      <AllowDiscount>1</AllowDiscount>
      <itemStatus>1</itemStatus>
      <LastUpdateDate />
      <LastUpdateTime />
    </Product>
    <Product>
      <PriceUpdateDate>2018/05/23 09:10</PriceUpdateDate>
      <ItemCode>7290112000170</ItemCode>
      <ItemType>1</ItemType>
      <ItemName>איירוויק מילוי מפיץ אדים קומפליט מרענן</ItemName>
      <ManufactureName>רקיט בנקיזר (ניר איסט) בעמ</ManufactureName>
      <ManufactureCountry />
      <ManufactureItemDescription />
      <UnitQty>י"ח</UnitQty>
      <Quantity>1</Quantity>
      <UnitMeasure>י"ח</UnitMeasure>
      <BisWeighted>0</BisWeighted>
      <QtyInPackage>1</QtyInPackage>
      <ItemPrice>24.90</ItemPrice>
      <UnitOfMeasurePrice>24.90</UnitOfMeasurePrice>
      <AllowDiscount>1</AllowDiscount>
      <itemStatus>1</itemStatus>
      <LastUpdateDate />
      <LastUpdateTime />
    </Product>
    <Product>
      <PriceUpdateDate>2019/09/17 08:23</PriceUpdateDate>
      <ItemCode>7290112000286</ItemCode>
      <ItemType>1</ItemType>
      <ItemName>סיליט גל אסלות לימון 750מ"ל</ItemName>
      <ManufactureName>רקיט בנקיזר (ניר איסט) בעמ</ManufactureName>
      <ManufactureCountry />
      <ManufactureItemDescription />
      <UnitQty>י"ח</UnitQty>
      <Quantity>750</Quantity>
      <UnitMeasure>ל  מ"ל</UnitMeasure>
      <BisWeighted>0</BisWeighted>
      <QtyInPackage>1</QtyInPackage>
      <ItemPrice>10.90</ItemPrice>
      <UnitOfMeasurePrice>1.45</UnitOfMeasurePrice>
      <AllowDiscount>1</AllowDiscount>
      <itemStatus>1</itemStatus>
      <LastUpdateDate />
      <LastUpdateTime />
    </Product>
    <Product>
      <PriceUpdateDate>2019/09/17 08:23</PriceUpdateDate>
      <ItemCode>7290112000293</ItemCode>
      <ItemType>1</ItemType>
      <ItemName>סיליט גל אסלות פרש 750מ"ל</ItemName>
      <ManufactureName>רקיט בנקיזר (ניר איסט) בעמ</ManufactureName>
      <ManufactureCountry />
      <ManufactureItemDescription />
      <UnitQty>י"ח</UnitQty>
      <Quantity>750</Quantity>
      <UnitMeasure>ל  מ"ל</UnitMeasure>
      <BisWeighted>0</BisWeighted>
      <QtyInPackage>1</QtyInPackage>
      <ItemPrice>10.90</ItemPrice>
      <UnitOfMeasurePrice>1.45</UnitOfMeasurePrice>
      <AllowDiscount>1</AllowDiscount>
      <itemStatus>1</itemStatus>
      <LastUpdateDate />
      <LastUpdateTime />
    </Product>
    <Product>
      <PriceUpdateDate>2019/09/17 08:23</PriceUpdateDate>
      <ItemCode>7290112000491</ItemCode>
      <ItemType>1</ItemType>
      <ItemName>מילוי פרשמטיק בריזה אביבית</ItemName>
      <ManufactureName>רקיט בנקיזר (ניר איסט) בעמ</ManufactureName>
      <ManufactureCountry />
      <ManufactureItemDescription />
      <UnitQty>י"ח</UnitQty>
      <Quantity>1</Quantity>
      <UnitMeasure />
      <BisWeighted>0</BisWeighted>
      <QtyInPackage>1</QtyInPackage>
      <ItemPrice>19.90</ItemPrice>
      <UnitOfMeasurePrice>19.90</UnitOfMeasurePrice>
      <AllowDiscount>1</AllowDiscount>
      <itemStatus>1</itemStatus>
      <LastUpdateDate />
      <LastUpdateTime />
    </Product>
    <Product>
      <PriceUpdateDate>2018/05/03 09:19</PriceUpdateDate>
      <ItemCode>7290112000507</ItemCode>
      <ItemType>1</ItemType>
      <ItemName>מילוי פרשמטיק בריזה אביבית</ItemName>
      <ManufactureName>רקיט בנקיזר (ניר איסט) בעמ</ManufactureName>
      <ManufactureCountry />
      <ManufactureItemDescription />
      <UnitQty>י"ח</UnitQty>
      <Quantity>1</Quantity>
      <UnitMeasure />
      <BisWeighted>0</BisWeighted>
      <QtyInPackage>1</QtyInPackage>
      <ItemPrice>25.90</ItemPrice>
      <UnitOfMeasurePrice>25.90</UnitOfMeasurePrice>
      <AllowDiscount>1</AllowDiscount>
      <itemStatus>1</itemStatus>
      <LastUpdateDate />
      <LastUpdateTime />
    </Product>
    <Product>
      <PriceUpdateDate>2018/05/03 09:19</PriceUpdateDate>
      <ItemCode>7290112000514</ItemCode>
      <ItemType>1</ItemType>
      <ItemName>אירוויק מקלות ריחניים פירות יער</ItemName>
      <ManufactureName>רקיט בנקיזר (ניר איסט) בעמ</ManufactureName>
      <ManufactureCountry />
      <ManufactureItemDescription />
      <UnitQty>י"ח</UnitQty>
      <Quantity>1</Quantity>
      <UnitMeasure />
      <BisWeighted>0</BisWeighted>
      <QtyInPackage>1</QtyInPackage>
      <ItemPrice>19.90</ItemPrice>
      <UnitOfMeasurePrice>19.90</UnitOfMeasurePrice>
      <AllowDiscount>1</AllowDiscount>
      <itemStatus>1</itemStatus>
      <LastUpdateDate />
      <LastUpdateTime />
    </Product>
    <Product>
      <PriceUpdateDate>2018/06/10 16:04</PriceUpdateDate>
      <ItemCode>7290112000712</ItemCode>
      <ItemType>1</ItemType>
      <ItemName>ויט לגבר קרם למקלחת 150מ"ל</ItemName>
      <ManufactureName>רקיט בנקיזר (ניר איסט) בעמ</ManufactureName>
      <ManufactureCountry />
      <ManufactureItemDescription />
      <UnitQty>י"ח</UnitQty>
      <Quantity>150</Quantity>
      <UnitMeasure>ל  מ"ל</UnitMeasure>
      <BisWeighted>0</BisWeighted>
      <QtyInPackage>1</QtyInPackage>
      <ItemPrice>47.90</ItemPrice>
      <UnitOfMeasurePrice>31.93</UnitOfMeasurePrice>
      <AllowDiscount>1</AllowDiscount>
      <itemStatus>1</itemStatus>
      <LastUpdateDate />
      <LastUpdateTime />
    </Product>
    <Product>
      <PriceUpdateDate>2018/06/10 16:04</PriceUpdateDate>
      <ItemCode>7290112000729</ItemCode>
      <ItemType>1</ItemType>
      <ItemName>ויט לגבר קרם 200מ"ל</ItemName>
      <ManufactureName>רקיט בנקיזר (ניר איסט) בעמ</ManufactureName>
      <ManufactureCountry />
      <ManufactureItemDescription />
      <UnitQty>י"ח</UnitQty>
      <Quantity>200</Quantity>
      <UnitMeasure>ל  מ"ל</UnitMeasure>
      <BisWeighted>0</BisWeighted>
      <QtyInPackage>1</QtyInPackage>
      <ItemPrice>66.90</ItemPrice>
      <UnitOfMeasurePrice>33.45</UnitOfMeasurePrice>
      <AllowDiscount>1</AllowDiscount>
      <itemStatus>1</itemStatus>
      <LastUpdateDate />
      <LastUpdateTime />
    </Product>
    <Product>
      <PriceUpdateDate>2019/09/17 08:23</PriceUpdateDate>
      <ItemCode>7290112001023</ItemCode>
      <ItemType>1</ItemType>
      <ItemName>מילוי מבשם אוטומטי פיור תענוגות האביב</ItemName>
      <ManufactureName>רקיט בנקיזר (ניר איסט) בעמ</ManufactureName>
      <ManufactureCountry />
      <ManufactureItemDescription />
      <UnitQty>י"ח</UnitQty>
      <Quantity>1</Quantity>
      <UnitMeasure />
      <BisWeighted>0</BisWeighted>
      <QtyInPackage>1</QtyInPackage>
      <ItemPrice>19.90</ItemPrice>
      <UnitOfMeasurePrice>19.90</UnitOfMeasurePrice>
      <AllowDiscount>1</AllowDiscount>
      <itemStatus>1</itemStatus>
      <LastUpdateDate />
      <LastUpdateTime />
    </Product>
    <Product>
      <PriceUpdateDate>2018/10/15 12:34</PriceUpdateDate>
      <ItemCode>7290112001221</ItemCode>
      <ItemType>1</ItemType>
      <ItemName>קולון מנקה מכונה רגיל 250מ"ל</ItemName>
      <ManufactureName>רקיט בנקיזר (ניר איסט) בעמ</ManufactureName>
      <ManufactureCountry />
      <ManufactureItemDescription />
      <UnitQty>י"ח</UnitQty>
      <Quantity>250</Quantity>
      <UnitMeasure>ל  מ"ל</UnitMeasure>
      <BisWeighted>0</BisWeighted>
      <QtyInPackage>1</QtyInPackage>
      <ItemPrice>19.90</ItemPrice>
      <UnitOfMeasurePrice>7.96</UnitOfMeasurePrice>
      <AllowDiscount>1</AllowDiscount>
      <itemStatus>1</itemStatus>
      <LastUpdateDate />
      <LastUpdateTime />
    </Product>
    <Product>
      <PriceUpdateDate>2018/10/15 08:21</PriceUpdateDate>
      <ItemCode>7290112001238</ItemCode>
      <ItemType>1</ItemType>
      <ItemName>קולון מנקה מכונה לימון 250מ"ל</ItemName>
      <ManufactureName>רקיט בנקיזר (ניר איסט) בעמ</ManufactureName>
      <ManufactureCountry />
      <ManufactureItemDescription />
      <UnitQty>י"ח</UnitQty>
      <Quantity>250</Quantity>
      <UnitMeasure>ל  מ"ל</UnitMeasure>
      <BisWeighted>0</BisWeighted>
      <QtyInPackage>1</QtyInPackage>
      <ItemPrice>19.90</ItemPrice>
      <UnitOfMeasurePrice>7.96</UnitOfMeasurePrice>
      <AllowDiscount>1</AllowDiscount>
      <itemStatus>1</itemStatus>
      <LastUpdateDate />
      <LastUpdateTime />
    </Product>
    <Product>
      <PriceUpdateDate>2019/09/20 11:45</PriceUpdateDate>
      <ItemCode>7290112001757</ItemCode>
      <ItemType>1</ItemType>
      <ItemName>מרכך וולייט גולד מגנוליה  1.2ל`</ItemName>
      <ManufactureName>רקיט בנקיזר (ניר איסט) בעמ</ManufactureName>
      <ManufactureCountry />
      <ManufactureItemDescription />
      <UnitQty>י"ח</UnitQty>
      <Quantity>1</Quantity>
      <UnitMeasure />
      <BisWeighted>0</BisWeighted>
      <QtyInPackage>1</QtyInPackage>
      <ItemPrice>16.90</ItemPrice>
      <UnitOfMeasurePrice>16.90</UnitOfMeasurePrice>
      <AllowDiscount>1</AllowDiscount>
      <itemStatus>1</itemStatus>
      <LastUpdateDate />
      <LastUpdateTime />
    </Product>
    <Product>
      <PriceUpdateDate>2019/09/20 11:45</PriceUpdateDate>
      <ItemCode>7290112001764</ItemCode>
      <ItemType>1</ItemType>
      <ItemName>מרכך וולייט כחול בלו פאשיין  1.2ל`</ItemName>
      <ManufactureName>רקיט בנקיזר (ניר איסט) בעמ</ManufactureName>
      <ManufactureCountry />
      <ManufactureItemDescription />
      <UnitQty>י"ח</UnitQty>
      <Quantity>1</Quantity>
      <UnitMeasure />
      <BisWeighted>0</BisWeighted>
      <QtyInPackage>1</QtyInPackage>
      <ItemPrice>16.90</ItemPrice>
      <UnitOfMeasurePrice>16.90</UnitOfMeasurePrice>
      <AllowDiscount>1</AllowDiscount>
      <itemStatus>1</itemStatus>
      <LastUpdateDate />
      <LastUpdateTime />
    </Product>
    <Product>
      <PriceUpdateDate>2019/09/20 11:45</PriceUpdateDate>
      <ItemCode>7290112001771</ItemCode>
      <ItemType>1</ItemType>
      <ItemName>מרכך וולייט ורוד פינק רומנס  1.2ל`</ItemName>
      <ManufactureName>רקיט בנקיזר (ניר איסט) בעמ</ManufactureName>
      <ManufactureCountry />
      <ManufactureItemDescription />
      <UnitQty>י"ח</UnitQty>
      <Quantity>1</Quantity>
      <UnitMeasure />
      <BisWeighted>0</BisWeighted>
      <QtyInPackage>1</QtyInPackage>
      <ItemPrice>16.90</ItemPrice>
      <UnitOfMeasurePrice>16.90</UnitOfMeasurePrice>
      <AllowDiscount>1</AllowDiscount>
      <itemStatus>1</itemStatus>
      <LastUpdateDate />
      <LastUpdateTime />
    </Product>
    <Product>
      <PriceUpdateDate>2019/08/06 10:57</PriceUpdateDate>
      <ItemCode>7290112001870</ItemCode>
      <ItemType>1</ItemType>
      <ItemName>סיליט באנג אמבטיות</ItemName>
      <ManufactureName>רקיט בנקיזר (ניר איסט) בעמ</ManufactureName>
      <ManufactureCountry />
      <ManufactureItemDescription />
      <UnitQty>י"ח</UnitQty>
      <Quantity>1</Quantity>
      <UnitMeasure />
      <BisWeighted>0</BisWeighted>
      <QtyInPackage>1</QtyInPackage>
      <ItemPrice>12.90</ItemPrice>
      <UnitOfMeasurePrice>12.90</UnitOfMeasurePrice>
      <AllowDiscount>1</AllowDiscount>
      <itemStatus>1</itemStatus>
      <LastUpdateDate />
      <LastUpdateTime />
    </Product>
    <Product>
      <PriceUpdateDate>2019/04/16 08:37</PriceUpdateDate>
      <ItemCode>7290112001887</ItemCode>
      <ItemType>1</ItemType>
      <ItemName>איירוויק מפיץ אדים אוטומטי מרענן</ItemName>
      <ManufactureName>רקיט בנקיזר (ניר איסט) בעמ</ManufactureName>
      <ManufactureCountry />
      <ManufactureItemDescription />
      <UnitQty>י"ח</UnitQty>
      <Quantity>1</Quantity>
      <UnitMeasure>י"ח</UnitMeasure>
      <BisWeighted>0</BisWeighted>
      <QtyInPackage>1</QtyInPackage>
      <ItemPrice>59.90</ItemPrice>
      <UnitOfMeasurePrice>59.90</UnitOfMeasurePrice>
      <AllowDiscount>1</AllowDiscount>
      <itemStatus>1</itemStatus>
      <LastUpdateDate />
      <LastUpdateTime />
    </Product>
    <Product>
      <PriceUpdateDate>2019/04/16 08:37</PriceUpdateDate>
      <ItemCode>7290112001894</ItemCode>
      <ItemType>1</ItemType>
      <ItemName>איירוויק מפיץ אדים אוטומטי לבנדר</ItemName>
      <ManufactureName>רקיט בנקיזר (ניר איסט) בעמ</ManufactureName>
      <ManufactureCountry />
      <ManufactureItemDescription />
      <UnitQty>י"ח</UnitQty>
      <Quantity>1</Quantity>
      <UnitMeasure>י"ח</UnitMeasure>
      <BisWeighted>0</BisWeighted>
      <QtyInPackage>1</QtyInPackage>
      <ItemPrice>59.90</ItemPrice>
      <UnitOfMeasurePrice>59.90</UnitOfMeasurePrice>
      <AllowDiscount>1</AllowDiscount>
      <itemStatus>1</itemStatus>
      <LastUpdateDate />
      <LastUpdateTime />
    </Product>
    <Product>
      <PriceUpdateDate>2019/07/08 11:31</PriceUpdateDate>
      <ItemCode>7290112001900</ItemCode>
      <ItemType>1</ItemType>
      <ItemName>פיניש גל 1 ליטר אקולוגי</ItemName>
      <ManufactureName>רקיט בנקיזר (ניר איסט) בעמ</ManufactureName>
      <ManufactureCountry />
      <ManufactureItemDescription />
      <UnitQty>י"ח</UnitQty>
      <Quantity>1</Quantity>
      <UnitMeasure />
      <BisWeighted>0</BisWeighted>
      <QtyInPackage>1</QtyInPackage>
      <ItemPrice>47.90</ItemPrice>
      <UnitOfMeasurePrice>47.90</UnitOfMeasurePrice>
      <AllowDiscount>1</AllowDiscount>
      <itemStatus>1</itemStatus>
      <LastUpdateDate />
      <LastUpdateTime />
    </Product>
    <Product>
      <PriceUpdateDate>2019/11/13 08:25</PriceUpdateDate>
      <ItemCode>7290112001917</ItemCode>
      <ItemType>1</ItemType>
      <ItemName>פיניש ג ל 1ל  AIO בניחוח מרענן</ItemName>
      <ManufactureName>רקיט בנקיזר (ניר איסט) בעמ</ManufactureName>
      <ManufactureCountry />
      <ManufactureItemDescription />
      <UnitQty>י"ח</UnitQty>
      <Quantity>1</Quantity>
      <UnitMeasure>ליטר</UnitMeasure>
      <BisWeighted>0</BisWeighted>
      <QtyInPackage>1</QtyInPackage>
      <ItemPrice>44.90</ItemPrice>
      <UnitOfMeasurePrice>44.90</UnitOfMeasurePrice>
      <AllowDiscount>1</AllowDiscount>
      <itemStatus>1</itemStatus>
      <LastUpdateDate />
      <LastUpdateTime />
    </Product>
    <Product>
      <PriceUpdateDate>2019/07/08 11:31</PriceUpdateDate>
      <ItemCode>7290112002044</ItemCode>
      <ItemType>1</ItemType>
      <ItemName>פיניש מנקה מדיח טבליות</ItemName>
      <ManufactureName>רקיט בנקיזר (ניר איסט) בעמ</ManufactureName>
      <ManufactureCountry />
      <ManufactureItemDescription />
      <UnitQty>י"ח</UnitQty>
      <Quantity>1</Quantity>
      <UnitMeasure />
      <BisWeighted>0</BisWeighted>
      <QtyInPackage>1</QtyInPackage>
      <ItemPrice>21.90</ItemPrice>
      <UnitOfMeasurePrice>21.90</UnitOfMeasurePrice>
      <AllowDiscount>1</AllowDiscount>
      <itemStatus>1</itemStatus>
      <LastUpdateDate />
      <LastUpdateTime />
    </Product>
    <Product>
      <PriceUpdateDate>2019/09/20 11:45</PriceUpdateDate>
      <ItemCode>7290112002099</ItemCode>
      <ItemType>1</ItemType>
      <ItemName>קולון גל 2.5 ל`רגיל כחול</ItemName>
      <ManufactureName>רקיט בנקיזר (ניר איסט) בעמ</ManufactureName>
      <ManufactureCountry />
      <ManufactureItemDescription />
      <UnitQty>י"ח</UnitQty>
      <Quantity>2.50</Quantity>
      <UnitMeasure>ליטר</UnitMeasure>
      <BisWeighted>0</BisWeighted>
      <QtyInPackage>1</QtyInPackage>
      <ItemPrice>24.90</ItemPrice>
      <UnitOfMeasurePrice>9.96</UnitOfMeasurePrice>
      <AllowDiscount>1</AllowDiscount>
      <itemStatus>1</itemStatus>
      <LastUpdateDate />
      <LastUpdateTime />
    </Product>
    <Product>
      <PriceUpdateDate>2019/09/20 11:45</PriceUpdateDate>
      <ItemCode>7290112002105</ItemCode>
      <ItemType>1</ItemType>
      <ItemName>קולון גל 2.5 ל`כביסה מרוכז סגול</ItemName>
      <ManufactureName>רקיט בנקיזר (ניר איסט) בעמ</ManufactureName>
      <ManufactureCountry />
      <ManufactureItemDescription />
      <UnitQty>י"ח</UnitQty>
      <Quantity>2.50</Quantity>
      <UnitMeasure>ליטר</UnitMeasure>
      <BisWeighted>0</BisWeighted>
      <QtyInPackage>1</QtyInPackage>
      <ItemPrice>24.90</ItemPrice>
      <UnitOfMeasurePrice>9.96</UnitOfMeasurePrice>
      <AllowDiscount>1</AllowDiscount>
      <itemStatus>1</itemStatus>
      <LastUpdateDate />
      <LastUpdateTime />
    </Product>
    <Product>
      <PriceUpdateDate>2019/09/20 11:45</PriceUpdateDate>
      <ItemCode>7290112002112</ItemCode>
      <ItemType>1</ItemType>
      <ItemName>קולון גל 2.5 ל`בניחוח ורדים ורוד</ItemName>
      <ManufactureName>רקיט בנקיזר (ניר איסט) בעמ</ManufactureName>
      <ManufactureCountry />
      <ManufactureItemDescription />
      <UnitQty>י"ח</UnitQty>
      <Quantity>2.50</Quantity>
      <UnitMeasure>ליטר</UnitMeasure>
      <BisWeighted>0</BisWeighted>
      <QtyInPackage>1</QtyInPackage>
      <ItemPrice>24.90</ItemPrice>
      <UnitOfMeasurePrice>9.96</UnitOfMeasurePrice>
      <AllowDiscount>1</AllowDiscount>
      <itemStatus>1</itemStatus>
      <LastUpdateDate />
      <LastUpdateTime />
    </Product>
    <Product>
      <PriceUpdateDate>2019/09/20 11:45</PriceUpdateDate>
      <ItemCode>7290112002129</ItemCode>
      <ItemType>1</ItemType>
      <ItemName>קולון גל 2.5 ל`בניחוח מרענן ירוק</ItemName>
      <ManufactureName>רקיט בנקיזר (ניר איסט) בעמ</ManufactureName>
      <ManufactureCountry />
      <ManufactureItemDescription />
      <UnitQty>י"ח</UnitQty>
      <Quantity>2.50</Quantity>
      <UnitMeasure>ליטר</UnitMeasure>
      <BisWeighted>0</BisWeighted>
      <QtyInPackage>1</QtyInPackage>
      <ItemPrice>24.90</ItemPrice>
      <UnitOfMeasurePrice>9.96</UnitOfMeasurePrice>
      <AllowDiscount>1</AllowDiscount>
      <itemStatus>1</itemStatus>
      <LastUpdateDate />
      <LastUpdateTime />
    </Product>
    <Product>
      <PriceUpdateDate>2019/09/20 11:45</PriceUpdateDate>
      <ItemCode>7290112002174</ItemCode>
      <ItemType>1</ItemType>
      <ItemName>איירוויק ג`ל מוצק בניחוח לבנדר</ItemName>
      <ManufactureName>רקיט בנקיזר (ניר איסט) בעמ</ManufactureName>
      <ManufactureCountry />
      <ManufactureItemDescription />
      <UnitQty>י"ח</UnitQty>
      <Quantity>1</Quantity>
      <UnitMeasure />
      <BisWeighted>0</BisWeighted>
      <QtyInPackage>1</QtyInPackage>
      <ItemPrice>14.90</ItemPrice>
      <UnitOfMeasurePrice>14.90</UnitOfMeasurePrice>
      <AllowDiscount>1</AllowDiscount>
      <itemStatus>1</itemStatus>
      <LastUpdateDate />
      <LastUpdateTime />
    </Product>
    <Product>
      <PriceUpdateDate>2019/09/20 11:45</PriceUpdateDate>
      <ItemCode>7290112002181</ItemCode>
      <ItemType>1</ItemType>
      <ItemName>איירוויק ג`ל מוצק בניחוח ורדים</ItemName>
      <ManufactureName>רקיט בנקיזר (ניר איסט) בעמ</ManufactureName>
      <ManufactureCountry />
      <ManufactureItemDescription />
      <UnitQty>י"ח</UnitQty>
      <Quantity>1</Quantity>
      <UnitMeasure />
      <BisWeighted>0</BisWeighted>
      <QtyInPackage>1</QtyInPackage>
      <ItemPrice>14.90</ItemPrice>
      <UnitOfMeasurePrice>14.90</UnitOfMeasurePrice>
      <AllowDiscount>1</AllowDiscount>
      <itemStatus>1</itemStatus>
      <LastUpdateDate />
      <LastUpdateTime />
    </Product>
    <Product>
      <PriceUpdateDate>2019/09/20 11:45</PriceUpdateDate>
      <ItemCode>7290112002198</ItemCode>
      <ItemType>1</ItemType>
      <ItemName>איירוויק ג`ל מוצק בניחוח אוכמניות</ItemName>
      <ManufactureName>רקיט בנקיזר (ניר איסט) בעמ</ManufactureName>
      <ManufactureCountry />
      <ManufactureItemDescription />
      <UnitQty>י"ח</UnitQty>
      <Quantity>1</Quantity>
      <UnitMeasure />
      <BisWeighted>0</BisWeighted>
      <QtyInPackage>1</QtyInPackage>
      <ItemPrice>14.90</ItemPrice>
      <UnitOfMeasurePrice>14.90</UnitOfMeasurePrice>
      <AllowDiscount>1</AllowDiscount>
      <itemStatus>1</itemStatus>
      <LastUpdateDate />
      <LastUpdateTime />
    </Product>
    <Product>
      <PriceUpdateDate>2019/09/20 11:45</PriceUpdateDate>
      <ItemCode>7290112002204</ItemCode>
      <ItemType>1</ItemType>
      <ItemName>איירוויק ג`ל מוצק בניחוח מרענן.</ItemName>
      <ManufactureName>רקיט בנקיזר (ניר איסט) בעמ</ManufactureName>
      <ManufactureCountry />
      <ManufactureItemDescription />
      <UnitQty>י"ח</UnitQty>
      <Quantity>1</Quantity>
      <UnitMeasure />
      <BisWeighted>0</BisWeighted>
      <QtyInPackage>1</QtyInPackage>
      <ItemPrice>14.90</ItemPrice>
      <UnitOfMeasurePrice>14.90</UnitOfMeasurePrice>
      <AllowDiscount>1</AllowDiscount>
      <itemStatus>1</itemStatus>
      <LastUpdateDate />
      <LastUpdateTime />
    </Product>
    <Product>
      <PriceUpdateDate>2019/09/20 11:45</PriceUpdateDate>
      <ItemCode>7290112002211</ItemCode>
      <ItemType>1</ItemType>
      <ItemName>איירוויק ג`ל מוצק בניחוח לימון</ItemName>
      <ManufactureName>רקיט בנקיזר (ניר איסט) בעמ</ManufactureName>
      <ManufactureCountry />
      <ManufactureItemDescription />
      <UnitQty>י"ח</UnitQty>
      <Quantity>1</Quantity>
      <UnitMeasure />
      <BisWeighted>0</BisWeighted>
      <QtyInPackage>1</QtyInPackage>
      <ItemPrice>14.90</ItemPrice>
      <UnitOfMeasurePrice>14.90</UnitOfMeasurePrice>
      <AllowDiscount>1</AllowDiscount>
      <itemStatus>1</itemStatus>
      <LastUpdateDate />
      <LastUpdateTime />
    </Product>
    <Product>
      <PriceUpdateDate>2018/10/11 09:28</PriceUpdateDate>
      <ItemCode>7290112120779</ItemCode>
      <ItemType>1</ItemType>
      <ItemName>לבבות דקל  שלמים במי מלח 400גר</ItemName>
      <ManufactureName>אבאל יזמות בעמ</ManufactureName>
      <ManufactureCountry />
      <ManufactureItemDescription />
      <UnitQty>י"ח</UnitQty>
      <Quantity>400</Quantity>
      <UnitMeasure>ל  גרם</UnitMeasure>
      <BisWeighted>0</BisWeighted>
      <QtyInPackage>1</QtyInPackage>
      <ItemPrice>8.90</ItemPrice>
      <UnitOfMeasurePrice>2.23</UnitOfMeasurePrice>
      <AllowDiscount>1</AllowDiscount>
      <itemStatus>1</itemStatus>
      <LastUpdateDate />
      <LastUpdateTime />
    </Product>
    <Product>
      <PriceUpdateDate>2018/10/11 09:28</PriceUpdateDate>
      <ItemCode>7290112120793</ItemCode>
      <ItemType>1</ItemType>
      <ItemName>לבבות דקל  פרוסים במי מלח 400גר</ItemName>
      <ManufactureName>אבאל יזמות בעמ</ManufactureName>
      <ManufactureCountry />
      <ManufactureItemDescription />
      <UnitQty>י"ח</UnitQty>
      <Quantity>400</Quantity>
      <UnitMeasure>ל  גרם</UnitMeasure>
      <BisWeighted>0</BisWeighted>
      <QtyInPackage>1</QtyInPackage>
      <ItemPrice>5.90</ItemPrice>
      <UnitOfMeasurePrice>1.48</UnitOfMeasurePrice>
      <AllowDiscount>1</AllowDiscount>
      <itemStatus>1</itemStatus>
      <LastUpdateDate />
      <LastUpdateTime />
    </Product>
    <Product>
      <PriceUpdateDate>2019/10/16 07:10</PriceUpdateDate>
      <ItemCode>7290112191137</ItemCode>
      <ItemType>1</ItemType>
      <ItemName>רוטב צילי חריף  700מ"ל..</ItemName>
      <ManufactureName>א.ג בחירה חכמה בעמ</ManufactureName>
      <ManufactureCountry />
      <ManufactureItemDescription />
      <UnitQty>י"ח</UnitQty>
      <Quantity>700</Quantity>
      <UnitMeasure>ל  גרם</UnitMeasure>
      <BisWeighted>0</BisWeighted>
      <QtyInPackage>1</QtyInPackage>
      <ItemPrice>9.90</ItemPrice>
      <UnitOfMeasurePrice>1.41</UnitOfMeasurePrice>
      <AllowDiscount>1</AllowDiscount>
      <itemStatus>1</itemStatus>
      <LastUpdateDate />
      <LastUpdateTime />
    </Product>
    <Product>
      <PriceUpdateDate>2019/03/07 08:31</PriceUpdateDate>
      <ItemCode>7290112191144</ItemCode>
      <ItemType>1</ItemType>
      <ItemName>רוטב צילי מתוק  700מ"ל..</ItemName>
      <ManufactureName>א.ג בחירה חכמה בעמ</ManufactureName>
      <ManufactureCountry />
      <ManufactureItemDescription />
      <UnitQty>י"ח</UnitQty>
      <Quantity>700</Quantity>
      <UnitMeasure>ל  גרם</UnitMeasure>
      <BisWeighted>0</BisWeighted>
      <QtyInPackage>1</QtyInPackage>
      <ItemPrice>9.90</ItemPrice>
      <UnitOfMeasurePrice>1.41</UnitOfMeasurePrice>
      <AllowDiscount>1</AllowDiscount>
      <itemStatus>1</itemStatus>
      <LastUpdateDate />
      <LastUpdateTime />
    </Product>
    <Product>
      <PriceUpdateDate>2019/10/28 09:53</PriceUpdateDate>
      <ItemCode>7290112192561</ItemCode>
      <ItemType>1</ItemType>
      <ItemName>משחת פרודונטקס משחת שיניים הגנה 75מ"ל.</ItemName>
      <ManufactureName>גורי ע.ע.ע. בעמ</ManufactureName>
      <ManufactureCountry />
      <ManufactureItemDescription />
      <UnitQty>י"ח</UnitQty>
      <Quantity>75</Quantity>
      <UnitMeasure>ל  מ"ל</UnitMeasure>
      <BisWeighted>0</BisWeighted>
      <QtyInPackage>1</QtyInPackage>
      <ItemPrice>36.90</ItemPrice>
      <UnitOfMeasurePrice>49.20</UnitOfMeasurePrice>
      <AllowDiscount>1</AllowDiscount>
      <itemStatus>1</itemStatus>
      <LastUpdateDate />
      <LastUpdateTime />
    </Product>
    <Product>
      <PriceUpdateDate>2019/10/28 09:53</PriceUpdateDate>
      <ItemCode>7290112192578</ItemCode>
      <ItemType>1</ItemType>
      <ItemName>משחת פרודונטקס משחת שיניים הגנה 75מ"ל</ItemName>
      <ManufactureName>גורי ע.ע.ע. בעמ</ManufactureName>
      <ManufactureCountry />
      <ManufactureItemDescription />
      <UnitQty>י"ח</UnitQty>
      <Quantity>75</Quantity>
      <UnitMeasure>ל  מ"ל</UnitMeasure>
      <BisWeighted>0</BisWeighted>
      <QtyInPackage>1</QtyInPackage>
      <ItemPrice>36.90</ItemPrice>
      <UnitOfMeasurePrice>49.20</UnitOfMeasurePrice>
      <AllowDiscount>1</AllowDiscount>
      <itemStatus>1</itemStatus>
      <LastUpdateDate />
      <LastUpdateTime />
    </Product>
    <Product>
      <PriceUpdateDate>2019/10/28 09:53</PriceUpdateDate>
      <ItemCode>7290112192585</ItemCode>
      <ItemType>1</ItemType>
      <ItemName>פרודונטקס מברשת שיניים הנגה</ItemName>
      <ManufactureName>גורי ע.ע.ע. בעמ</ManufactureName>
      <ManufactureCountry />
      <ManufactureItemDescription />
      <UnitQty>י"ח</UnitQty>
      <Quantity>1</Quantity>
      <UnitMeasure />
      <BisWeighted>0</BisWeighted>
      <QtyInPackage>1</QtyInPackage>
      <ItemPrice>29.90</ItemPrice>
      <UnitOfMeasurePrice>29.90</UnitOfMeasurePrice>
      <AllowDiscount>1</AllowDiscount>
      <itemStatus>1</itemStatus>
      <LastUpdateDate />
      <LastUpdateTime />
    </Product>
    <Product>
      <PriceUpdateDate>2019/05/22 09:48</PriceUpdateDate>
      <ItemCode>7290112192608</ItemCode>
      <ItemType>1</ItemType>
      <ItemName>פילה סויה ענק 180ג</ItemName>
      <ManufactureName>גורי מוצרי צריכה בעמ</ManufactureName>
      <ManufactureCountry />
      <ManufactureItemDescription />
      <UnitQty>י"ח</UnitQty>
      <Quantity>180</Quantity>
      <UnitMeasure>ל  גרם</UnitMeasure>
      <BisWeighted>0</BisWeighted>
      <QtyInPackage>1</QtyInPackage>
      <ItemPrice>19.90</ItemPrice>
      <UnitOfMeasurePrice>11.06</UnitOfMeasurePrice>
      <AllowDiscount>1</AllowDiscount>
      <itemStatus>1</itemStatus>
      <LastUpdateDate />
      <LastUpdateTime />
    </Product>
    <Product>
      <PriceUpdateDate>2019/05/22 09:48</PriceUpdateDate>
      <ItemCode>7290112192615</ItemCode>
      <ItemType>1</ItemType>
      <ItemName>פילה סויה רגיל 170ג</ItemName>
      <ManufactureName>גורי מוצרי צריכה בעמ</ManufactureName>
      <ManufactureCountry />
      <ManufactureItemDescription />
      <UnitQty>י"ח</UnitQty>
      <Quantity>170</Quantity>
      <UnitMeasure>ל  גרם</UnitMeasure>
      <BisWeighted>0</BisWeighted>
      <QtyInPackage>1</QtyInPackage>
      <ItemPrice>19.90</ItemPrice>
      <UnitOfMeasurePrice>11.71</UnitOfMeasurePrice>
      <AllowDiscount>1</AllowDiscount>
      <itemStatus>1</itemStatus>
      <LastUpdateDate />
      <LastUpdateTime />
    </Product>
    <Product>
      <PriceUpdateDate>2019/05/22 09:48</PriceUpdateDate>
      <ItemCode>7290112192622</ItemCode>
      <ItemType>1</ItemType>
      <ItemName>רצועות סויה 170ג</ItemName>
      <ManufactureName>גורי מוצרי צריכה בעמ</ManufactureName>
      <ManufactureCountry />
      <ManufactureItemDescription />
      <UnitQty>י"ח</UnitQty>
      <Quantity>170</Quantity>
      <UnitMeasure>ל  גרם</UnitMeasure>
      <BisWeighted>0</BisWeighted>
      <QtyInPackage>1</QtyInPackage>
      <ItemPrice>14.90</ItemPrice>
      <UnitOfMeasurePrice>8.76</UnitOfMeasurePrice>
      <AllowDiscount>1</AllowDiscount>
      <itemStatus>1</itemStatus>
      <LastUpdateDate />
      <LastUpdateTime />
    </Product>
    <Product>
      <PriceUpdateDate>2019/05/22 09:48</PriceUpdateDate>
      <ItemCode>7290112192639</ItemCode>
      <ItemType>1</ItemType>
      <ItemName>נתחי  סויה 170ג</ItemName>
      <ManufactureName>גורי מוצרי צריכה בעמ</ManufactureName>
      <ManufactureCountry />
      <ManufactureItemDescription />
      <UnitQty>י"ח</UnitQty>
      <Quantity>170</Quantity>
      <UnitMeasure>ל  גרם</UnitMeasure>
      <BisWeighted>0</BisWeighted>
      <QtyInPackage>1</QtyInPackage>
      <ItemPrice>14.90</ItemPrice>
      <UnitOfMeasurePrice>8.76</UnitOfMeasurePrice>
      <AllowDiscount>1</AllowDiscount>
      <itemStatus>1</itemStatus>
      <LastUpdateDate />
      <LastUpdateTime />
    </Product>
    <Product>
      <PriceUpdateDate>2019/05/22 09:48</PriceUpdateDate>
      <ItemCode>7290112192646</ItemCode>
      <ItemType>1</ItemType>
      <ItemName>טחון  סויה 170ג</ItemName>
      <ManufactureName>גורי מוצרי צריכה בעמ</ManufactureName>
      <ManufactureCountry />
      <ManufactureItemDescription />
      <UnitQty>י"ח</UnitQty>
      <Quantity>170</Quantity>
      <UnitMeasure>ל  גרם</UnitMeasure>
      <BisWeighted>0</BisWeighted>
      <QtyInPackage>1</QtyInPackage>
      <ItemPrice>14.90</ItemPrice>
      <UnitOfMeasurePrice>8.76</UnitOfMeasurePrice>
      <AllowDiscount>1</AllowDiscount>
      <itemStatus>1</itemStatus>
      <LastUpdateDate />
      <LastUpdateTime />
    </Product>
    <Product>
      <PriceUpdateDate>2019/05/22 09:48</PriceUpdateDate>
      <ItemCode>7290112192653</ItemCode>
      <ItemType>1</ItemType>
      <ItemName>קוביות סויה 170ג</ItemName>
      <ManufactureName>גורי מוצרי צריכה בעמ</ManufactureName>
      <ManufactureCountry />
      <ManufactureItemDescription />
      <UnitQty>י"ח</UnitQty>
      <Quantity>170</Quantity>
      <UnitMeasure>ל  גרם</UnitMeasure>
      <BisWeighted>0</BisWeighted>
      <QtyInPackage>1</QtyInPackage>
      <ItemPrice>14.90</ItemPrice>
      <UnitOfMeasurePrice>8.76</UnitOfMeasurePrice>
      <AllowDiscount>1</AllowDiscount>
      <itemStatus>1</itemStatus>
      <LastUpdateDate />
      <LastUpdateTime />
    </Product>
    <Product>
      <PriceUpdateDate>2019/11/26 07:54</PriceUpdateDate>
      <ItemCode>7290112192875</ItemCode>
      <ItemType>1</ItemType>
      <ItemName>משחת סנסודיין רגישות וחניכיים</ItemName>
      <ManufactureName>גורי ע.ע.ע. בעמ</ManufactureName>
      <ManufactureCountry />
      <ManufactureItemDescription />
      <UnitQty>י"ח</UnitQty>
      <Quantity>75</Quantity>
      <UnitMeasure>ל  גרם</UnitMeasure>
      <BisWeighted>0</BisWeighted>
      <QtyInPackage>1</QtyInPackage>
      <ItemPrice>34.90</ItemPrice>
      <UnitOfMeasurePrice>46.53</UnitOfMeasurePrice>
      <AllowDiscount>1</AllowDiscount>
      <itemStatus>1</itemStatus>
      <LastUpdateDate />
      <LastUpdateTime />
    </Product>
    <Product>
      <PriceUpdateDate>2019/11/27 07:58</PriceUpdateDate>
      <ItemCode>7290112192882</ItemCode>
      <ItemType>1</ItemType>
      <ItemName>סנסודיין רגישות וחניכיים מלבינה</ItemName>
      <ManufactureName>גורי ע.ע.ע. בעמ</ManufactureName>
      <ManufactureCountry />
      <ManufactureItemDescription />
      <UnitQty>י"ח</UnitQty>
      <Quantity>75</Quantity>
      <UnitMeasure>ל  גרם</UnitMeasure>
      <BisWeighted>0</BisWeighted>
      <QtyInPackage>1</QtyInPackage>
      <ItemPrice>34.90</ItemPrice>
      <UnitOfMeasurePrice>46.53</UnitOfMeasurePrice>
      <AllowDiscount>1</AllowDiscount>
      <itemStatus>1</itemStatus>
      <LastUpdateDate />
      <LastUpdateTime />
    </Product>
    <Product>
      <PriceUpdateDate>2019/11/26 07:54</PriceUpdateDate>
      <ItemCode>7290112192905</ItemCode>
      <ItemType>1</ItemType>
      <ItemName>מברשת שיניים וחניכיים סופט</ItemName>
      <ManufactureName>גורי ע.ע.ע. בעמ</ManufactureName>
      <ManufactureCountry />
      <ManufactureItemDescription />
      <UnitQty>י"ח</UnitQty>
      <Quantity>75</Quantity>
      <UnitMeasure>ל  גרם</UnitMeasure>
      <BisWeighted>0</BisWeighted>
      <QtyInPackage>1</QtyInPackage>
      <ItemPrice>27.90</ItemPrice>
      <UnitOfMeasurePrice>37.20</UnitOfMeasurePrice>
      <AllowDiscount>1</AllowDiscount>
      <itemStatus>1</itemStatus>
      <LastUpdateDate />
      <LastUpdateTime />
    </Product>
    <Product>
      <PriceUpdateDate>2020/04/21 10:23</PriceUpdateDate>
      <ItemCode>7290112192943</ItemCode>
      <ItemType>1</ItemType>
      <ItemName>אנטוש אלוורה 50 מ``ל</ItemName>
      <ManufactureName>גורי ע.ע.ע. בעמ</ManufactureName>
      <ManufactureCountry />
      <ManufactureItemDescription />
      <UnitQty>י"ח</UnitQty>
      <Quantity>500</Quantity>
      <UnitMeasure>ל  מ"ל</UnitMeasure>
      <BisWeighted>0</BisWeighted>
      <QtyInPackage>1</QtyInPackage>
      <ItemPrice>18.90</ItemPrice>
      <UnitOfMeasurePrice>3.78</UnitOfMeasurePrice>
      <AllowDiscount>1</AllowDiscount>
      <itemStatus>1</itemStatus>
      <LastUpdateDate />
      <LastUpdateTime />
    </Product>
    <Product>
      <PriceUpdateDate>2019/09/18 08:39</PriceUpdateDate>
      <ItemCode>7290112331243</ItemCode>
      <ItemType>1</ItemType>
      <ItemName>רביולי 4 גבינות EAT GOOD שטראוס</ItemName>
      <ManufactureName>שטראוס גרופ ***בעמ</ManufactureName>
      <ManufactureCountry />
      <ManufactureItemDescription />
      <UnitQty>י"ח</UnitQty>
      <Quantity>400</Quantity>
      <UnitMeasure>ל  גרם</UnitMeasure>
      <BisWeighted>0</BisWeighted>
      <QtyInPackage>1</QtyInPackage>
      <ItemPrice>19.90</ItemPrice>
      <UnitOfMeasurePrice>4.98</UnitOfMeasurePrice>
      <AllowDiscount>1</AllowDiscount>
      <itemStatus>1</itemStatus>
      <LastUpdateDate />
      <LastUpdateTime />
    </Product>
    <Product>
      <PriceUpdateDate>2019/09/18 08:39</PriceUpdateDate>
      <ItemCode>7290112331250</ItemCode>
      <ItemType>1</ItemType>
      <ItemName>רביולי ארטישוק EAT GOOD שטראוס</ItemName>
      <ManufactureName>שטראוס גרופ ***בעמ</ManufactureName>
      <ManufactureCountry />
      <ManufactureItemDescription />
      <UnitQty>י"ח</UnitQty>
      <Quantity>400</Quantity>
      <UnitMeasure>ל  גרם</UnitMeasure>
      <BisWeighted>0</BisWeighted>
      <QtyInPackage>1</QtyInPackage>
      <ItemPrice>19.90</ItemPrice>
      <UnitOfMeasurePrice>4.98</UnitOfMeasurePrice>
      <AllowDiscount>1</AllowDiscount>
      <itemStatus>1</itemStatus>
      <LastUpdateDate />
      <LastUpdateTime />
    </Product>
    <Product>
      <PriceUpdateDate>2019/02/12 09:13</PriceUpdateDate>
      <ItemCode>7290112331786</ItemCode>
      <ItemType>1</ItemType>
      <ItemName>קפסולות אספרסו 9 עלית 50גר</ItemName>
      <ManufactureName>שטראוס גרופ בעמ</ManufactureName>
      <ManufactureCountry />
      <ManufactureItemDescription />
      <UnitQty>י"ח</UnitQty>
      <Quantity>50</Quantity>
      <UnitMeasure>ל  גרם</UnitMeasure>
      <BisWeighted>0</BisWeighted>
      <QtyInPackage>1</QtyInPackage>
      <ItemPrice>17.90</ItemPrice>
      <UnitOfMeasurePrice>35.80</UnitOfMeasurePrice>
      <AllowDiscount>1</AllowDiscount>
      <itemStatus>1</itemStatus>
      <LastUpdateDate />
      <LastUpdateTime />
    </Product>
    <Product>
      <PriceUpdateDate>2019/02/12 09:13</PriceUpdateDate>
      <ItemCode>7290112331793</ItemCode>
      <ItemType>1</ItemType>
      <ItemName>קפסולות אספרסו 10 עלית 50גר</ItemName>
      <ManufactureName>שטראוס גרופ בעמ</ManufactureName>
      <ManufactureCountry />
      <ManufactureItemDescription />
      <UnitQty>י"ח</UnitQty>
      <Quantity>50</Quantity>
      <UnitMeasure>ל  גרם</UnitMeasure>
      <BisWeighted>0</BisWeighted>
      <QtyInPackage>1</QtyInPackage>
      <ItemPrice>17.90</ItemPrice>
      <UnitOfMeasurePrice>35.80</UnitOfMeasurePrice>
      <AllowDiscount>1</AllowDiscount>
      <itemStatus>1</itemStatus>
      <LastUpdateDate />
      <LastUpdateTime />
    </Product>
    <Product>
      <PriceUpdateDate>2019/06/02 10:01</PriceUpdateDate>
      <ItemCode>7290112331946</ItemCode>
      <ItemType>1</ItemType>
      <ItemName>רבע לשבע טורטית 120גר`</ItemName>
      <ManufactureName>שטראוס גרופ בעמ</ManufactureName>
      <ManufactureCountry />
      <ManufactureItemDescription />
      <UnitQty>י"ח</UnitQty>
      <Quantity>120</Quantity>
      <UnitMeasure>ל  גרם</UnitMeasure>
      <BisWeighted>0</BisWeighted>
      <QtyInPackage>1</QtyInPackage>
      <ItemPrice>11.90</ItemPrice>
      <UnitOfMeasurePrice>9.92</UnitOfMeasurePrice>
      <AllowDiscount>1</AllowDiscount>
      <itemStatus>1</itemStatus>
      <LastUpdateDate />
      <LastUpdateTime />
    </Product>
    <Product>
      <PriceUpdateDate>2019/02/12 09:13</PriceUpdateDate>
      <ItemCode>7290112331953</ItemCode>
      <ItemType>1</ItemType>
      <ItemName>עוגיות שוקולדצ`יפס תחתית שוקולד ח. 180</ItemName>
      <ManufactureName>שטראוס גרופ בעמ</ManufactureName>
      <ManufactureCountry />
      <ManufactureItemDescription />
      <UnitQty>י"ח</UnitQty>
      <Quantity>180</Quantity>
      <UnitMeasure>ל  גרם</UnitMeasure>
      <BisWeighted>0</BisWeighted>
      <QtyInPackage>1</QtyInPackage>
      <ItemPrice>9.90</ItemPrice>
      <UnitOfMeasurePrice>5.50</UnitOfMeasurePrice>
      <AllowDiscount>1</AllowDiscount>
      <itemStatus>1</itemStatus>
      <LastUpdateDate />
      <LastUpdateTime />
    </Product>
    <Product>
      <PriceUpdateDate>2019/09/27 07:49</PriceUpdateDate>
      <ItemCode>7290112332028</ItemCode>
      <ItemType>1</ItemType>
      <ItemName>כיף כף בלונדי</ItemName>
      <ManufactureName>שטראוס גרופ בעמ</ManufactureName>
      <ManufactureCountry />
      <ManufactureItemDescription />
      <UnitQty>י"ח</UnitQty>
      <Quantity>45</Quantity>
      <UnitMeasure>ל  גרם</UnitMeasure>
      <BisWeighted>0</BisWeighted>
      <QtyInPackage>1</QtyInPackage>
      <ItemPrice>3.90</ItemPrice>
      <UnitOfMeasurePrice>8.67</UnitOfMeasurePrice>
      <AllowDiscount>1</AllowDiscount>
      <itemStatus>1</itemStatus>
      <LastUpdateDate />
      <LastUpdateTime />
    </Product>
    <Product>
      <PriceUpdateDate>2019/07/29 11:22</PriceUpdateDate>
      <ItemCode>7290112332141</ItemCode>
      <ItemType>1</ItemType>
      <ItemName>רבע לשבע שלוק שוקולד לבן  120גר`</ItemName>
      <ManufactureName>שטראוס גרופ בעמ</ManufactureName>
      <ManufactureCountry />
      <ManufactureItemDescription />
      <UnitQty>י"ח</UnitQty>
      <Quantity>120</Quantity>
      <UnitMeasure>ל  גרם</UnitMeasure>
      <BisWeighted>0</BisWeighted>
      <QtyInPackage>1</QtyInPackage>
      <ItemPrice>11.90</ItemPrice>
      <UnitOfMeasurePrice>9.92</UnitOfMeasurePrice>
      <AllowDiscount>1</AllowDiscount>
      <itemStatus>1</itemStatus>
      <LastUpdateDate />
      <LastUpdateTime />
    </Product>
    <Product>
      <PriceUpdateDate>2020/02/09 14:10</PriceUpdateDate>
      <ItemCode>7290112332158</ItemCode>
      <ItemType>1</ItemType>
      <ItemName>בלונדי שוקולד קרם שמנת 100גר</ItemName>
      <ManufactureName>שטראוס גרופ בעמ</ManufactureName>
      <ManufactureCountry />
      <ManufactureItemDescription />
      <UnitQty>י"ח</UnitQty>
      <Quantity>100</Quantity>
      <UnitMeasure>ל  גרם</UnitMeasure>
      <BisWeighted>0</BisWeighted>
      <QtyInPackage>1</QtyInPackage>
      <ItemPrice>7.90</ItemPrice>
      <UnitOfMeasurePrice>7.90</UnitOfMeasurePrice>
      <AllowDiscount>1</AllowDiscount>
      <itemStatus>1</itemStatus>
      <LastUpdateDate />
      <LastUpdateTime />
    </Product>
    <Product>
      <PriceUpdateDate>2019/07/29 11:22</PriceUpdateDate>
      <ItemCode>7290112332691</ItemCode>
      <ItemType>1</ItemType>
      <ItemName>פינוקיות פסק זמן אגוזים 200גר</ItemName>
      <ManufactureName>שטראוס גרופ בעמ</ManufactureName>
      <ManufactureCountry />
      <ManufactureItemDescription />
      <UnitQty>י"ח</UnitQty>
      <Quantity>200</Quantity>
      <UnitMeasure>ל  גרם</UnitMeasure>
      <BisWeighted>0</BisWeighted>
      <QtyInPackage>1</QtyInPackage>
      <ItemPrice>10.90</ItemPrice>
      <UnitOfMeasurePrice>5.45</UnitOfMeasurePrice>
      <AllowDiscount>1</AllowDiscount>
      <itemStatus>1</itemStatus>
      <LastUpdateDate />
      <LastUpdateTime />
    </Product>
    <Product>
      <PriceUpdateDate>2019/11/24 13:15</PriceUpdateDate>
      <ItemCode>7290112332868</ItemCode>
      <ItemType>1</ItemType>
      <ItemName>מסטיק בוקסי מנטה לימון 64גר</ItemName>
      <ManufactureName>שטראוס גרופ בעמ</ManufactureName>
      <ManufactureCountry />
      <ManufactureItemDescription />
      <UnitQty>י"ח</UnitQty>
      <Quantity>66</Quantity>
      <UnitMeasure>ל  גרם</UnitMeasure>
      <BisWeighted>0</BisWeighted>
      <QtyInPackage>1</QtyInPackage>
      <ItemPrice>9.80</ItemPrice>
      <UnitOfMeasurePrice>14.85</UnitOfMeasurePrice>
      <AllowDiscount>1</AllowDiscount>
      <itemStatus>1</itemStatus>
      <LastUpdateDate />
      <LastUpdateTime />
    </Product>
    <Product>
      <PriceUpdateDate>2019/05/17 08:57</PriceUpdateDate>
      <ItemCode>7290112332875</ItemCode>
      <ItemType>1</ItemType>
      <ItemName>מאסט לארג באבלמינט 80גר</ItemName>
      <ManufactureName>שטראוס גרופ בעמ</ManufactureName>
      <ManufactureCountry />
      <ManufactureItemDescription />
      <UnitQty>י"ח</UnitQty>
      <Quantity>80</Quantity>
      <UnitMeasure>ל  גרם</UnitMeasure>
      <BisWeighted>0</BisWeighted>
      <QtyInPackage>1</QtyInPackage>
      <ItemPrice>13.90</ItemPrice>
      <UnitOfMeasurePrice>17.38</UnitOfMeasurePrice>
      <AllowDiscount>1</AllowDiscount>
      <itemStatus>1</itemStatus>
      <LastUpdateDate />
      <LastUpdateTime />
    </Product>
    <Product>
      <PriceUpdateDate>2019/06/20 11:16</PriceUpdateDate>
      <ItemCode>7290112332899</ItemCode>
      <ItemType>1</ItemType>
      <ItemName>מסטיק בזוקה פופים קלאסי 58גר</ItemName>
      <ManufactureName>שטראוס גרופ בעמ</ManufactureName>
      <ManufactureCountry />
      <ManufactureItemDescription />
      <UnitQty>י"ח</UnitQty>
      <Quantity>58</Quantity>
      <UnitMeasure>ל  גרם</UnitMeasure>
      <BisWeighted>0</BisWeighted>
      <QtyInPackage>1</QtyInPackage>
      <ItemPrice>9.80</ItemPrice>
      <UnitOfMeasurePrice>16.90</UnitOfMeasurePrice>
      <AllowDiscount>1</AllowDiscount>
      <itemStatus>1</itemStatus>
      <LastUpdateDate />
      <LastUpdateTime />
    </Product>
    <Product>
      <PriceUpdateDate>2019/12/30 14:29</PriceUpdateDate>
      <ItemCode>7290112333278</ItemCode>
      <ItemType>1</ItemType>
      <ItemName>דוריטוס גריל מנטה 70ג</ItemName>
      <ManufactureName>שטראוס פריטו ליי בעמ</ManufactureName>
      <ManufactureCountry />
      <ManufactureItemDescription />
      <UnitQty>י"ח</UnitQty>
      <Quantity>70</Quantity>
      <UnitMeasure>ל  גרם</UnitMeasure>
      <BisWeighted>0</BisWeighted>
      <QtyInPackage>1</QtyInPackage>
      <ItemPrice>3.90</ItemPrice>
      <UnitOfMeasurePrice>5.57</UnitOfMeasurePrice>
      <AllowDiscount>1</AllowDiscount>
      <itemStatus>1</itemStatus>
      <LastUpdateDate />
      <LastUpdateTime />
    </Product>
    <Product>
      <PriceUpdateDate>2019/12/30 14:29</PriceUpdateDate>
      <ItemCode>7290112333315</ItemCode>
      <ItemType>1</ItemType>
      <ItemName>דוריטוס אפקט החריפות  70ג</ItemName>
      <ManufactureName>שטראוס פריטו ליי בעמ</ManufactureName>
      <ManufactureCountry />
      <ManufactureItemDescription />
      <UnitQty>י"ח</UnitQty>
      <Quantity>70</Quantity>
      <UnitMeasure>ל  גרם</UnitMeasure>
      <BisWeighted>0</BisWeighted>
      <QtyInPackage>1</QtyInPackage>
      <ItemPrice>3.90</ItemPrice>
      <UnitOfMeasurePrice>5.57</UnitOfMeasurePrice>
      <AllowDiscount>1</AllowDiscount>
      <itemStatus>1</itemStatus>
      <LastUpdateDate />
      <LastUpdateTime />
    </Product>
    <Product>
      <PriceUpdateDate>2019/09/13 09:10</PriceUpdateDate>
      <ItemCode>7290112333445</ItemCode>
      <ItemType>1</ItemType>
      <ItemName>צ יטוס שפמים 55גר</ItemName>
      <ManufactureName>שטראוס פריטו ליי בעמ</ManufactureName>
      <ManufactureCountry />
      <ManufactureItemDescription />
      <UnitQty>י"ח</UnitQty>
      <Quantity>0.55</Quantity>
      <UnitMeasure>י"ח</UnitMeasure>
      <BisWeighted>0</BisWeighted>
      <QtyInPackage>1</QtyInPackage>
      <ItemPrice>3.70</ItemPrice>
      <UnitOfMeasurePrice>6.73</UnitOfMeasurePrice>
      <AllowDiscount>1</AllowDiscount>
      <itemStatus>1</itemStatus>
      <LastUpdateDate />
      <LastUpdateTime />
    </Product>
    <Product>
      <PriceUpdateDate>2019/07/08 11:31</PriceUpdateDate>
      <ItemCode>7290112333469</ItemCode>
      <ItemType>1</ItemType>
      <ItemName>צ יטוס מספרים 65ג</ItemName>
      <ManufactureName>שטראוס פריטו ליי בעמ</ManufactureName>
      <ManufactureCountry />
      <ManufactureItemDescription />
      <UnitQty>י"ח</UnitQty>
      <Quantity>60</Quantity>
      <UnitMeasure>ל  גרם</UnitMeasure>
      <BisWeighted>0</BisWeighted>
      <QtyInPackage>1</QtyInPackage>
      <ItemPrice>3.50</ItemPrice>
      <UnitOfMeasurePrice>5.83</UnitOfMeasurePrice>
      <AllowDiscount>1</AllowDiscount>
      <itemStatus>1</itemStatus>
      <LastUpdateDate />
      <LastUpdateTime />
    </Product>
    <Product>
      <PriceUpdateDate>2019/02/12 09:13</PriceUpdateDate>
      <ItemCode>7290112335043</ItemCode>
      <ItemType>1</ItemType>
      <ItemName>מרשמלו בזוקה 150גר עלית</ItemName>
      <ManufactureName>שטראוס גרופ בעמ</ManufactureName>
      <ManufactureCountry />
      <ManufactureItemDescription />
      <UnitQty>י"ח</UnitQty>
      <Quantity>150</Quantity>
      <UnitMeasure>ל  גרם</UnitMeasure>
      <BisWeighted>0</BisWeighted>
      <QtyInPackage>1</QtyInPackage>
      <ItemPrice>5.90</ItemPrice>
      <UnitOfMeasurePrice>3.93</UnitOfMeasurePrice>
      <AllowDiscount>1</AllowDiscount>
      <itemStatus>1</itemStatus>
      <LastUpdateDate />
      <LastUpdateTime />
    </Product>
    <Product>
      <PriceUpdateDate>2019/02/12 09:13</PriceUpdateDate>
      <ItemCode>7290112335050</ItemCode>
      <ItemType>1</ItemType>
      <ItemName>מרשמלו וניל 150גר עלית</ItemName>
      <ManufactureName>שטראוס גרופ בעמ</ManufactureName>
      <ManufactureCountry />
      <ManufactureItemDescription />
      <UnitQty>י"ח</UnitQty>
      <Quantity>150</Quantity>
      <UnitMeasure>ל  גרם</UnitMeasure>
      <BisWeighted>0</BisWeighted>
      <QtyInPackage>1</QtyInPackage>
      <ItemPrice>5.90</ItemPrice>
      <UnitOfMeasurePrice>3.93</UnitOfMeasurePrice>
      <AllowDiscount>1</AllowDiscount>
      <itemStatus>1</itemStatus>
      <LastUpdateDate />
      <LastUpdateTime />
    </Product>
    <Product>
      <PriceUpdateDate>2019/05/17 08:57</PriceUpdateDate>
      <ItemCode>7290112335111</ItemCode>
      <ItemType>1</ItemType>
      <ItemName>מאסט לארג באבלמינט 80גר</ItemName>
      <ManufactureName>שטראוס גרופ בעמ</ManufactureName>
      <ManufactureCountry />
      <ManufactureItemDescription />
      <UnitQty>י"ח</UnitQty>
      <Quantity>80</Quantity>
      <UnitMeasure>ל  גרם</UnitMeasure>
      <BisWeighted>0</BisWeighted>
      <QtyInPackage>1</QtyInPackage>
      <ItemPrice>13.90</ItemPrice>
      <UnitOfMeasurePrice>17.38</UnitOfMeasurePrice>
      <AllowDiscount>1</AllowDiscount>
      <itemStatus>1</itemStatus>
      <LastUpdateDate />
      <LastUpdateTime />
    </Product>
    <Product>
      <PriceUpdateDate>2019/06/20 11:16</PriceUpdateDate>
      <ItemCode>7290112335487</ItemCode>
      <ItemType>1</ItemType>
      <ItemName>פריכיות הטעימות קצח ודגנים 135גר</ItemName>
      <ManufactureName>שטראוס גרופ בעמ</ManufactureName>
      <ManufactureCountry />
      <ManufactureItemDescription />
      <UnitQty>י"ח</UnitQty>
      <Quantity>135</Quantity>
      <UnitMeasure>ל  גרם</UnitMeasure>
      <BisWeighted>0</BisWeighted>
      <QtyInPackage>1</QtyInPackage>
      <ItemPrice>11.90</ItemPrice>
      <UnitOfMeasurePrice>8.81</UnitOfMeasurePrice>
      <AllowDiscount>1</AllowDiscount>
      <itemStatus>1</itemStatus>
      <LastUpdateDate />
      <LastUpdateTime />
    </Product>
    <Product>
      <PriceUpdateDate>2019/06/20 11:16</PriceUpdateDate>
      <ItemCode>7290112335494</ItemCode>
      <ItemType>1</ItemType>
      <ItemName>פריכיות הטעימות פוטטוס 135גר</ItemName>
      <ManufactureName>שטראוס גרופ בעמ</ManufactureName>
      <ManufactureCountry />
      <ManufactureItemDescription />
      <UnitQty>י"ח</UnitQty>
      <Quantity>135</Quantity>
      <UnitMeasure>ל  גרם</UnitMeasure>
      <BisWeighted>0</BisWeighted>
      <QtyInPackage>1</QtyInPackage>
      <ItemPrice>11.90</ItemPrice>
      <UnitOfMeasurePrice>8.81</UnitOfMeasurePrice>
      <AllowDiscount>1</AllowDiscount>
      <itemStatus>1</itemStatus>
      <LastUpdateDate />
      <LastUpdateTime />
    </Product>
    <Product>
      <PriceUpdateDate>2019/06/20 11:16</PriceUpdateDate>
      <ItemCode>7290112335500</ItemCode>
      <ItemType>1</ItemType>
      <ItemName>פריכיות הטעימות חלבון 135גר</ItemName>
      <ManufactureName>שטראוס גרופ בעמ</ManufactureName>
      <ManufactureCountry />
      <ManufactureItemDescription />
      <UnitQty>י"ח</UnitQty>
      <Quantity>135</Quantity>
      <UnitMeasure>ל  גרם</UnitMeasure>
      <BisWeighted>0</BisWeighted>
      <QtyInPackage>1</QtyInPackage>
      <ItemPrice>11.90</ItemPrice>
      <UnitOfMeasurePrice>8.81</UnitOfMeasurePrice>
      <AllowDiscount>1</AllowDiscount>
      <itemStatus>1</itemStatus>
      <LastUpdateDate />
      <LastUpdateTime />
    </Product>
    <Product>
      <PriceUpdateDate>2019/12/22 13:17</PriceUpdateDate>
      <ItemCode>7290112335999</ItemCode>
      <ItemType>1</ItemType>
      <ItemName>אשכולות ספלנדיד שוקולד מריר 105ג</ItemName>
      <ManufactureName>שטראוס גרופ בעמ</ManufactureName>
      <ManufactureCountry />
      <ManufactureItemDescription />
      <UnitQty>י"ח</UnitQty>
      <Quantity>105</Quantity>
      <UnitMeasure>ל  גרם</UnitMeasure>
      <BisWeighted>0</BisWeighted>
      <QtyInPackage>1</QtyInPackage>
      <ItemPrice>13.90</ItemPrice>
      <UnitOfMeasurePrice>13.24</UnitOfMeasurePrice>
      <AllowDiscount>1</AllowDiscount>
      <itemStatus>1</itemStatus>
      <LastUpdateDate />
      <LastUpdateTime />
    </Product>
    <Product>
      <PriceUpdateDate>2019/12/22 13:17</PriceUpdateDate>
      <ItemCode>7290112336002</ItemCode>
      <ItemType>1</ItemType>
      <ItemName>אשכולות ספלנדיד שוקולד מריר תפוז 105ג</ItemName>
      <ManufactureName>שטראוס גרופ בעמ</ManufactureName>
      <ManufactureCountry />
      <ManufactureItemDescription />
      <UnitQty>י"ח</UnitQty>
      <Quantity>105</Quantity>
      <UnitMeasure>ל  גרם</UnitMeasure>
      <BisWeighted>0</BisWeighted>
      <QtyInPackage>1</QtyInPackage>
      <ItemPrice>13.90</ItemPrice>
      <UnitOfMeasurePrice>13.24</UnitOfMeasurePrice>
      <AllowDiscount>1</AllowDiscount>
      <itemStatus>1</itemStatus>
      <LastUpdateDate />
      <LastUpdateTime />
    </Product>
    <Product>
      <PriceUpdateDate>2019/07/29 11:22</PriceUpdateDate>
      <ItemCode>7290112336620</ItemCode>
      <ItemType>1</ItemType>
      <ItemName>רבע לשבע שלוק שוקולד חלב  120גר`</ItemName>
      <ManufactureName>שטראוס גרופ בעמ</ManufactureName>
      <ManufactureCountry />
      <ManufactureItemDescription />
      <UnitQty>י"ח</UnitQty>
      <Quantity>120</Quantity>
      <UnitMeasure>ל  גרם</UnitMeasure>
      <BisWeighted>0</BisWeighted>
      <QtyInPackage>1</QtyInPackage>
      <ItemPrice>11.90</ItemPrice>
      <UnitOfMeasurePrice>9.92</UnitOfMeasurePrice>
      <AllowDiscount>1</AllowDiscount>
      <itemStatus>1</itemStatus>
      <LastUpdateDate />
      <LastUpdateTime />
    </Product>
    <Product>
      <PriceUpdateDate>2019/06/20 11:16</PriceUpdateDate>
      <ItemCode>7290112337450</ItemCode>
      <ItemType>1</ItemType>
      <ItemName>מסטיק בזוקה פופים בטעם תות 58גר</ItemName>
      <ManufactureName>שטראוס גרופ בעמ</ManufactureName>
      <ManufactureCountry />
      <ManufactureItemDescription />
      <UnitQty>י"ח</UnitQty>
      <Quantity>66</Quantity>
      <UnitMeasure>ל  גרם</UnitMeasure>
      <BisWeighted>0</BisWeighted>
      <QtyInPackage>1</QtyInPackage>
      <ItemPrice>9.80</ItemPrice>
      <UnitOfMeasurePrice>14.85</UnitOfMeasurePrice>
      <AllowDiscount>1</AllowDiscount>
      <itemStatus>1</itemStatus>
      <LastUpdateDate />
      <LastUpdateTime />
    </Product>
    <Product>
      <PriceUpdateDate>2019/09/27 07:49</PriceUpdateDate>
      <ItemCode>7290112338655</ItemCode>
      <ItemType>1</ItemType>
      <ItemName>קפסולות מלבי סדרת השף עלית 50גר</ItemName>
      <ManufactureName>שטראוס גרופ בעמ</ManufactureName>
      <ManufactureCountry />
      <ManufactureItemDescription />
      <UnitQty>י"ח</UnitQty>
      <Quantity>50</Quantity>
      <UnitMeasure>ל  גרם</UnitMeasure>
      <BisWeighted>0</BisWeighted>
      <QtyInPackage>1</QtyInPackage>
      <ItemPrice>17.90</ItemPrice>
      <UnitOfMeasurePrice>35.80</UnitOfMeasurePrice>
      <AllowDiscount>1</AllowDiscount>
      <itemStatus>1</itemStatus>
      <LastUpdateDate />
      <LastUpdateTime />
    </Product>
    <Product>
      <PriceUpdateDate>2019/09/27 07:49</PriceUpdateDate>
      <ItemCode>7290112338662</ItemCode>
      <ItemType>1</ItemType>
      <ItemName>קפסולות עוגיות מרצפן סדרת השף עלית 50גר</ItemName>
      <ManufactureName>שטראוס גרופ בעמ</ManufactureName>
      <ManufactureCountry />
      <ManufactureItemDescription />
      <UnitQty>י"ח</UnitQty>
      <Quantity>50</Quantity>
      <UnitMeasure>ל  גרם</UnitMeasure>
      <BisWeighted>0</BisWeighted>
      <QtyInPackage>1</QtyInPackage>
      <ItemPrice>17.90</ItemPrice>
      <UnitOfMeasurePrice>35.80</UnitOfMeasurePrice>
      <AllowDiscount>1</AllowDiscount>
      <itemStatus>1</itemStatus>
      <LastUpdateDate />
      <LastUpdateTime />
    </Product>
    <Product>
      <PriceUpdateDate>2019/09/27 07:49</PriceUpdateDate>
      <ItemCode>7290112338693</ItemCode>
      <ItemType>1</ItemType>
      <ItemName>קפסולות עוגת תבלינים סדרת השף עלית 50ג</ItemName>
      <ManufactureName>שטראוס גרופ בעמ</ManufactureName>
      <ManufactureCountry />
      <ManufactureItemDescription />
      <UnitQty>י"ח</UnitQty>
      <Quantity>50</Quantity>
      <UnitMeasure>ל  גרם</UnitMeasure>
      <BisWeighted>0</BisWeighted>
      <QtyInPackage>1</QtyInPackage>
      <ItemPrice>17.90</ItemPrice>
      <UnitOfMeasurePrice>35.80</UnitOfMeasurePrice>
      <AllowDiscount>1</AllowDiscount>
      <itemStatus>1</itemStatus>
      <LastUpdateDate />
      <LastUpdateTime />
    </Product>
    <Product>
      <PriceUpdateDate>2019/05/17 08:57</PriceUpdateDate>
      <ItemCode>7290112338815</ItemCode>
      <ItemType>1</ItemType>
      <ItemName>קפסולות קרם שקדים עלית 50גר</ItemName>
      <ManufactureName>שטראוס גרופ בעמ</ManufactureName>
      <ManufactureCountry />
      <ManufactureItemDescription />
      <UnitQty>י"ח</UnitQty>
      <Quantity>50</Quantity>
      <UnitMeasure>ל  גרם</UnitMeasure>
      <BisWeighted>0</BisWeighted>
      <QtyInPackage>1</QtyInPackage>
      <ItemPrice>17.90</ItemPrice>
      <UnitOfMeasurePrice>35.80</UnitOfMeasurePrice>
      <AllowDiscount>1</AllowDiscount>
      <itemStatus>1</itemStatus>
      <LastUpdateDate />
      <LastUpdateTime />
    </Product>
    <Product>
      <PriceUpdateDate>2019/02/12 09:13</PriceUpdateDate>
      <ItemCode>7290112338822</ItemCode>
      <ItemType>1</ItemType>
      <ItemName>קפסולות אספרסו 7 עלית 50גר</ItemName>
      <ManufactureName>שטראוס גרופ בעמ</ManufactureName>
      <ManufactureCountry />
      <ManufactureItemDescription />
      <UnitQty>י"ח</UnitQty>
      <Quantity>50</Quantity>
      <UnitMeasure>ל  גרם</UnitMeasure>
      <BisWeighted>0</BisWeighted>
      <QtyInPackage>1</QtyInPackage>
      <ItemPrice>17.90</ItemPrice>
      <UnitOfMeasurePrice>35.80</UnitOfMeasurePrice>
      <AllowDiscount>1</AllowDiscount>
      <itemStatus>1</itemStatus>
      <LastUpdateDate />
      <LastUpdateTime />
    </Product>
    <Product>
      <PriceUpdateDate>2019/01/23 11:24</PriceUpdateDate>
      <ItemCode>7290112338877</ItemCode>
      <ItemType>1</ItemType>
      <ItemName>סקי תות 3% 125גר</ItemName>
      <ManufactureName>שטראוס גרופ ***בעמ</ManufactureName>
      <ManufactureCountry />
      <ManufactureItemDescription />
      <UnitQty>י"ח</UnitQty>
      <Quantity>125</Quantity>
      <UnitMeasure>ל  גרם</UnitMeasure>
      <BisWeighted>0</BisWeighted>
      <QtyInPackage>1</QtyInPackage>
      <ItemPrice>3.90</ItemPrice>
      <UnitOfMeasurePrice>3.12</UnitOfMeasurePrice>
      <AllowDiscount>1</AllowDiscount>
      <itemStatus>1</itemStatus>
      <LastUpdateDate />
      <LastUpdateTime />
    </Product>
    <Product>
      <PriceUpdateDate>2019/01/23 11:24</PriceUpdateDate>
      <ItemCode>7290112338884</ItemCode>
      <ItemType>1</ItemType>
      <ItemName>סקי אפרסק 3% 125גר</ItemName>
      <ManufactureName>שטראוס גרופ ***בעמ</ManufactureName>
      <ManufactureCountry />
      <ManufactureItemDescription />
      <UnitQty>י"ח</UnitQty>
      <Quantity>125</Quantity>
      <UnitMeasure>ל  גרם</UnitMeasure>
      <BisWeighted>0</BisWeighted>
      <QtyInPackage>1</QtyInPackage>
      <ItemPrice>3.90</ItemPrice>
      <UnitOfMeasurePrice>3.12</UnitOfMeasurePrice>
      <AllowDiscount>1</AllowDiscount>
      <itemStatus>1</itemStatus>
      <LastUpdateDate />
      <LastUpdateTime />
    </Product>
    <Product>
      <PriceUpdateDate>2019/06/12 11:08</PriceUpdateDate>
      <ItemCode>7290112338891</ItemCode>
      <ItemType>1</ItemType>
      <ItemName>סקי דובדבן 3% 125גר</ItemName>
      <ManufactureName>שטראוס גרופ ***בעמ</ManufactureName>
      <ManufactureCountry />
      <ManufactureItemDescription />
      <UnitQty>י"ח</UnitQty>
      <Quantity>125</Quantity>
      <UnitMeasure>ל  גרם</UnitMeasure>
      <BisWeighted>0</BisWeighted>
      <QtyInPackage>1</QtyInPackage>
      <ItemPrice>3.90</ItemPrice>
      <UnitOfMeasurePrice>3.12</UnitOfMeasurePrice>
      <AllowDiscount>1</AllowDiscount>
      <itemStatus>1</itemStatus>
      <LastUpdateDate />
      <LastUpdateTime />
    </Product>
    <Product>
      <PriceUpdateDate>2019/06/12 11:08</PriceUpdateDate>
      <ItemCode>7290112339317</ItemCode>
      <ItemType>1</ItemType>
      <ItemName>מילקי טופ גלידה פונץ בננה שטראוס</ItemName>
      <ManufactureName>שטראוס גרופ ***בעמ</ManufactureName>
      <ManufactureCountry />
      <ManufactureItemDescription />
      <UnitQty>י"ח</UnitQty>
      <Quantity>130</Quantity>
      <UnitMeasure>ל  מ"ל</UnitMeasure>
      <BisWeighted>0</BisWeighted>
      <QtyInPackage>1</QtyInPackage>
      <ItemPrice>4.80</ItemPrice>
      <UnitOfMeasurePrice>3.69</UnitOfMeasurePrice>
      <AllowDiscount>1</AllowDiscount>
      <itemStatus>1</itemStatus>
      <LastUpdateDate />
      <LastUpdateTime />
    </Product>
    <Product>
      <PriceUpdateDate>2019/01/23 11:24</PriceUpdateDate>
      <ItemCode>7290112339553</ItemCode>
      <ItemType>1</ItemType>
      <ItemName>סקי וניל צרפתי 3% 125גר</ItemName>
      <ManufactureName>שטראוס גרופ ***בעמ</ManufactureName>
      <ManufactureCountry />
      <ManufactureItemDescription />
      <UnitQty>י"ח</UnitQty>
      <Quantity>125</Quantity>
      <UnitMeasure>ל  גרם</UnitMeasure>
      <BisWeighted>0</BisWeighted>
      <QtyInPackage>1</QtyInPackage>
      <ItemPrice>3.90</ItemPrice>
      <UnitOfMeasurePrice>3.12</UnitOfMeasurePrice>
      <AllowDiscount>1</AllowDiscount>
      <itemStatus>1</itemStatus>
      <LastUpdateDate />
      <LastUpdateTime />
    </Product>
    <Product>
      <PriceUpdateDate>2019/04/16 12:32</PriceUpdateDate>
      <ItemCode>7290112339584</ItemCode>
      <ItemType>1</ItemType>
      <ItemName>גמדים סקוויז  וניל עוגיות בודד 100ג</ItemName>
      <ManufactureName>שטראוס גרופ ***בעמ</ManufactureName>
      <ManufactureCountry />
      <ManufactureItemDescription />
      <UnitQty>י"ח</UnitQty>
      <Quantity>100</Quantity>
      <UnitMeasure>ל  גרם</UnitMeasure>
      <BisWeighted>0</BisWeighted>
      <QtyInPackage>1</QtyInPackage>
      <ItemPrice>5.90</ItemPrice>
      <UnitOfMeasurePrice>5.90</UnitOfMeasurePrice>
      <AllowDiscount>1</AllowDiscount>
      <itemStatus>1</itemStatus>
      <LastUpdateDate />
      <LastUpdateTime />
    </Product>
    <Product>
      <PriceUpdateDate>2019/08/21 08:47</PriceUpdateDate>
      <ItemCode>7290112339614</ItemCode>
      <ItemType>1</ItemType>
      <ItemName>מילקי חגיגה טופ  כפתורי שוקולד שטראוס</ItemName>
      <ManufactureName>שטראוס גרופ ***בעמ</ManufactureName>
      <ManufactureCountry />
      <ManufactureItemDescription />
      <UnitQty>י"ח</UnitQty>
      <Quantity>130</Quantity>
      <UnitMeasure>ל  מ"ל</UnitMeasure>
      <BisWeighted>0</BisWeighted>
      <QtyInPackage>1</QtyInPackage>
      <ItemPrice>4.80</ItemPrice>
      <UnitOfMeasurePrice>3.69</UnitOfMeasurePrice>
      <AllowDiscount>1</AllowDiscount>
      <itemStatus>1</itemStatus>
      <LastUpdateDate />
      <LastUpdateTime />
    </Product>
    <Product>
      <PriceUpdateDate>2019/08/21 08:47</PriceUpdateDate>
      <ItemCode>7290112339621</ItemCode>
      <ItemType>1</ItemType>
      <ItemName>מילקי חגיגה טופ בראוניז שטראוס</ItemName>
      <ManufactureName>שטראוס גרופ ***בעמ</ManufactureName>
      <ManufactureCountry />
      <ManufactureItemDescription />
      <UnitQty>י"ח</UnitQty>
      <Quantity>144</Quantity>
      <UnitMeasure>ל  מ"ל</UnitMeasure>
      <BisWeighted>0</BisWeighted>
      <QtyInPackage>1</QtyInPackage>
      <ItemPrice>4.80</ItemPrice>
      <UnitOfMeasurePrice>3.33</UnitOfMeasurePrice>
      <AllowDiscount>1</AllowDiscount>
      <itemStatus>1</itemStatus>
      <LastUpdateDate />
      <LastUpdateTime />
    </Product>
    <Product>
      <PriceUpdateDate>2019/02/18 09:18</PriceUpdateDate>
      <ItemCode>7290112339867</ItemCode>
      <ItemType>1</ItemType>
      <ItemName>גמדים סקוויז  תות בודד 100ג</ItemName>
      <ManufactureName>שטראוס גרופ ***בעמ</ManufactureName>
      <ManufactureCountry />
      <ManufactureItemDescription />
      <UnitQty>י"ח</UnitQty>
      <Quantity>100</Quantity>
      <UnitMeasure>ל  גרם</UnitMeasure>
      <BisWeighted>0</BisWeighted>
      <QtyInPackage>1</QtyInPackage>
      <ItemPrice>5.90</ItemPrice>
      <UnitOfMeasurePrice>5.90</UnitOfMeasurePrice>
      <AllowDiscount>1</AllowDiscount>
      <itemStatus>1</itemStatus>
      <LastUpdateDate />
      <LastUpdateTime />
    </Product>
    <Product>
      <PriceUpdateDate>2019/02/18 09:18</PriceUpdateDate>
      <ItemCode>7290112339874</ItemCode>
      <ItemType>1</ItemType>
      <ItemName>גמדים סקוויז  תות בננה  בודד 100ג</ItemName>
      <ManufactureName>שטראוס גרופ ***בעמ</ManufactureName>
      <ManufactureCountry />
      <ManufactureItemDescription />
      <UnitQty>י"ח</UnitQty>
      <Quantity>100</Quantity>
      <UnitMeasure>ל  גרם</UnitMeasure>
      <BisWeighted>0</BisWeighted>
      <QtyInPackage>1</QtyInPackage>
      <ItemPrice>5.90</ItemPrice>
      <UnitOfMeasurePrice>5.90</UnitOfMeasurePrice>
      <AllowDiscount>1</AllowDiscount>
      <itemStatus>1</itemStatus>
      <LastUpdateDate />
      <LastUpdateTime />
    </Product>
    <Product>
      <PriceUpdateDate>2019/06/20 11:16</PriceUpdateDate>
      <ItemCode>7290112340122</ItemCode>
      <ItemType>1</ItemType>
      <ItemName>פריכיות הטעימות 3דגנים 135גר</ItemName>
      <ManufactureName>שטראוס גרופ בעמ</ManufactureName>
      <ManufactureCountry />
      <ManufactureItemDescription />
      <UnitQty>י"ח</UnitQty>
      <Quantity>135</Quantity>
      <UnitMeasure>ל  גרם</UnitMeasure>
      <BisWeighted>0</BisWeighted>
      <QtyInPackage>1</QtyInPackage>
      <ItemPrice>11.90</ItemPrice>
      <UnitOfMeasurePrice>8.81</UnitOfMeasurePrice>
      <AllowDiscount>1</AllowDiscount>
      <itemStatus>1</itemStatus>
      <LastUpdateDate />
      <LastUpdateTime />
    </Product>
    <Product>
      <PriceUpdateDate>2019/05/06 09:54</PriceUpdateDate>
      <ItemCode>7290112340245</ItemCode>
      <ItemType>1</ItemType>
      <ItemName>מסטיק מאסט בטעם דובדבן 66גר</ItemName>
      <ManufactureName>שטראוס גרופ בעמ</ManufactureName>
      <ManufactureCountry />
      <ManufactureItemDescription />
      <UnitQty>י"ח</UnitQty>
      <Quantity>66</Quantity>
      <UnitMeasure>ל  גרם</UnitMeasure>
      <BisWeighted>0</BisWeighted>
      <QtyInPackage>1</QtyInPackage>
      <ItemPrice>9.90</ItemPrice>
      <UnitOfMeasurePrice>15</UnitOfMeasurePrice>
      <AllowDiscount>1</AllowDiscount>
      <itemStatus>1</itemStatus>
      <LastUpdateDate />
      <LastUpdateTime />
    </Product>
    <Product>
      <PriceUpdateDate>2019/05/06 09:54</PriceUpdateDate>
      <ItemCode>7290112340252</ItemCode>
      <ItemType>1</ItemType>
      <ItemName>מסטיק מאסט בטעם אבטיח מלון 66גר</ItemName>
      <ManufactureName>שטראוס גרופ בעמ</ManufactureName>
      <ManufactureCountry />
      <ManufactureItemDescription />
      <UnitQty>י"ח</UnitQty>
      <Quantity>66</Quantity>
      <UnitMeasure>ל  גרם</UnitMeasure>
      <BisWeighted>0</BisWeighted>
      <QtyInPackage>1</QtyInPackage>
      <ItemPrice>9.90</ItemPrice>
      <UnitOfMeasurePrice>15</UnitOfMeasurePrice>
      <AllowDiscount>1</AllowDiscount>
      <itemStatus>1</itemStatus>
      <LastUpdateDate />
      <LastUpdateTime />
    </Product>
    <Product>
      <PriceUpdateDate>2019/07/29 11:22</PriceUpdateDate>
      <ItemCode>7290112340276</ItemCode>
      <ItemType>1</ItemType>
      <ItemName>פינוקיות קפה נמס  200גר</ItemName>
      <ManufactureName>שטראוס גרופ בעמ</ManufactureName>
      <ManufactureCountry />
      <ManufactureItemDescription />
      <UnitQty>י"ח</UnitQty>
      <Quantity>200</Quantity>
      <UnitMeasure>ל  גרם</UnitMeasure>
      <BisWeighted>0</BisWeighted>
      <QtyInPackage>1</QtyInPackage>
      <ItemPrice>10.90</ItemPrice>
      <UnitOfMeasurePrice>5.45</UnitOfMeasurePrice>
      <AllowDiscount>1</AllowDiscount>
      <itemStatus>1</itemStatus>
      <LastUpdateDate />
      <LastUpdateTime />
    </Product>
    <Product>
      <PriceUpdateDate>2019/06/12 11:08</PriceUpdateDate>
      <ItemCode>7290112341020</ItemCode>
      <ItemType>1</ItemType>
      <ItemName>דנונה תות 3% חוגג 100</ItemName>
      <ManufactureName>שטראוס גרופ ***בעמ</ManufactureName>
      <ManufactureCountry />
      <ManufactureItemDescription />
      <UnitQty>י"ח</UnitQty>
      <Quantity>150</Quantity>
      <UnitMeasure>ל  מ"ל</UnitMeasure>
      <BisWeighted>0</BisWeighted>
      <QtyInPackage>1</QtyInPackage>
      <ItemPrice>3.70</ItemPrice>
      <UnitOfMeasurePrice>2.47</UnitOfMeasurePrice>
      <AllowDiscount>1</AllowDiscount>
      <itemStatus>1</itemStatus>
      <LastUpdateDate />
      <LastUpdateTime />
    </Product>
    <Product>
      <PriceUpdateDate>2019/06/12 11:08</PriceUpdateDate>
      <ItemCode>7290112341037</ItemCode>
      <ItemType>1</ItemType>
      <ItemName>דנונה מתיקות מעודנת 3% חוגג 100</ItemName>
      <ManufactureName>שטראוס גרופ ***בעמ</ManufactureName>
      <ManufactureCountry />
      <ManufactureItemDescription />
      <UnitQty>י"ח</UnitQty>
      <Quantity>150</Quantity>
      <UnitMeasure>ל  מ"ל</UnitMeasure>
      <BisWeighted>0</BisWeighted>
      <QtyInPackage>1</QtyInPackage>
      <ItemPrice>3.70</ItemPrice>
      <UnitOfMeasurePrice>2.47</UnitOfMeasurePrice>
      <AllowDiscount>1</AllowDiscount>
      <itemStatus>1</itemStatus>
      <LastUpdateDate />
      <LastUpdateTime />
    </Product>
    <Product>
      <PriceUpdateDate>2019/07/10 10:51</PriceUpdateDate>
      <ItemCode>7290112341693</ItemCode>
      <ItemType>1</ItemType>
      <ItemName>משקה ONLY תות פטל  210מ"ל</ItemName>
      <ManufactureName>שטראוס גרופ ***בעמ</ManufactureName>
      <ManufactureCountry />
      <ManufactureItemDescription />
      <UnitQty>י"ח</UnitQty>
      <Quantity>210</Quantity>
      <UnitMeasure>ל  מ"ל</UnitMeasure>
      <BisWeighted>0</BisWeighted>
      <QtyInPackage>1</QtyInPackage>
      <ItemPrice>6.90</ItemPrice>
      <UnitOfMeasurePrice>3.29</UnitOfMeasurePrice>
      <AllowDiscount>1</AllowDiscount>
      <itemStatus>1</itemStatus>
      <LastUpdateDate />
      <LastUpdateTime />
    </Product>
    <Product>
      <PriceUpdateDate>2019/07/10 10:51</PriceUpdateDate>
      <ItemCode>7290112341723</ItemCode>
      <ItemType>1</ItemType>
      <ItemName>משקה ONLY תות בננה  210מ"ל</ItemName>
      <ManufactureName>שטראוס גרופ ***בעמ</ManufactureName>
      <ManufactureCountry />
      <ManufactureItemDescription />
      <UnitQty>י"ח</UnitQty>
      <Quantity>210</Quantity>
      <UnitMeasure>ל  מ"ל</UnitMeasure>
      <BisWeighted>0</BisWeighted>
      <QtyInPackage>1</QtyInPackage>
      <ItemPrice>6.90</ItemPrice>
      <UnitOfMeasurePrice>3.29</UnitOfMeasurePrice>
      <AllowDiscount>1</AllowDiscount>
      <itemStatus>1</itemStatus>
      <LastUpdateDate />
      <LastUpdateTime />
    </Product>
    <Product>
      <PriceUpdateDate>2019/11/24 13:15</PriceUpdateDate>
      <ItemCode>7290112341761</ItemCode>
      <ItemType>1</ItemType>
      <ItemName>שוקולד לאפיה  64% 200גר מריר</ItemName>
      <ManufactureName>שטראוס גרופ בעמ</ManufactureName>
      <ManufactureCountry />
      <ManufactureItemDescription />
      <UnitQty>י"ח</UnitQty>
      <Quantity>200</Quantity>
      <UnitMeasure>ל  גרם</UnitMeasure>
      <BisWeighted>0</BisWeighted>
      <QtyInPackage>1</QtyInPackage>
      <ItemPrice>13.90</ItemPrice>
      <UnitOfMeasurePrice>6.95</UnitOfMeasurePrice>
      <AllowDiscount>1</AllowDiscount>
      <itemStatus>1</itemStatus>
      <LastUpdateDate />
      <LastUpdateTime />
    </Product>
    <Product>
      <PriceUpdateDate>2019/11/24 13:15</PriceUpdateDate>
      <ItemCode>7290112341778</ItemCode>
      <ItemType>1</ItemType>
      <ItemName>שוקולד לאפיה  ג`אנדויה 200גר חלב</ItemName>
      <ManufactureName>שטראוס גרופ בעמ</ManufactureName>
      <ManufactureCountry />
      <ManufactureItemDescription />
      <UnitQty>י"ח</UnitQty>
      <Quantity>200</Quantity>
      <UnitMeasure>ל  גרם</UnitMeasure>
      <BisWeighted>0</BisWeighted>
      <QtyInPackage>1</QtyInPackage>
      <ItemPrice>13.90</ItemPrice>
      <UnitOfMeasurePrice>6.95</UnitOfMeasurePrice>
      <AllowDiscount>1</AllowDiscount>
      <itemStatus>1</itemStatus>
      <LastUpdateDate />
      <LastUpdateTime />
    </Product>
    <Product>
      <PriceUpdateDate>2019/11/24 13:15</PriceUpdateDate>
      <ItemCode>7290112341921</ItemCode>
      <ItemType>1</ItemType>
      <ItemName>מסטיק קוביות טעם קולה 58גר</ItemName>
      <ManufactureName>שטראוס גרופ בעמ</ManufactureName>
      <ManufactureCountry />
      <ManufactureItemDescription />
      <UnitQty>י"ח</UnitQty>
      <Quantity>58</Quantity>
      <UnitMeasure>ל  גרם</UnitMeasure>
      <BisWeighted>0</BisWeighted>
      <QtyInPackage>1</QtyInPackage>
      <ItemPrice>9.80</ItemPrice>
      <UnitOfMeasurePrice>16.90</UnitOfMeasurePrice>
      <AllowDiscount>1</AllowDiscount>
      <itemStatus>1</itemStatus>
      <LastUpdateDate />
      <LastUpdateTime />
    </Product>
    <Product>
      <PriceUpdateDate>2020/01/17 07:48</PriceUpdateDate>
      <ItemCode>7290112342317</ItemCode>
      <ItemType>1</ItemType>
      <ItemName>שוקולד לבן בד"ץ 100ג</ItemName>
      <ManufactureName>שטראוס גרופ בעמ</ManufactureName>
      <ManufactureCountry />
      <ManufactureItemDescription />
      <UnitQty>י"ח</UnitQty>
      <Quantity>100</Quantity>
      <UnitMeasure>ל  גרם</UnitMeasure>
      <BisWeighted>0</BisWeighted>
      <QtyInPackage>1</QtyInPackage>
      <ItemPrice>5.90</ItemPrice>
      <UnitOfMeasurePrice>5.90</UnitOfMeasurePrice>
      <AllowDiscount>1</AllowDiscount>
      <itemStatus>1</itemStatus>
      <LastUpdateDate />
      <LastUpdateTime />
    </Product>
    <Product>
      <PriceUpdateDate>2019/08/22 08:58</PriceUpdateDate>
      <ItemCode>7290112342348</ItemCode>
      <ItemType>1</ItemType>
      <ItemName>פסק זמן נשנושים 130גר</ItemName>
      <ManufactureName>שטראוס גרופ בעמ</ManufactureName>
      <ManufactureCountry />
      <ManufactureItemDescription />
      <UnitQty>י"ח</UnitQty>
      <Quantity>130</Quantity>
      <UnitMeasure>ל  גרם</UnitMeasure>
      <BisWeighted>0</BisWeighted>
      <QtyInPackage>1</QtyInPackage>
      <ItemPrice>11.90</ItemPrice>
      <UnitOfMeasurePrice>9.15</UnitOfMeasurePrice>
      <AllowDiscount>1</AllowDiscount>
      <itemStatus>1</itemStatus>
      <LastUpdateDate />
      <LastUpdateTime />
    </Product>
    <Product>
      <PriceUpdateDate>2019/12/22 13:17</PriceUpdateDate>
      <ItemCode>7290112342379</ItemCode>
      <ItemType>1</ItemType>
      <ItemName>מסטיק מאסט מון מנטה עדינה 60ג.</ItemName>
      <ManufactureName>שטראוס גרופ בעמ</ManufactureName>
      <ManufactureCountry />
      <ManufactureItemDescription />
      <UnitQty>י"ח</UnitQty>
      <Quantity>60</Quantity>
      <UnitMeasure>ל  גרם</UnitMeasure>
      <BisWeighted>0</BisWeighted>
      <QtyInPackage>1</QtyInPackage>
      <ItemPrice>9.80</ItemPrice>
      <UnitOfMeasurePrice>16.33</UnitOfMeasurePrice>
      <AllowDiscount>1</AllowDiscount>
      <itemStatus>1</itemStatus>
      <LastUpdateDate />
      <LastUpdateTime />
    </Product>
    <Product>
      <PriceUpdateDate>2019/12/22 13:17</PriceUpdateDate>
      <ItemCode>7290112342386</ItemCode>
      <ItemType>1</ItemType>
      <ItemName>מסטיק מאסט מון מנטה מתוקה  60ג.</ItemName>
      <ManufactureName>שטראוס גרופ בעמ</ManufactureName>
      <ManufactureCountry />
      <ManufactureItemDescription />
      <UnitQty>י"ח</UnitQty>
      <Quantity>60</Quantity>
      <UnitMeasure>ל  גרם</UnitMeasure>
      <BisWeighted>0</BisWeighted>
      <QtyInPackage>1</QtyInPackage>
      <ItemPrice>9.80</ItemPrice>
      <UnitOfMeasurePrice>16.33</UnitOfMeasurePrice>
      <AllowDiscount>1</AllowDiscount>
      <itemStatus>1</itemStatus>
      <LastUpdateDate />
      <LastUpdateTime />
    </Product>
    <Product>
      <PriceUpdateDate>2019/12/22 13:17</PriceUpdateDate>
      <ItemCode>7290112342393</ItemCode>
      <ItemType>1</ItemType>
      <ItemName>מסטיק מאסט מון תפוח 60ג.</ItemName>
      <ManufactureName>שטראוס גרופ בעמ</ManufactureName>
      <ManufactureCountry />
      <ManufactureItemDescription />
      <UnitQty>י"ח</UnitQty>
      <Quantity>60</Quantity>
      <UnitMeasure>ל  גרם</UnitMeasure>
      <BisWeighted>0</BisWeighted>
      <QtyInPackage>1</QtyInPackage>
      <ItemPrice>9.80</ItemPrice>
      <UnitOfMeasurePrice>16.33</UnitOfMeasurePrice>
      <AllowDiscount>1</AllowDiscount>
      <itemStatus>1</itemStatus>
      <LastUpdateDate />
      <LastUpdateTime />
    </Product>
    <Product>
      <PriceUpdateDate>2019/12/30 14:29</PriceUpdateDate>
      <ItemCode>7290112342508</ItemCode>
      <ItemType>1</ItemType>
      <ItemName>דוריטוס ציזי טוויסט 70ג</ItemName>
      <ManufactureName>שטראוס פריטו ליי בעמ</ManufactureName>
      <ManufactureCountry />
      <ManufactureItemDescription />
      <UnitQty>י"ח</UnitQty>
      <Quantity>70</Quantity>
      <UnitMeasure>ל  גרם</UnitMeasure>
      <BisWeighted>0</BisWeighted>
      <QtyInPackage>1</QtyInPackage>
      <ItemPrice>3.90</ItemPrice>
      <UnitOfMeasurePrice>5.57</UnitOfMeasurePrice>
      <AllowDiscount>1</AllowDiscount>
      <itemStatus>1</itemStatus>
      <LastUpdateDate />
      <LastUpdateTime />
    </Product>
    <Product>
      <PriceUpdateDate>2019/09/18 08:39</PriceUpdateDate>
      <ItemCode>7290112343246</ItemCode>
      <ItemType>1</ItemType>
      <ItemName>סקי פירות יער 3% 125גר</ItemName>
      <ManufactureName>שטראוס גרופ ***בעמ</ManufactureName>
      <ManufactureCountry />
      <ManufactureItemDescription />
      <UnitQty>י"ח</UnitQty>
      <Quantity>125</Quantity>
      <UnitMeasure>ל  גרם</UnitMeasure>
      <BisWeighted>0</BisWeighted>
      <QtyInPackage>1</QtyInPackage>
      <ItemPrice>3.90</ItemPrice>
      <UnitOfMeasurePrice>3.12</UnitOfMeasurePrice>
      <AllowDiscount>1</AllowDiscount>
      <itemStatus>1</itemStatus>
      <LastUpdateDate />
      <LastUpdateTime />
    </Product>
    <Product>
      <PriceUpdateDate>2019/12/22 13:17</PriceUpdateDate>
      <ItemCode>7290112344007</ItemCode>
      <ItemType>1</ItemType>
      <ItemName>אשכולות ספלנדיד שוקולד חלב לוז 105ג</ItemName>
      <ManufactureName>שטראוס גרופ בעמ</ManufactureName>
      <ManufactureCountry />
      <ManufactureItemDescription />
      <UnitQty>י"ח</UnitQty>
      <Quantity>105</Quantity>
      <UnitMeasure>ל  גרם</UnitMeasure>
      <BisWeighted>0</BisWeighted>
      <QtyInPackage>1</QtyInPackage>
      <ItemPrice>13.90</ItemPrice>
      <UnitOfMeasurePrice>13.24</UnitOfMeasurePrice>
      <AllowDiscount>1</AllowDiscount>
      <itemStatus>1</itemStatus>
      <LastUpdateDate />
      <LastUpdateTime />
    </Product>
    <Product>
      <PriceUpdateDate>2019/09/18 08:39</PriceUpdateDate>
      <ItemCode>7290112344564</ItemCode>
      <ItemType>1</ItemType>
      <ItemName>רביולי גבינה שטראוס</ItemName>
      <ManufactureName>שטראוס גרופ ***בעמ</ManufactureName>
      <ManufactureCountry />
      <ManufactureItemDescription />
      <UnitQty>י"ח</UnitQty>
      <Quantity>400</Quantity>
      <UnitMeasure>ל  גרם</UnitMeasure>
      <BisWeighted>0</BisWeighted>
      <QtyInPackage>1</QtyInPackage>
      <ItemPrice>19.90</ItemPrice>
      <UnitOfMeasurePrice>4.98</UnitOfMeasurePrice>
      <AllowDiscount>1</AllowDiscount>
      <itemStatus>1</itemStatus>
      <LastUpdateDate />
      <LastUpdateTime />
    </Product>
    <Product>
      <PriceUpdateDate>2019/12/22 13:17</PriceUpdateDate>
      <ItemCode>7290112344793</ItemCode>
      <ItemType>1</ItemType>
      <ItemName>אשכולות ספלנדיד שוקולד מריר לוז 105ג</ItemName>
      <ManufactureName>שטראוס גרופ בעמ</ManufactureName>
      <ManufactureCountry />
      <ManufactureItemDescription />
      <UnitQty>י"ח</UnitQty>
      <Quantity>105</Quantity>
      <UnitMeasure>ל  גרם</UnitMeasure>
      <BisWeighted>0</BisWeighted>
      <QtyInPackage>1</QtyInPackage>
      <ItemPrice>13.90</ItemPrice>
      <UnitOfMeasurePrice>13.24</UnitOfMeasurePrice>
      <AllowDiscount>1</AllowDiscount>
      <itemStatus>1</itemStatus>
      <LastUpdateDate />
      <LastUpdateTime />
    </Product>
    <Product>
      <PriceUpdateDate>2019/12/22 13:17</PriceUpdateDate>
      <ItemCode>7290112346537</ItemCode>
      <ItemType>1</ItemType>
      <ItemName>פינוקיות טעם טורטית  200גר</ItemName>
      <ManufactureName>שטראוס גרופ בעמ</ManufactureName>
      <ManufactureCountry />
      <ManufactureItemDescription />
      <UnitQty>י"ח</UnitQty>
      <Quantity>200</Quantity>
      <UnitMeasure>ל  גרם</UnitMeasure>
      <BisWeighted>0</BisWeighted>
      <QtyInPackage>1</QtyInPackage>
      <ItemPrice>10.90</ItemPrice>
      <UnitOfMeasurePrice>5.45</UnitOfMeasurePrice>
      <AllowDiscount>1</AllowDiscount>
      <itemStatus>1</itemStatus>
      <LastUpdateDate />
      <LastUpdateTime />
    </Product>
    <Product>
      <PriceUpdateDate>2019/12/22 13:17</PriceUpdateDate>
      <ItemCode>7290112347008</ItemCode>
      <ItemType>1</ItemType>
      <ItemName>גמדים סקוויז תות בננה  בודד 100ג</ItemName>
      <ManufactureName>שטראוס גרופ ***בעמ</ManufactureName>
      <ManufactureCountry />
      <ManufactureItemDescription />
      <UnitQty>י"ח</UnitQty>
      <Quantity>100</Quantity>
      <UnitMeasure>ל  גרם</UnitMeasure>
      <BisWeighted>0</BisWeighted>
      <QtyInPackage>1</QtyInPackage>
      <ItemPrice>5.90</ItemPrice>
      <UnitOfMeasurePrice>5.90</UnitOfMeasurePrice>
      <AllowDiscount>1</AllowDiscount>
      <itemStatus>1</itemStatus>
      <LastUpdateDate />
      <LastUpdateTime />
    </Product>
    <Product>
      <PriceUpdateDate>2020/02/13 09:31</PriceUpdateDate>
      <ItemCode>7290112347213</ItemCode>
      <ItemType>1</ItemType>
      <ItemName>סקי מתיקות מעודנת 3% 125גר</ItemName>
      <ManufactureName>שטראוס גרופ ***בעמ</ManufactureName>
      <ManufactureCountry />
      <ManufactureItemDescription />
      <UnitQty>י"ח</UnitQty>
      <Quantity>125</Quantity>
      <UnitMeasure>ל  גרם</UnitMeasure>
      <BisWeighted>0</BisWeighted>
      <QtyInPackage>1</QtyInPackage>
      <ItemPrice>3.90</ItemPrice>
      <UnitOfMeasurePrice>3.12</UnitOfMeasurePrice>
      <AllowDiscount>1</AllowDiscount>
      <itemStatus>1</itemStatus>
      <LastUpdateDate />
      <LastUpdateTime />
    </Product>
    <Product>
      <PriceUpdateDate>2020/04/07 11:36</PriceUpdateDate>
      <ItemCode>7290112347602</ItemCode>
      <ItemType>1</ItemType>
      <ItemName>טורטית נשנושים 130גר</ItemName>
      <ManufactureName>שטראוס גרופ בעמ</ManufactureName>
      <ManufactureCountry />
      <ManufactureItemDescription />
      <UnitQty>י"ח</UnitQty>
      <Quantity>130</Quantity>
      <UnitMeasure>ל  גרם</UnitMeasure>
      <BisWeighted>0</BisWeighted>
      <QtyInPackage>1</QtyInPackage>
      <ItemPrice>11.90</ItemPrice>
      <UnitOfMeasurePrice>9.15</UnitOfMeasurePrice>
      <AllowDiscount>1</AllowDiscount>
      <itemStatus>1</itemStatus>
      <LastUpdateDate />
      <LastUpdateTime />
    </Product>
    <Product>
      <PriceUpdateDate>2020/04/07 11:36</PriceUpdateDate>
      <ItemCode>7290112347619</ItemCode>
      <ItemType>1</ItemType>
      <ItemName>כיף כף נשנושים 130גר</ItemName>
      <ManufactureName>שטראוס גרופ בעמ</ManufactureName>
      <ManufactureCountry />
      <ManufactureItemDescription />
      <UnitQty>י"ח</UnitQty>
      <Quantity>130</Quantity>
      <UnitMeasure>ל  גרם</UnitMeasure>
      <BisWeighted>0</BisWeighted>
      <QtyInPackage>1</QtyInPackage>
      <ItemPrice>11.90</ItemPrice>
      <UnitOfMeasurePrice>9.15</UnitOfMeasurePrice>
      <AllowDiscount>1</AllowDiscount>
      <itemStatus>1</itemStatus>
      <LastUpdateDate />
      <LastUpdateTime />
    </Product>
    <Product>
      <PriceUpdateDate>2020/02/26 08:38</PriceUpdateDate>
      <ItemCode>7290112348210</ItemCode>
      <ItemType>1</ItemType>
      <ItemName>קפה נמס ברזילאי  200גר וספל שחור.</ItemName>
      <ManufactureName>שטראוס גרופ בעמ</ManufactureName>
      <ManufactureCountry />
      <ManufactureItemDescription />
      <UnitQty>י"ח</UnitQty>
      <Quantity>200</Quantity>
      <UnitMeasure>ל  גרם</UnitMeasure>
      <BisWeighted>0</BisWeighted>
      <QtyInPackage>1</QtyInPackage>
      <ItemPrice>25.90</ItemPrice>
      <UnitOfMeasurePrice>12.95</UnitOfMeasurePrice>
      <AllowDiscount>1</AllowDiscount>
      <itemStatus>1</itemStatus>
      <LastUpdateDate />
      <LastUpdateTime />
    </Product>
    <Product>
      <PriceUpdateDate>2020/01/17 07:48</PriceUpdateDate>
      <ItemCode>7290112348548</ItemCode>
      <ItemType>1</ItemType>
      <ItemName>שוקולד לבן רבנות 100ג</ItemName>
      <ManufactureName>שטראוס גרופ בעמ</ManufactureName>
      <ManufactureCountry />
      <ManufactureItemDescription />
      <UnitQty>י"ח</UnitQty>
      <Quantity>100</Quantity>
      <UnitMeasure>ל  גרם</UnitMeasure>
      <BisWeighted>0</BisWeighted>
      <QtyInPackage>1</QtyInPackage>
      <ItemPrice>5.90</ItemPrice>
      <UnitOfMeasurePrice>5.90</UnitOfMeasurePrice>
      <AllowDiscount>1</AllowDiscount>
      <itemStatus>1</itemStatus>
      <LastUpdateDate />
      <LastUpdateTime />
    </Product>
    <Product>
      <PriceUpdateDate>2020/04/07 11:36</PriceUpdateDate>
      <ItemCode>7290112349279</ItemCode>
      <ItemType>1</ItemType>
      <ItemName>פסק זמן נשנושים 130גר</ItemName>
      <ManufactureName>שטראוס גרופ בעמ</ManufactureName>
      <ManufactureCountry />
      <ManufactureItemDescription />
      <UnitQty>י"ח</UnitQty>
      <Quantity>130</Quantity>
      <UnitMeasure>ל  גרם</UnitMeasure>
      <BisWeighted>0</BisWeighted>
      <QtyInPackage>1</QtyInPackage>
      <ItemPrice>11.90</ItemPrice>
      <UnitOfMeasurePrice>9.15</UnitOfMeasurePrice>
      <AllowDiscount>1</AllowDiscount>
      <itemStatus>1</itemStatus>
      <LastUpdateDate />
      <LastUpdateTime />
    </Product>
    <Product>
      <PriceUpdateDate>2020/04/06 08:06</PriceUpdateDate>
      <ItemCode>7290112349309</ItemCode>
      <ItemType>1</ItemType>
      <ItemName>ביג בוקסי מנטה אקליפטוסת 91גר</ItemName>
      <ManufactureName>שטראוס גרופ בעמ</ManufactureName>
      <ManufactureCountry />
      <ManufactureItemDescription />
      <UnitQty>י"ח</UnitQty>
      <Quantity>80</Quantity>
      <UnitMeasure>ל  גרם</UnitMeasure>
      <BisWeighted>0</BisWeighted>
      <QtyInPackage>1</QtyInPackage>
      <ItemPrice>13.90</ItemPrice>
      <UnitOfMeasurePrice>17.38</UnitOfMeasurePrice>
      <AllowDiscount>1</AllowDiscount>
      <itemStatus>1</itemStatus>
      <LastUpdateDate />
      <LastUpdateTime />
    </Product>
    <Product>
      <PriceUpdateDate>2020/04/06 08:06</PriceUpdateDate>
      <ItemCode>7290112349316</ItemCode>
      <ItemType>1</ItemType>
      <ItemName>בזוקה ביג פופים טעם תות 85גר</ItemName>
      <ManufactureName>שטראוס גרופ בעמ</ManufactureName>
      <ManufactureCountry />
      <ManufactureItemDescription />
      <UnitQty>י"ח</UnitQty>
      <Quantity>80</Quantity>
      <UnitMeasure>ל  גרם</UnitMeasure>
      <BisWeighted>0</BisWeighted>
      <QtyInPackage>1</QtyInPackage>
      <ItemPrice>13.90</ItemPrice>
      <UnitOfMeasurePrice>17.38</UnitOfMeasurePrice>
      <AllowDiscount>1</AllowDiscount>
      <itemStatus>1</itemStatus>
      <LastUpdateDate />
      <LastUpdateTime />
    </Product>
    <Product>
      <PriceUpdateDate>2019/12/22 13:17</PriceUpdateDate>
      <ItemCode>7290112349675</ItemCode>
      <ItemType>1</ItemType>
      <ItemName>גמדים סקוויז וניל  בודד 100ג</ItemName>
      <ManufactureName>שטראוס גרופ ***בעמ</ManufactureName>
      <ManufactureCountry />
      <ManufactureItemDescription />
      <UnitQty>י"ח</UnitQty>
      <Quantity>100</Quantity>
      <UnitMeasure>ל  גרם</UnitMeasure>
      <BisWeighted>0</BisWeighted>
      <QtyInPackage>1</QtyInPackage>
      <ItemPrice>5.90</ItemPrice>
      <UnitOfMeasurePrice>5.90</UnitOfMeasurePrice>
      <AllowDiscount>1</AllowDiscount>
      <itemStatus>1</itemStatus>
      <LastUpdateDate />
      <LastUpdateTime />
    </Product>
    <Product>
      <PriceUpdateDate>2020/04/06 08:06</PriceUpdateDate>
      <ItemCode>7290112349897</ItemCode>
      <ItemType>1</ItemType>
      <ItemName>מאסט קוביות מנטה 86גר</ItemName>
      <ManufactureName>שטראוס גרופ בעמ</ManufactureName>
      <ManufactureCountry />
      <ManufactureItemDescription />
      <UnitQty>י"ח</UnitQty>
      <Quantity>80</Quantity>
      <UnitMeasure>ל  גרם</UnitMeasure>
      <BisWeighted>0</BisWeighted>
      <QtyInPackage>1</QtyInPackage>
      <ItemPrice>13.90</ItemPrice>
      <UnitOfMeasurePrice>17.38</UnitOfMeasurePrice>
      <AllowDiscount>1</AllowDiscount>
      <itemStatus>1</itemStatus>
      <LastUpdateDate />
      <LastUpdateTime />
    </Product>
    <Product>
      <PriceUpdateDate>2020/02/26 08:38</PriceUpdateDate>
      <ItemCode>7290112350275</ItemCode>
      <ItemType>1</ItemType>
      <ItemName>קפסולות אספרסו Lungo עלית 14יח כשל"פ</ItemName>
      <ManufactureName>שטראוס גרופ בעמ</ManufactureName>
      <ManufactureCountry />
      <ManufactureItemDescription />
      <UnitQty>י"ח</UnitQty>
      <Quantity>50</Quantity>
      <UnitMeasure>ל  גרם</UnitMeasure>
      <BisWeighted>0</BisWeighted>
      <QtyInPackage>1</QtyInPackage>
      <ItemPrice>17.90</ItemPrice>
      <UnitOfMeasurePrice>35.80</UnitOfMeasurePrice>
      <AllowDiscount>1</AllowDiscount>
      <itemStatus>1</itemStatus>
      <LastUpdateDate />
      <LastUpdateTime />
    </Product>
    <Product>
      <PriceUpdateDate>2020/02/13 09:31</PriceUpdateDate>
      <ItemCode>7290112353535</ItemCode>
      <ItemType>1</ItemType>
      <ItemName>ניוקי תפוחי אדמה 400גר שטראוס כשל"פ</ItemName>
      <ManufactureName>שטראוס גרופ ***בעמ</ManufactureName>
      <ManufactureCountry />
      <ManufactureItemDescription />
      <UnitQty>י"ח</UnitQty>
      <Quantity>400</Quantity>
      <UnitMeasure>ל  גרם</UnitMeasure>
      <BisWeighted>0</BisWeighted>
      <QtyInPackage>1</QtyInPackage>
      <ItemPrice>19.90</ItemPrice>
      <UnitOfMeasurePrice>4.98</UnitOfMeasurePrice>
      <AllowDiscount>1</AllowDiscount>
      <itemStatus>1</itemStatus>
      <LastUpdateDate />
      <LastUpdateTime />
    </Product>
    <Product>
      <PriceUpdateDate>2020/02/26 08:38</PriceUpdateDate>
      <ItemCode>7290112357175</ItemCode>
      <ItemType>1</ItemType>
      <ItemName>קפסולות אספרסו Boost עלית 14יח כשל"פ</ItemName>
      <ManufactureName>שטראוס גרופ בעמ</ManufactureName>
      <ManufactureCountry />
      <ManufactureItemDescription />
      <UnitQty>י"ח</UnitQty>
      <Quantity>50</Quantity>
      <UnitMeasure>ל  גרם</UnitMeasure>
      <BisWeighted>0</BisWeighted>
      <QtyInPackage>1</QtyInPackage>
      <ItemPrice>17.90</ItemPrice>
      <UnitOfMeasurePrice>35.80</UnitOfMeasurePrice>
      <AllowDiscount>1</AllowDiscount>
      <itemStatus>1</itemStatus>
      <LastUpdateDate />
      <LastUpdateTime />
    </Product>
    <Product>
      <PriceUpdateDate>2020/02/26 08:38</PriceUpdateDate>
      <ItemCode>7290112357618</ItemCode>
      <ItemType>1</ItemType>
      <ItemName>מסטיק מאסט קוביות ספירמינט  58ג</ItemName>
      <ManufactureName>שטראוס גרופ בעמ</ManufactureName>
      <ManufactureCountry />
      <ManufactureItemDescription />
      <UnitQty>י"ח</UnitQty>
      <Quantity>66</Quantity>
      <UnitMeasure>ל  גרם</UnitMeasure>
      <BisWeighted>0</BisWeighted>
      <QtyInPackage>1</QtyInPackage>
      <ItemPrice>9.80</ItemPrice>
      <UnitOfMeasurePrice>14.85</UnitOfMeasurePrice>
      <AllowDiscount>1</AllowDiscount>
      <itemStatus>1</itemStatus>
      <LastUpdateDate />
      <LastUpdateTime />
    </Product>
    <Product>
      <PriceUpdateDate>2020/03/05 07:36</PriceUpdateDate>
      <ItemCode>7290112496065</ItemCode>
      <ItemType>1</ItemType>
      <ItemName>פתיתי תירס 200גר</ItemName>
      <ManufactureName>יוניליוור ישראל שיווק בעמ</ManufactureName>
      <ManufactureCountry />
      <ManufactureItemDescription />
      <UnitQty>י"ח</UnitQty>
      <Quantity>200</Quantity>
      <UnitMeasure>ל  מ"ל</UnitMeasure>
      <BisWeighted>0</BisWeighted>
      <QtyInPackage>1</QtyInPackage>
      <ItemPrice>16.90</ItemPrice>
      <UnitOfMeasurePrice>8.45</UnitOfMeasurePrice>
      <AllowDiscount>1</AllowDiscount>
      <itemStatus>1</itemStatus>
      <LastUpdateDate />
      <LastUpdateTime />
    </Product>
    <Product>
      <PriceUpdateDate>2020/03/11 09:07</PriceUpdateDate>
      <ItemCode>7290112499639</ItemCode>
      <ItemType>1</ItemType>
      <ItemName>טילון סופר מגנום וניל שוקולד</ItemName>
      <ManufactureName>גלידות שטראוס בעמ</ManufactureName>
      <ManufactureCountry />
      <ManufactureItemDescription />
      <UnitQty>י"ח</UnitQty>
      <Quantity>110</Quantity>
      <UnitMeasure>ל  גרם</UnitMeasure>
      <BisWeighted>0</BisWeighted>
      <QtyInPackage>1</QtyInPackage>
      <ItemPrice>13.90</ItemPrice>
      <UnitOfMeasurePrice>12.64</UnitOfMeasurePrice>
      <AllowDiscount>1</AllowDiscount>
      <itemStatus>1</itemStatus>
      <LastUpdateDate />
      <LastUpdateTime />
    </Product>
    <Product>
      <PriceUpdateDate>2020/03/11 09:07</PriceUpdateDate>
      <ItemCode>7290112499646</ItemCode>
      <ItemType>1</ItemType>
      <ItemName>קורנטו טעם וניל עם וופל,פקאן</ItemName>
      <ManufactureName>גלידות שטראוס בעמ</ManufactureName>
      <ManufactureCountry />
      <ManufactureItemDescription />
      <UnitQty>י"ח</UnitQty>
      <Quantity>108</Quantity>
      <UnitMeasure>ל  גרם</UnitMeasure>
      <BisWeighted>0</BisWeighted>
      <QtyInPackage>1</QtyInPackage>
      <ItemPrice>9.70</ItemPrice>
      <UnitOfMeasurePrice>8.98</UnitOfMeasurePrice>
      <AllowDiscount>1</AllowDiscount>
      <itemStatus>1</itemStatus>
      <LastUpdateDate />
      <LastUpdateTime />
    </Product>
    <Product>
      <PriceUpdateDate>2020/01/06 14:28</PriceUpdateDate>
      <ItemCode>7290112499677</ItemCode>
      <ItemType>1</ItemType>
      <ItemName>מגנום שוקולד 85ג  לבן</ItemName>
      <ManufactureName>גלידות שטראוס בעמ</ManufactureName>
      <ManufactureCountry />
      <ManufactureItemDescription />
      <UnitQty>י"ח</UnitQty>
      <Quantity>85</Quantity>
      <UnitMeasure>ל  גרם</UnitMeasure>
      <BisWeighted>0</BisWeighted>
      <QtyInPackage>1</QtyInPackage>
      <ItemPrice>10</ItemPrice>
      <UnitOfMeasurePrice>11.76</UnitOfMeasurePrice>
      <AllowDiscount>1</AllowDiscount>
      <itemStatus>1</itemStatus>
      <LastUpdateDate />
      <LastUpdateTime />
    </Product>
    <Product>
      <PriceUpdateDate>2020/02/16 13:01</PriceUpdateDate>
      <ItemCode>7290112499745</ItemCode>
      <ItemType>1</ItemType>
      <ItemName>מגנום קרמל מלוח כש"ל</ItemName>
      <ManufactureName>גלידות שטראוס בעמ</ManufactureName>
      <ManufactureCountry />
      <ManufactureItemDescription />
      <UnitQty>י"ח</UnitQty>
      <Quantity>90</Quantity>
      <UnitMeasure>ל  גרם</UnitMeasure>
      <BisWeighted>0</BisWeighted>
      <QtyInPackage>1</QtyInPackage>
      <ItemPrice>10</ItemPrice>
      <UnitOfMeasurePrice>11.11</UnitOfMeasurePrice>
      <AllowDiscount>1</AllowDiscount>
      <itemStatus>1</itemStatus>
      <LastUpdateDate />
      <LastUpdateTime />
    </Product>
    <Product>
      <PriceUpdateDate>2020/03/11 09:07</PriceUpdateDate>
      <ItemCode>7290112499820</ItemCode>
      <ItemType>1</ItemType>
      <ItemName>פסק זמן שלגון לבן</ItemName>
      <ManufactureName>גלידות שטראוס בעמ</ManufactureName>
      <ManufactureCountry />
      <ManufactureItemDescription />
      <UnitQty>י"ח</UnitQty>
      <Quantity>85</Quantity>
      <UnitMeasure>ל  גרם</UnitMeasure>
      <BisWeighted>0</BisWeighted>
      <QtyInPackage>1</QtyInPackage>
      <ItemPrice>13.90</ItemPrice>
      <UnitOfMeasurePrice>16.35</UnitOfMeasurePrice>
      <AllowDiscount>1</AllowDiscount>
      <itemStatus>1</itemStatus>
      <LastUpdateDate />
      <LastUpdateTime />
    </Product>
    <Product>
      <PriceUpdateDate>2020/02/16 13:01</PriceUpdateDate>
      <ItemCode>7290112499837</ItemCode>
      <ItemType>1</ItemType>
      <ItemName>מגנום דואט שוקולד עם נוגט</ItemName>
      <ManufactureName>גלידות שטראוס בעמ</ManufactureName>
      <ManufactureCountry />
      <ManufactureItemDescription />
      <UnitQty>י"ח</UnitQty>
      <Quantity>90</Quantity>
      <UnitMeasure>ל  גרם</UnitMeasure>
      <BisWeighted>0</BisWeighted>
      <QtyInPackage>1</QtyInPackage>
      <ItemPrice>10</ItemPrice>
      <UnitOfMeasurePrice>11.11</UnitOfMeasurePrice>
      <AllowDiscount>1</AllowDiscount>
      <itemStatus>1</itemStatus>
      <LastUpdateDate />
      <LastUpdateTime />
    </Product>
    <Product>
      <PriceUpdateDate>2020/02/16 13:01</PriceUpdateDate>
      <ItemCode>7290112499929</ItemCode>
      <ItemType>1</ItemType>
      <ItemName>מגנום שוקולד</ItemName>
      <ManufactureName>גלידות שטראוס בעמ</ManufactureName>
      <ManufactureCountry />
      <ManufactureItemDescription />
      <UnitQty>י"ח</UnitQty>
      <Quantity>90</Quantity>
      <UnitMeasure>ל  גרם</UnitMeasure>
      <BisWeighted>0</BisWeighted>
      <QtyInPackage>1</QtyInPackage>
      <ItemPrice>10</ItemPrice>
      <UnitOfMeasurePrice>11.11</UnitOfMeasurePrice>
      <AllowDiscount>1</AllowDiscount>
      <itemStatus>1</itemStatus>
      <LastUpdateDate />
      <LastUpdateTime />
    </Product>
    <Product>
      <PriceUpdateDate>2020/02/16 13:01</PriceUpdateDate>
      <ItemCode>7290112499936</ItemCode>
      <ItemType>1</ItemType>
      <ItemName>מגנום שקדים אימפאלס</ItemName>
      <ManufactureName>גלידות שטראוס בעמ</ManufactureName>
      <ManufactureCountry />
      <ManufactureItemDescription />
      <UnitQty>י"ח</UnitQty>
      <Quantity>90</Quantity>
      <UnitMeasure>ל  גרם</UnitMeasure>
      <BisWeighted>0</BisWeighted>
      <QtyInPackage>1</QtyInPackage>
      <ItemPrice>10</ItemPrice>
      <UnitOfMeasurePrice>11.11</UnitOfMeasurePrice>
      <AllowDiscount>1</AllowDiscount>
      <itemStatus>1</itemStatus>
      <LastUpdateDate />
      <LastUpdateTime />
    </Product>
    <Product>
      <PriceUpdateDate>2018/10/17 08:04</PriceUpdateDate>
      <ItemCode>7290112960627</ItemCode>
      <ItemType>1</ItemType>
      <ItemName>אח של ביסלי ברביקיו מתוק 60ג קטן</ItemName>
      <ManufactureName>קבוצת אוסם סחר-שות.מוגבלת</ManufactureName>
      <ManufactureCountry />
      <ManufactureItemDescription />
      <UnitQty>י"ח</UnitQty>
      <Quantity>600</Quantity>
      <UnitMeasure>ל  גרם</UnitMeasure>
      <BisWeighted>0</BisWeighted>
      <QtyInPackage>1</QtyInPackage>
      <ItemPrice>3.90</ItemPrice>
      <UnitOfMeasurePrice>0.65</UnitOfMeasurePrice>
      <AllowDiscount>1</AllowDiscount>
      <itemStatus>1</itemStatus>
      <LastUpdateDate />
      <LastUpdateTime />
    </Product>
    <Product>
      <PriceUpdateDate>2019/02/25 09:24</PriceUpdateDate>
      <ItemCode>7290112960832</ItemCode>
      <ItemType>1</ItemType>
      <ItemName>קוקילידה כשל"פ</ItemName>
      <ManufactureName>נגה גלידות</ManufactureName>
      <ManufactureCountry />
      <ManufactureItemDescription />
      <UnitQty>י"ח</UnitQty>
      <Quantity>1</Quantity>
      <UnitMeasure />
      <BisWeighted>0</BisWeighted>
      <QtyInPackage>1</QtyInPackage>
      <ItemPrice>11.90</ItemPrice>
      <UnitOfMeasurePrice>11.90</UnitOfMeasurePrice>
      <AllowDiscount>1</AllowDiscount>
      <itemStatus>1</itemStatus>
      <LastUpdateDate />
      <LastUpdateTime />
    </Product>
    <Product>
      <PriceUpdateDate>2019/02/28 08:56</PriceUpdateDate>
      <ItemCode>7290112960856</ItemCode>
      <ItemType>1</ItemType>
      <ItemName>אקסטרים מטבע שוק. חלב וריבת חלב</ItemName>
      <ManufactureName>נגה גלידות</ManufactureName>
      <ManufactureCountry />
      <ManufactureItemDescription />
      <UnitQty>י"ח</UnitQty>
      <Quantity>115</Quantity>
      <UnitMeasure>ל  גרם</UnitMeasure>
      <BisWeighted>0</BisWeighted>
      <QtyInPackage>1</QtyInPackage>
      <ItemPrice>12.90</ItemPrice>
      <UnitOfMeasurePrice>11.22</UnitOfMeasurePrice>
      <AllowDiscount>1</AllowDiscount>
      <itemStatus>1</itemStatus>
      <LastUpdateDate />
      <LastUpdateTime />
    </Product>
    <Product>
      <PriceUpdateDate>2019/01/10 08:51</PriceUpdateDate>
      <ItemCode>7290112960870</ItemCode>
      <ItemType>1</ItemType>
      <ItemName>לה פרוטה שרבט אננס</ItemName>
      <ManufactureName>נגה גלידות</ManufactureName>
      <ManufactureCountry />
      <ManufactureItemDescription />
      <UnitQty>י"ח</UnitQty>
      <Quantity>108</Quantity>
      <UnitMeasure>ל  גרם</UnitMeasure>
      <BisWeighted>0</BisWeighted>
      <QtyInPackage>1</QtyInPackage>
      <ItemPrice>6.90</ItemPrice>
      <UnitOfMeasurePrice>6.39</UnitOfMeasurePrice>
      <AllowDiscount>1</AllowDiscount>
      <itemStatus>1</itemStatus>
      <LastUpdateDate />
      <LastUpdateTime />
    </Product>
    <Product>
      <PriceUpdateDate>2019/04/15 07:38</PriceUpdateDate>
      <ItemCode>7290112960955</ItemCode>
      <ItemType>1</ItemType>
      <ItemName>בונג ור ולתנור בצק שמרים כוסמין 530ג</ItemName>
      <ManufactureName>קבוצת אוסם סחר-שות.מוגבלת</ManufactureName>
      <ManufactureCountry />
      <ManufactureItemDescription />
      <UnitQty>י"ח</UnitQty>
      <Quantity>530</Quantity>
      <UnitMeasure>ל  גרם</UnitMeasure>
      <BisWeighted>0</BisWeighted>
      <QtyInPackage>1</QtyInPackage>
      <ItemPrice>15.90</ItemPrice>
      <UnitOfMeasurePrice>3</UnitOfMeasurePrice>
      <AllowDiscount>1</AllowDiscount>
      <itemStatus>1</itemStatus>
      <LastUpdateDate />
      <LastUpdateTime />
    </Product>
    <Product>
      <PriceUpdateDate>2019/01/15 13:20</PriceUpdateDate>
      <ItemCode>7290112961143</ItemCode>
      <ItemType>1</ItemType>
      <ItemName>טבעול המבורגר חריף טבעוני 470גר</ItemName>
      <ManufactureName>קבוצת אוסם סחר-שות.מוגבלת</ManufactureName>
      <ManufactureCountry />
      <ManufactureItemDescription />
      <UnitQty>י"ח</UnitQty>
      <Quantity>470</Quantity>
      <UnitMeasure>ל  גרם</UnitMeasure>
      <BisWeighted>0</BisWeighted>
      <QtyInPackage>1</QtyInPackage>
      <ItemPrice>30.90</ItemPrice>
      <UnitOfMeasurePrice>6.57</UnitOfMeasurePrice>
      <AllowDiscount>1</AllowDiscount>
      <itemStatus>1</itemStatus>
      <LastUpdateDate />
      <LastUpdateTime />
    </Product>
    <Product>
      <PriceUpdateDate>2018/11/12 10:02</PriceUpdateDate>
      <ItemCode>7290112961204</ItemCode>
      <ItemType>1</ItemType>
      <ItemName>במבה עם נגיעות שוקולד 40גר</ItemName>
      <ManufactureName>קבוצת אוסם סחר-שות.מוגבלת</ManufactureName>
      <ManufactureCountry />
      <ManufactureItemDescription />
      <UnitQty>י"ח</UnitQty>
      <Quantity>40</Quantity>
      <UnitMeasure>ל  גרם</UnitMeasure>
      <BisWeighted>0</BisWeighted>
      <QtyInPackage>1</QtyInPackage>
      <ItemPrice>4.80</ItemPrice>
      <UnitOfMeasurePrice>12</UnitOfMeasurePrice>
      <AllowDiscount>1</AllowDiscount>
      <itemStatus>1</itemStatus>
      <LastUpdateDate />
      <LastUpdateTime />
    </Product>
    <Product>
      <PriceUpdateDate>2019/12/25 09:31</PriceUpdateDate>
      <ItemCode>7290112961228</ItemCode>
      <ItemType>1</ItemType>
      <ItemName>במבה  ביס 60גר</ItemName>
      <ManufactureName>קבוצת אוסם סחר-שות.מוגבלת</ManufactureName>
      <ManufactureCountry />
      <ManufactureItemDescription />
      <UnitQty>י"ח</UnitQty>
      <Quantity>80</Quantity>
      <UnitMeasure>ל  גרם</UnitMeasure>
      <BisWeighted>0</BisWeighted>
      <QtyInPackage>1</QtyInPackage>
      <ItemPrice>4.30</ItemPrice>
      <UnitOfMeasurePrice>5.38</UnitOfMeasurePrice>
      <AllowDiscount>1</AllowDiscount>
      <itemStatus>1</itemStatus>
      <LastUpdateDate />
      <LastUpdateTime />
    </Product>
    <Product>
      <PriceUpdateDate>2019/07/01 13:20</PriceUpdateDate>
      <ItemCode>7290112961242</ItemCode>
      <ItemType>1</ItemType>
      <ItemName>במבה בומבה 60ג.</ItemName>
      <ManufactureName>קבוצת אוסם סחר-שות.מוגבלת</ManufactureName>
      <ManufactureCountry />
      <ManufactureItemDescription />
      <UnitQty>י"ח</UnitQty>
      <Quantity>60</Quantity>
      <UnitMeasure>ל  גרם</UnitMeasure>
      <BisWeighted>0</BisWeighted>
      <QtyInPackage>1</QtyInPackage>
      <ItemPrice>3.90</ItemPrice>
      <UnitOfMeasurePrice>6.50</UnitOfMeasurePrice>
      <AllowDiscount>1</AllowDiscount>
      <itemStatus>1</itemStatus>
      <LastUpdateDate />
      <LastUpdateTime />
    </Product>
    <Product>
      <PriceUpdateDate>2018/10/19 08:10</PriceUpdateDate>
      <ItemCode>7290112961303</ItemCode>
      <ItemType>1</ItemType>
      <ItemName>במבה במילוי מיקס נוגט בוטנים  60גר</ItemName>
      <ManufactureName>קבוצת אוסם סחר-שות.מוגבלת</ManufactureName>
      <ManufactureCountry />
      <ManufactureItemDescription />
      <UnitQty>י"ח</UnitQty>
      <Quantity>60</Quantity>
      <UnitMeasure>ל  גרם</UnitMeasure>
      <BisWeighted>0</BisWeighted>
      <QtyInPackage>1</QtyInPackage>
      <ItemPrice>5</ItemPrice>
      <UnitOfMeasurePrice>8.33</UnitOfMeasurePrice>
      <AllowDiscount>1</AllowDiscount>
      <itemStatus>1</itemStatus>
      <LastUpdateDate />
      <LastUpdateTime />
    </Product>
    <Product>
      <PriceUpdateDate>2019/01/27 13:32</PriceUpdateDate>
      <ItemCode>7290112961372</ItemCode>
      <ItemType>1</ItemType>
      <ItemName>פיטנס חטיפי פריכיות דקות 60גר</ItemName>
      <ManufactureName>קבוצת אוסם סחר-שות.מוגבלת</ManufactureName>
      <ManufactureCountry />
      <ManufactureItemDescription />
      <UnitQty>י"ח</UnitQty>
      <Quantity>60</Quantity>
      <UnitMeasure>ל  גרם</UnitMeasure>
      <BisWeighted>0</BisWeighted>
      <QtyInPackage>1</QtyInPackage>
      <ItemPrice>8.90</ItemPrice>
      <UnitOfMeasurePrice>14.83</UnitOfMeasurePrice>
      <AllowDiscount>1</AllowDiscount>
      <itemStatus>1</itemStatus>
      <LastUpdateDate />
      <LastUpdateTime />
    </Product>
    <Product>
      <PriceUpdateDate>2019/01/27 13:32</PriceUpdateDate>
      <ItemCode>7290112961464</ItemCode>
      <ItemType>1</ItemType>
      <ItemName>פיטנס חטיפי פריכיות דקות 60גר</ItemName>
      <ManufactureName>קבוצת אוסם סחר-שות.מוגבלת</ManufactureName>
      <ManufactureCountry />
      <ManufactureItemDescription />
      <UnitQty>י"ח</UnitQty>
      <Quantity>60</Quantity>
      <UnitMeasure>ל  גרם</UnitMeasure>
      <BisWeighted>0</BisWeighted>
      <QtyInPackage>1</QtyInPackage>
      <ItemPrice>8.90</ItemPrice>
      <UnitOfMeasurePrice>14.83</UnitOfMeasurePrice>
      <AllowDiscount>1</AllowDiscount>
      <itemStatus>1</itemStatus>
      <LastUpdateDate />
      <LastUpdateTime />
    </Product>
    <Product>
      <PriceUpdateDate>2018/12/25 11:41</PriceUpdateDate>
      <ItemCode>7290112961488</ItemCode>
      <ItemType>1</ItemType>
      <ItemName>ביסלי ואח של MIX  60ג קטן</ItemName>
      <ManufactureName>קבוצת אוסם סחר-שות.מוגבלת</ManufactureName>
      <ManufactureCountry />
      <ManufactureItemDescription />
      <UnitQty>י"ח</UnitQty>
      <Quantity>600</Quantity>
      <UnitMeasure>ל  גרם</UnitMeasure>
      <BisWeighted>0</BisWeighted>
      <QtyInPackage>1</QtyInPackage>
      <ItemPrice>3.90</ItemPrice>
      <UnitOfMeasurePrice>0.65</UnitOfMeasurePrice>
      <AllowDiscount>1</AllowDiscount>
      <itemStatus>1</itemStatus>
      <LastUpdateDate />
      <LastUpdateTime />
    </Product>
    <Product>
      <PriceUpdateDate>2019/12/25 09:31</PriceUpdateDate>
      <ItemCode>7290112961587</ItemCode>
      <ItemType>1</ItemType>
      <ItemName>אח של ביסלי פאד תאי תאילנד 60ג קטן</ItemName>
      <ManufactureName>קבוצת אוסם סחר-שות.מוגבלת</ManufactureName>
      <ManufactureCountry />
      <ManufactureItemDescription />
      <UnitQty>י"ח</UnitQty>
      <Quantity>600</Quantity>
      <UnitMeasure>ל  גרם</UnitMeasure>
      <BisWeighted>0</BisWeighted>
      <QtyInPackage>1</QtyInPackage>
      <ItemPrice>3.90</ItemPrice>
      <UnitOfMeasurePrice>0.65</UnitOfMeasurePrice>
      <AllowDiscount>1</AllowDiscount>
      <itemStatus>1</itemStatus>
      <LastUpdateDate />
      <LastUpdateTime />
    </Product>
    <Product>
      <PriceUpdateDate>2019/07/01 13:20</PriceUpdateDate>
      <ItemCode>7290112961624</ItemCode>
      <ItemType>1</ItemType>
      <ItemName>אח של ביסלי וואסבי 60ג קטן</ItemName>
      <ManufactureName>קבוצת אוסם סחר-שות.מוגבלת</ManufactureName>
      <ManufactureCountry />
      <ManufactureItemDescription />
      <UnitQty>י"ח</UnitQty>
      <Quantity>600</Quantity>
      <UnitMeasure>ל  גרם</UnitMeasure>
      <BisWeighted>0</BisWeighted>
      <QtyInPackage>1</QtyInPackage>
      <ItemPrice>3.90</ItemPrice>
      <UnitOfMeasurePrice>0.65</UnitOfMeasurePrice>
      <AllowDiscount>1</AllowDiscount>
      <itemStatus>1</itemStatus>
      <LastUpdateDate />
      <LastUpdateTime />
    </Product>
    <Product>
      <PriceUpdateDate>2019/07/01 13:20</PriceUpdateDate>
      <ItemCode>7290112961648</ItemCode>
      <ItemType>1</ItemType>
      <ItemName>ביסלי מבלה במסיבהה 60ג קטן</ItemName>
      <ManufactureName>קבוצת אוסם סחר-שות.מוגבלת</ManufactureName>
      <ManufactureCountry />
      <ManufactureItemDescription />
      <UnitQty>י"ח</UnitQty>
      <Quantity>600</Quantity>
      <UnitMeasure>ל  גרם</UnitMeasure>
      <BisWeighted>0</BisWeighted>
      <QtyInPackage>1</QtyInPackage>
      <ItemPrice>3.90</ItemPrice>
      <UnitOfMeasurePrice>0.65</UnitOfMeasurePrice>
      <AllowDiscount>1</AllowDiscount>
      <itemStatus>1</itemStatus>
      <LastUpdateDate />
      <LastUpdateTime />
    </Product>
    <Product>
      <PriceUpdateDate>2019/07/01 13:20</PriceUpdateDate>
      <ItemCode>7290112961662</ItemCode>
      <ItemType>1</ItemType>
      <ItemName>אח של ביסלי מבלה בהופעה 60ג</ItemName>
      <ManufactureName>קבוצת אוסם סחר-שות.מוגבלת</ManufactureName>
      <ManufactureCountry />
      <ManufactureItemDescription />
      <UnitQty>י"ח</UnitQty>
      <Quantity>600</Quantity>
      <UnitMeasure>ל  גרם</UnitMeasure>
      <BisWeighted>0</BisWeighted>
      <QtyInPackage>1</QtyInPackage>
      <ItemPrice>3.90</ItemPrice>
      <UnitOfMeasurePrice>0.65</UnitOfMeasurePrice>
      <AllowDiscount>1</AllowDiscount>
      <itemStatus>1</itemStatus>
      <LastUpdateDate />
      <LastUpdateTime />
    </Product>
    <Product>
      <PriceUpdateDate>2018/11/12 10:02</PriceUpdateDate>
      <ItemCode>7290112961716</ItemCode>
      <ItemType>1</ItemType>
      <ItemName>במבה במילוי קפוצ`ינו 60גר</ItemName>
      <ManufactureName>קבוצת אוסם סחר-שות.מוגבלת</ManufactureName>
      <ManufactureCountry />
      <ManufactureItemDescription />
      <UnitQty>י"ח</UnitQty>
      <Quantity>60</Quantity>
      <UnitMeasure>ל  גרם</UnitMeasure>
      <BisWeighted>0</BisWeighted>
      <QtyInPackage>1</QtyInPackage>
      <ItemPrice>4.80</ItemPrice>
      <UnitOfMeasurePrice>8</UnitOfMeasurePrice>
      <AllowDiscount>1</AllowDiscount>
      <itemStatus>1</itemStatus>
      <LastUpdateDate />
      <LastUpdateTime />
    </Product>
    <Product>
      <PriceUpdateDate>2019/01/10 08:51</PriceUpdateDate>
      <ItemCode>7290112961785</ItemCode>
      <ItemType>1</ItemType>
      <ItemName>לה פרוטה לימונענע תפוח</ItemName>
      <ManufactureName>נגה גלידות</ManufactureName>
      <ManufactureCountry />
      <ManufactureItemDescription />
      <UnitQty>י"ח</UnitQty>
      <Quantity>70</Quantity>
      <UnitMeasure>ל  גרם</UnitMeasure>
      <BisWeighted>0</BisWeighted>
      <QtyInPackage>1</QtyInPackage>
      <ItemPrice>6.90</ItemPrice>
      <UnitOfMeasurePrice>9.86</UnitOfMeasurePrice>
      <AllowDiscount>1</AllowDiscount>
      <itemStatus>1</itemStatus>
      <LastUpdateDate />
      <LastUpdateTime />
    </Product>
    <Product>
      <PriceUpdateDate>2019/09/22 13:02</PriceUpdateDate>
      <ItemCode>7290112961853</ItemCode>
      <ItemType>1</ItemType>
      <ItemName>קראנץ וניל שורולד לבן  95ג</ItemName>
      <ManufactureName>נגה גלידות</ManufactureName>
      <ManufactureCountry />
      <ManufactureItemDescription />
      <UnitQty>י"ח</UnitQty>
      <Quantity>90</Quantity>
      <UnitMeasure>ל  גרם</UnitMeasure>
      <BisWeighted>0</BisWeighted>
      <QtyInPackage>1</QtyInPackage>
      <ItemPrice>11.90</ItemPrice>
      <UnitOfMeasurePrice>13.22</UnitOfMeasurePrice>
      <AllowDiscount>1</AllowDiscount>
      <itemStatus>1</itemStatus>
      <LastUpdateDate />
      <LastUpdateTime />
    </Product>
    <Product>
      <PriceUpdateDate>2019/01/10 08:51</PriceUpdateDate>
      <ItemCode>7290112962003</ItemCode>
      <ItemType>1</ItemType>
      <ItemName>קראנץ וניל עוגיות  90ג</ItemName>
      <ManufactureName>נגה גלידות</ManufactureName>
      <ManufactureCountry />
      <ManufactureItemDescription />
      <UnitQty>י"ח</UnitQty>
      <Quantity>90</Quantity>
      <UnitMeasure>ל  גרם</UnitMeasure>
      <BisWeighted>0</BisWeighted>
      <QtyInPackage>1</QtyInPackage>
      <ItemPrice>11.90</ItemPrice>
      <UnitOfMeasurePrice>13.22</UnitOfMeasurePrice>
      <AllowDiscount>1</AllowDiscount>
      <itemStatus>1</itemStatus>
      <LastUpdateDate />
      <LastUpdateTime />
    </Product>
    <Product>
      <PriceUpdateDate>2019/01/03 09:33</PriceUpdateDate>
      <ItemCode>7290112962072</ItemCode>
      <ItemType>1</ItemType>
      <ItemName>פתיתים דגים מהדורה 500 אסם</ItemName>
      <ManufactureName>קבוצת אוסם סחר-שות.מוגבלת</ManufactureName>
      <ManufactureCountry />
      <ManufactureItemDescription />
      <UnitQty>י"ח</UnitQty>
      <Quantity>500</Quantity>
      <UnitMeasure>ל  גרם</UnitMeasure>
      <BisWeighted>0</BisWeighted>
      <QtyInPackage>1</QtyInPackage>
      <ItemPrice>6.90</ItemPrice>
      <UnitOfMeasurePrice>1.38</UnitOfMeasurePrice>
      <AllowDiscount>1</AllowDiscount>
      <itemStatus>1</itemStatus>
      <LastUpdateDate />
      <LastUpdateTime />
    </Product>
    <Product>
      <PriceUpdateDate>2019/01/03 09:33</PriceUpdateDate>
      <ItemCode>7290112962096</ItemCode>
      <ItemType>1</ItemType>
      <ItemName>פתיתים לבבות מהדורה 500 אסם</ItemName>
      <ManufactureName>קבוצת אוסם סחר-שות.מוגבלת</ManufactureName>
      <ManufactureCountry />
      <ManufactureItemDescription />
      <UnitQty>י"ח</UnitQty>
      <Quantity>500</Quantity>
      <UnitMeasure>ל  גרם</UnitMeasure>
      <BisWeighted>0</BisWeighted>
      <QtyInPackage>1</QtyInPackage>
      <ItemPrice>6.90</ItemPrice>
      <UnitOfMeasurePrice>1.38</UnitOfMeasurePrice>
      <AllowDiscount>1</AllowDiscount>
      <itemStatus>1</itemStatus>
      <LastUpdateDate />
      <LastUpdateTime />
    </Product>
    <Product>
      <PriceUpdateDate>2019/07/10 10:51</PriceUpdateDate>
      <ItemCode>7290112962249</ItemCode>
      <ItemType>1</ItemType>
      <ItemName>טבעול לביבות בטטה 500 ג</ItemName>
      <ManufactureName>קבוצת אוסם סחר-שות.מוגבלת</ManufactureName>
      <ManufactureCountry />
      <ManufactureItemDescription />
      <UnitQty>י"ח</UnitQty>
      <Quantity>693</Quantity>
      <UnitMeasure>ל  גרם</UnitMeasure>
      <BisWeighted>0</BisWeighted>
      <QtyInPackage>1</QtyInPackage>
      <ItemPrice>30.90</ItemPrice>
      <UnitOfMeasurePrice>4.46</UnitOfMeasurePrice>
      <AllowDiscount>1</AllowDiscount>
      <itemStatus>1</itemStatus>
      <LastUpdateDate />
      <LastUpdateTime />
    </Product>
    <Product>
      <PriceUpdateDate>2020/01/20 09:52</PriceUpdateDate>
      <ItemCode>7290112962287</ItemCode>
      <ItemType>1</ItemType>
      <ItemName>טבעול שווארמה טבעונית  450גר</ItemName>
      <ManufactureName>קבוצת אוסם סחר-שות.מוגבלת</ManufactureName>
      <ManufactureCountry />
      <ManufactureItemDescription />
      <UnitQty>י"ח</UnitQty>
      <Quantity>500</Quantity>
      <UnitMeasure>ל  גרם</UnitMeasure>
      <BisWeighted>0</BisWeighted>
      <QtyInPackage>1</QtyInPackage>
      <ItemPrice>31.90</ItemPrice>
      <UnitOfMeasurePrice>6.38</UnitOfMeasurePrice>
      <AllowDiscount>1</AllowDiscount>
      <itemStatus>1</itemStatus>
      <LastUpdateDate />
      <LastUpdateTime />
    </Product>
    <Product>
      <PriceUpdateDate>2019/01/15 13:20</PriceUpdateDate>
      <ItemCode>7290112962300</ItemCode>
      <ItemType>1</ItemType>
      <ItemName>טבעול המבורגר חריף טבעוני 504גר</ItemName>
      <ManufactureName>קבוצת אוסם סחר-שות.מוגבלת</ManufactureName>
      <ManufactureCountry />
      <ManufactureItemDescription />
      <UnitQty>י"ח</UnitQty>
      <Quantity>504</Quantity>
      <UnitMeasure>ל  גרם</UnitMeasure>
      <BisWeighted>0</BisWeighted>
      <QtyInPackage>1</QtyInPackage>
      <ItemPrice>30.90</ItemPrice>
      <UnitOfMeasurePrice>6.13</UnitOfMeasurePrice>
      <AllowDiscount>1</AllowDiscount>
      <itemStatus>1</itemStatus>
      <LastUpdateDate />
      <LastUpdateTime />
    </Product>
    <Product>
      <PriceUpdateDate>2019/05/17 08:57</PriceUpdateDate>
      <ItemCode>7290112962324</ItemCode>
      <ItemType>1</ItemType>
      <ItemName>טבעול שניצל כרובית 99קלוריות 650גר</ItemName>
      <ManufactureName>קבוצת אוסם סחר-שות.מוגבלת</ManufactureName>
      <ManufactureCountry />
      <ManufactureItemDescription />
      <UnitQty>י"ח</UnitQty>
      <Quantity>650</Quantity>
      <UnitMeasure>ל  גרם</UnitMeasure>
      <BisWeighted>0</BisWeighted>
      <QtyInPackage>1</QtyInPackage>
      <ItemPrice>30.90</ItemPrice>
      <UnitOfMeasurePrice>4.75</UnitOfMeasurePrice>
      <AllowDiscount>1</AllowDiscount>
      <itemStatus>1</itemStatus>
      <LastUpdateDate />
      <LastUpdateTime />
    </Product>
    <Product>
      <PriceUpdateDate>2019/01/15 13:20</PriceUpdateDate>
      <ItemCode>7290112962362</ItemCode>
      <ItemType>1</ItemType>
      <ItemName>טבעול נקניקיות חריפות טבעוניות 450גר</ItemName>
      <ManufactureName>קבוצת אוסם סחר-שות.מוגבלת</ManufactureName>
      <ManufactureCountry />
      <ManufactureItemDescription />
      <UnitQty>י"ח</UnitQty>
      <Quantity>450</Quantity>
      <UnitMeasure>ל  גרם</UnitMeasure>
      <BisWeighted>0</BisWeighted>
      <QtyInPackage>1</QtyInPackage>
      <ItemPrice>30.90</ItemPrice>
      <UnitOfMeasurePrice>6.87</UnitOfMeasurePrice>
      <AllowDiscount>1</AllowDiscount>
      <itemStatus>1</itemStatus>
      <LastUpdateDate />
      <LastUpdateTime />
    </Product>
    <Product>
      <PriceUpdateDate>2019/02/19 13:45</PriceUpdateDate>
      <ItemCode>7290112962676</ItemCode>
      <ItemType>1</ItemType>
      <ItemName>רוטב קארי ירוק תאילנדי 290מ"ל</ItemName>
      <ManufactureName>קבוצת אוסם סחר-שות.מוגבלת</ManufactureName>
      <ManufactureCountry />
      <ManufactureItemDescription />
      <UnitQty>י"ח</UnitQty>
      <Quantity>290</Quantity>
      <UnitMeasure>ל  גרם</UnitMeasure>
      <BisWeighted>0</BisWeighted>
      <QtyInPackage>1</QtyInPackage>
      <ItemPrice>13.90</ItemPrice>
      <UnitOfMeasurePrice>4.79</UnitOfMeasurePrice>
      <AllowDiscount>1</AllowDiscount>
      <itemStatus>1</itemStatus>
      <LastUpdateDate />
      <LastUpdateTime />
    </Product>
    <Product>
      <PriceUpdateDate>2018/12/25 11:41</PriceUpdateDate>
      <ItemCode>7290112962737</ItemCode>
      <ItemType>1</ItemType>
      <ItemName>טבעול שניצל מן הצומח עם חלבון 664גר</ItemName>
      <ManufactureName>קבוצת אוסם סחר-שות.מוגבלת</ManufactureName>
      <ManufactureCountry />
      <ManufactureItemDescription />
      <UnitQty>י"ח</UnitQty>
      <Quantity>664</Quantity>
      <UnitMeasure>ל  גרם</UnitMeasure>
      <BisWeighted>0</BisWeighted>
      <QtyInPackage>1</QtyInPackage>
      <ItemPrice>28.90</ItemPrice>
      <UnitOfMeasurePrice>4.35</UnitOfMeasurePrice>
      <AllowDiscount>1</AllowDiscount>
      <itemStatus>1</itemStatus>
      <LastUpdateDate />
      <LastUpdateTime />
    </Product>
    <Product>
      <PriceUpdateDate>2019/02/28 08:56</PriceUpdateDate>
      <ItemCode>7290112962751</ItemCode>
      <ItemType>1</ItemType>
      <ItemName>גלידת  אוראו סנדוויץ</ItemName>
      <ManufactureName>נגה גלידות</ManufactureName>
      <ManufactureCountry />
      <ManufactureItemDescription />
      <UnitQty>י"ח</UnitQty>
      <Quantity>80</Quantity>
      <UnitMeasure>ל  גרם</UnitMeasure>
      <BisWeighted>0</BisWeighted>
      <QtyInPackage>1</QtyInPackage>
      <ItemPrice>12.90</ItemPrice>
      <UnitOfMeasurePrice>16.13</UnitOfMeasurePrice>
      <AllowDiscount>1</AllowDiscount>
      <itemStatus>1</itemStatus>
      <LastUpdateDate />
      <LastUpdateTime />
    </Product>
    <Product>
      <PriceUpdateDate>2020/01/23 08:27</PriceUpdateDate>
      <ItemCode>7290112962980</ItemCode>
      <ItemType>1</ItemType>
      <ItemName>רוטב סויה סיני מופחת סוכר 290מ"ל</ItemName>
      <ManufactureName>קבוצת אוסם סחר-שות.מוגבלת</ManufactureName>
      <ManufactureCountry />
      <ManufactureItemDescription />
      <UnitQty>י"ח</UnitQty>
      <Quantity>290</Quantity>
      <UnitMeasure>ל  גרם</UnitMeasure>
      <BisWeighted>0</BisWeighted>
      <QtyInPackage>1</QtyInPackage>
      <ItemPrice>13.90</ItemPrice>
      <UnitOfMeasurePrice>4.79</UnitOfMeasurePrice>
      <AllowDiscount>1</AllowDiscount>
      <itemStatus>1</itemStatus>
      <LastUpdateDate />
      <LastUpdateTime />
    </Product>
    <Product>
      <PriceUpdateDate>2020/01/23 08:27</PriceUpdateDate>
      <ItemCode>7290112963000</ItemCode>
      <ItemType>1</ItemType>
      <ItemName>רוטב צ`ילי מתוק מופחת נתרן סוכר 290מ"ל</ItemName>
      <ManufactureName>קבוצת אוסם סחר-שות.מוגבלת</ManufactureName>
      <ManufactureCountry />
      <ManufactureItemDescription />
      <UnitQty>י"ח</UnitQty>
      <Quantity>290</Quantity>
      <UnitMeasure>ל  מ"ל</UnitMeasure>
      <BisWeighted>0</BisWeighted>
      <QtyInPackage>1</QtyInPackage>
      <ItemPrice>13.90</ItemPrice>
      <UnitOfMeasurePrice>4.79</UnitOfMeasurePrice>
      <AllowDiscount>1</AllowDiscount>
      <itemStatus>1</itemStatus>
      <LastUpdateDate />
      <LastUpdateTime />
    </Product>
    <Product>
      <PriceUpdateDate>2019/04/16 08:37</PriceUpdateDate>
      <ItemCode>7290112963215</ItemCode>
      <ItemType>1</ItemType>
      <ItemName>במבה במילוי נוגט 60גר</ItemName>
      <ManufactureName>קבוצת אוסם סחר-שות.מוגבלת</ManufactureName>
      <ManufactureCountry />
      <ManufactureItemDescription />
      <UnitQty>י"ח</UnitQty>
      <Quantity>60</Quantity>
      <UnitMeasure>ל  גרם</UnitMeasure>
      <BisWeighted>0</BisWeighted>
      <QtyInPackage>1</QtyInPackage>
      <ItemPrice>4.80</ItemPrice>
      <UnitOfMeasurePrice>8</UnitOfMeasurePrice>
      <AllowDiscount>1</AllowDiscount>
      <itemStatus>1</itemStatus>
      <LastUpdateDate />
      <LastUpdateTime />
    </Product>
    <Product>
      <PriceUpdateDate>2019/07/01 13:20</PriceUpdateDate>
      <ItemCode>7290112963246</ItemCode>
      <ItemType>1</ItemType>
      <ItemName>במבה במילוי אייסשייק תות 60גר</ItemName>
      <ManufactureName>קבוצת אוסם סחר-שות.מוגבלת</ManufactureName>
      <ManufactureCountry />
      <ManufactureItemDescription />
      <UnitQty>י"ח</UnitQty>
      <Quantity>60</Quantity>
      <UnitMeasure>ל  גרם</UnitMeasure>
      <BisWeighted>0</BisWeighted>
      <QtyInPackage>1</QtyInPackage>
      <ItemPrice>4.80</ItemPrice>
      <UnitOfMeasurePrice>8</UnitOfMeasurePrice>
      <AllowDiscount>1</AllowDiscount>
      <itemStatus>1</itemStatus>
      <LastUpdateDate />
      <LastUpdateTime />
    </Product>
    <Product>
      <PriceUpdateDate>2019/01/16 07:21</PriceUpdateDate>
      <ItemCode>7290112963482</ItemCode>
      <ItemType>1</ItemType>
      <ItemName>פתיתים קוסקוס(ג`ירף  )600אסם</ItemName>
      <ManufactureName>קבוצת אוסם סחר-שות.מוגבלת</ManufactureName>
      <ManufactureCountry />
      <ManufactureItemDescription />
      <UnitQty>י"ח</UnitQty>
      <Quantity>600</Quantity>
      <UnitMeasure>ל  גרם</UnitMeasure>
      <BisWeighted>0</BisWeighted>
      <QtyInPackage>1</QtyInPackage>
      <ItemPrice>6.90</ItemPrice>
      <UnitOfMeasurePrice>1.15</UnitOfMeasurePrice>
      <AllowDiscount>1</AllowDiscount>
      <itemStatus>1</itemStatus>
      <LastUpdateDate />
      <LastUpdateTime />
    </Product>
    <Product>
      <PriceUpdateDate>2019/01/16 07:21</PriceUpdateDate>
      <ItemCode>7290112963604</ItemCode>
      <ItemType>1</ItemType>
      <ItemName>פתיתים אורז ג`יקף 600 אסם</ItemName>
      <ManufactureName>קבוצת אוסם סחר-שות.מוגבלת</ManufactureName>
      <ManufactureCountry />
      <ManufactureItemDescription />
      <UnitQty>י"ח</UnitQty>
      <Quantity>600</Quantity>
      <UnitMeasure>ל  גרם</UnitMeasure>
      <BisWeighted>0</BisWeighted>
      <QtyInPackage>1</QtyInPackage>
      <ItemPrice>6.90</ItemPrice>
      <UnitOfMeasurePrice>1.15</UnitOfMeasurePrice>
      <AllowDiscount>1</AllowDiscount>
      <itemStatus>1</itemStatus>
      <LastUpdateDate />
      <LastUpdateTime />
    </Product>
    <Product>
      <PriceUpdateDate>2019/04/15 07:38</PriceUpdateDate>
      <ItemCode>7290112963703</ItemCode>
      <ItemType>1</ItemType>
      <ItemName>בונג ור ולתנור כדורי שמרים 530ג</ItemName>
      <ManufactureName>קבוצת אוסם סחר-שות.מוגבלת</ManufactureName>
      <ManufactureCountry />
      <ManufactureItemDescription />
      <UnitQty>י"ח</UnitQty>
      <Quantity>530</Quantity>
      <UnitMeasure>ל  גרם</UnitMeasure>
      <BisWeighted>0</BisWeighted>
      <QtyInPackage>1</QtyInPackage>
      <ItemPrice>14.90</ItemPrice>
      <UnitOfMeasurePrice>2.81</UnitOfMeasurePrice>
      <AllowDiscount>1</AllowDiscount>
      <itemStatus>1</itemStatus>
      <LastUpdateDate />
      <LastUpdateTime />
    </Product>
    <Product>
      <PriceUpdateDate>2019/07/01 13:20</PriceUpdateDate>
      <ItemCode>7290112963895</ItemCode>
      <ItemType>1</ItemType>
      <ItemName>פיטנס חטיפי קרקר דק כפרי 150גר</ItemName>
      <ManufactureName>קבוצת אוסם סחר-שות.מוגבלת</ManufactureName>
      <ManufactureCountry />
      <ManufactureItemDescription />
      <UnitQty>י"ח</UnitQty>
      <Quantity>150</Quantity>
      <UnitMeasure>ל  גרם</UnitMeasure>
      <BisWeighted>0</BisWeighted>
      <QtyInPackage>1</QtyInPackage>
      <ItemPrice>11.90</ItemPrice>
      <UnitOfMeasurePrice>7.93</UnitOfMeasurePrice>
      <AllowDiscount>1</AllowDiscount>
      <itemStatus>1</itemStatus>
      <LastUpdateDate />
      <LastUpdateTime />
    </Product>
    <Product>
      <PriceUpdateDate>2019/07/01 13:20</PriceUpdateDate>
      <ItemCode>7290112963918</ItemCode>
      <ItemType>1</ItemType>
      <ItemName>פיטנס חטיפי קרקר דק רוזמרין 140גר</ItemName>
      <ManufactureName>קבוצת אוסם סחר-שות.מוגבלת</ManufactureName>
      <ManufactureCountry />
      <ManufactureItemDescription />
      <UnitQty>י"ח</UnitQty>
      <Quantity>140</Quantity>
      <UnitMeasure>ל  גרם</UnitMeasure>
      <BisWeighted>0</BisWeighted>
      <QtyInPackage>1</QtyInPackage>
      <ItemPrice>11.90</ItemPrice>
      <UnitOfMeasurePrice>8.50</UnitOfMeasurePrice>
      <AllowDiscount>1</AllowDiscount>
      <itemStatus>1</itemStatus>
      <LastUpdateDate />
      <LastUpdateTime />
    </Product>
    <Product>
      <PriceUpdateDate>2019/04/15 07:38</PriceUpdateDate>
      <ItemCode>7290112963963</ItemCode>
      <ItemType>1</ItemType>
      <ItemName>פרפקטו פסטה זיטי 500גר</ItemName>
      <ManufactureName>קבוצת אוסם סחר-שות.מוגבלת</ManufactureName>
      <ManufactureCountry />
      <ManufactureItemDescription />
      <UnitQty>י"ח</UnitQty>
      <Quantity>500</Quantity>
      <UnitMeasure>ל  גרם</UnitMeasure>
      <BisWeighted>0</BisWeighted>
      <QtyInPackage>1</QtyInPackage>
      <ItemPrice>10.90</ItemPrice>
      <UnitOfMeasurePrice>2.18</UnitOfMeasurePrice>
      <AllowDiscount>1</AllowDiscount>
      <itemStatus>1</itemStatus>
      <LastUpdateDate />
      <LastUpdateTime />
    </Product>
    <Product>
      <PriceUpdateDate>2019/04/15 07:38</PriceUpdateDate>
      <ItemCode>7290112964052</ItemCode>
      <ItemType>1</ItemType>
      <ItemName>פרפקטו פסטה וזוביוטו 500גר.</ItemName>
      <ManufactureName>קבוצת אוסם סחר-שות.מוגבלת</ManufactureName>
      <ManufactureCountry />
      <ManufactureItemDescription />
      <UnitQty>י"ח</UnitQty>
      <Quantity>500</Quantity>
      <UnitMeasure>ל  גרם</UnitMeasure>
      <BisWeighted>0</BisWeighted>
      <QtyInPackage>1</QtyInPackage>
      <ItemPrice>10.90</ItemPrice>
      <UnitOfMeasurePrice>2.18</UnitOfMeasurePrice>
      <AllowDiscount>1</AllowDiscount>
      <itemStatus>1</itemStatus>
      <LastUpdateDate />
      <LastUpdateTime />
    </Product>
    <Product>
      <PriceUpdateDate>2019/04/15 07:38</PriceUpdateDate>
      <ItemCode>7290112964076</ItemCode>
      <ItemType>1</ItemType>
      <ItemName>פרפקטו פסטה קונכיות גדולות 400גר</ItemName>
      <ManufactureName>קבוצת אוסם סחר-שות.מוגבלת</ManufactureName>
      <ManufactureCountry />
      <ManufactureItemDescription />
      <UnitQty>י"ח</UnitQty>
      <Quantity>400</Quantity>
      <UnitMeasure>ל  גרם</UnitMeasure>
      <BisWeighted>0</BisWeighted>
      <QtyInPackage>1</QtyInPackage>
      <ItemPrice>10.90</ItemPrice>
      <UnitOfMeasurePrice>2.73</UnitOfMeasurePrice>
      <AllowDiscount>1</AllowDiscount>
      <itemStatus>1</itemStatus>
      <LastUpdateDate />
      <LastUpdateTime />
    </Product>
    <Product>
      <PriceUpdateDate>2019/04/15 07:38</PriceUpdateDate>
      <ItemCode>7290112964090</ItemCode>
      <ItemType>1</ItemType>
      <ItemName>פרפקטו פסטה קלמרטה 400גר</ItemName>
      <ManufactureName>קבוצת אוסם סחר-שות.מוגבלת</ManufactureName>
      <ManufactureCountry />
      <ManufactureItemDescription />
      <UnitQty>י"ח</UnitQty>
      <Quantity>400</Quantity>
      <UnitMeasure>ל  גרם</UnitMeasure>
      <BisWeighted>0</BisWeighted>
      <QtyInPackage>1</QtyInPackage>
      <ItemPrice>10.90</ItemPrice>
      <UnitOfMeasurePrice>2.73</UnitOfMeasurePrice>
      <AllowDiscount>1</AllowDiscount>
      <itemStatus>1</itemStatus>
      <LastUpdateDate />
      <LastUpdateTime />
    </Product>
    <Product>
      <PriceUpdateDate>2019/07/10 10:51</PriceUpdateDate>
      <ItemCode>7290112964212</ItemCode>
      <ItemType>1</ItemType>
      <ItemName>קונכיות פתיתים 400גר</ItemName>
      <ManufactureName>קבוצת אוסם סחר-שות.מוגבלת</ManufactureName>
      <ManufactureCountry />
      <ManufactureItemDescription />
      <UnitQty>י"ח</UnitQty>
      <Quantity>400</Quantity>
      <UnitMeasure>ל  גרם</UnitMeasure>
      <BisWeighted>0</BisWeighted>
      <QtyInPackage>1</QtyInPackage>
      <ItemPrice>8.90</ItemPrice>
      <UnitOfMeasurePrice>2.23</UnitOfMeasurePrice>
      <AllowDiscount>1</AllowDiscount>
      <itemStatus>1</itemStatus>
      <LastUpdateDate />
      <LastUpdateTime />
    </Product>
    <Product>
      <PriceUpdateDate>2019/12/25 09:31</PriceUpdateDate>
      <ItemCode>7290112964250</ItemCode>
      <ItemType>1</ItemType>
      <ItemName>אפרופו ים תיכוני 50 גרם</ItemName>
      <ManufactureName>קבוצת אוסם סחר-שות.מוגבלת</ManufactureName>
      <ManufactureCountry />
      <ManufactureItemDescription />
      <UnitQty>י"ח</UnitQty>
      <Quantity>50</Quantity>
      <UnitMeasure>ל  גרם</UnitMeasure>
      <BisWeighted>0</BisWeighted>
      <QtyInPackage>1</QtyInPackage>
      <ItemPrice>5</ItemPrice>
      <UnitOfMeasurePrice>10</UnitOfMeasurePrice>
      <AllowDiscount>1</AllowDiscount>
      <itemStatus>1</itemStatus>
      <LastUpdateDate />
      <LastUpdateTime />
    </Product>
    <Product>
      <PriceUpdateDate>2019/07/10 10:51</PriceUpdateDate>
      <ItemCode>7290112964298</ItemCode>
      <ItemType>1</ItemType>
      <ItemName>קונכיות פתיתים תרד 400גר</ItemName>
      <ManufactureName>קבוצת אוסם סחר-שות.מוגבלת</ManufactureName>
      <ManufactureCountry />
      <ManufactureItemDescription />
      <UnitQty>י"ח</UnitQty>
      <Quantity>400</Quantity>
      <UnitMeasure>ל  גרם</UnitMeasure>
      <BisWeighted>0</BisWeighted>
      <QtyInPackage>1</QtyInPackage>
      <ItemPrice>8.90</ItemPrice>
      <UnitOfMeasurePrice>2.23</UnitOfMeasurePrice>
      <AllowDiscount>1</AllowDiscount>
      <itemStatus>1</itemStatus>
      <LastUpdateDate />
      <LastUpdateTime />
    </Product>
    <Product>
      <PriceUpdateDate>2019/07/01 13:20</PriceUpdateDate>
      <ItemCode>7290112964359</ItemCode>
      <ItemType>1</ItemType>
      <ItemName>רוטב וינגרט  לייט 290 מ"ל</ItemName>
      <ManufactureName>קבוצת אוסם סחר-שות.מוגבלת</ManufactureName>
      <ManufactureCountry />
      <ManufactureItemDescription />
      <UnitQty>י"ח</UnitQty>
      <Quantity>375</Quantity>
      <UnitMeasure>ל  גרם</UnitMeasure>
      <BisWeighted>0</BisWeighted>
      <QtyInPackage>1</QtyInPackage>
      <ItemPrice>10.90</ItemPrice>
      <UnitOfMeasurePrice>2.91</UnitOfMeasurePrice>
      <AllowDiscount>1</AllowDiscount>
      <itemStatus>1</itemStatus>
      <LastUpdateDate />
      <LastUpdateTime />
    </Product>
    <Product>
      <PriceUpdateDate>2019/07/01 13:20</PriceUpdateDate>
      <ItemCode>7290112964410</ItemCode>
      <ItemType>1</ItemType>
      <ItemName>רוטב אלף האיים אסם 290 מייל.</ItemName>
      <ManufactureName>קבוצת אוסם סחר-שות.מוגבלת</ManufactureName>
      <ManufactureCountry />
      <ManufactureItemDescription />
      <UnitQty>י"ח</UnitQty>
      <Quantity>290</Quantity>
      <UnitMeasure>ל  מ"ל</UnitMeasure>
      <BisWeighted>0</BisWeighted>
      <QtyInPackage>1</QtyInPackage>
      <ItemPrice>10.90</ItemPrice>
      <UnitOfMeasurePrice>3.76</UnitOfMeasurePrice>
      <AllowDiscount>1</AllowDiscount>
      <itemStatus>1</itemStatus>
      <LastUpdateDate />
      <LastUpdateTime />
    </Product>
    <Product>
      <PriceUpdateDate>2019/07/01 13:20</PriceUpdateDate>
      <ItemCode>7290112964434</ItemCode>
      <ItemType>1</ItemType>
      <ItemName>רוטב לסלט קיסר 290מ"ל</ItemName>
      <ManufactureName>קבוצת אוסם סחר-שות.מוגבלת</ManufactureName>
      <ManufactureCountry />
      <ManufactureItemDescription />
      <UnitQty>י"ח</UnitQty>
      <Quantity>290</Quantity>
      <UnitMeasure>ל  מ"ל</UnitMeasure>
      <BisWeighted>0</BisWeighted>
      <QtyInPackage>1</QtyInPackage>
      <ItemPrice>10.90</ItemPrice>
      <UnitOfMeasurePrice>3.76</UnitOfMeasurePrice>
      <AllowDiscount>1</AllowDiscount>
      <itemStatus>1</itemStatus>
      <LastUpdateDate />
      <LastUpdateTime />
    </Product>
    <Product>
      <PriceUpdateDate>2019/07/01 13:20</PriceUpdateDate>
      <ItemCode>7290112964458</ItemCode>
      <ItemType>1</ItemType>
      <ItemName>רוטב וינגרט 290 מ"ל</ItemName>
      <ManufactureName>קבוצת אוסם סחר-שות.מוגבלת</ManufactureName>
      <ManufactureCountry />
      <ManufactureItemDescription />
      <UnitQty>י"ח</UnitQty>
      <Quantity>375</Quantity>
      <UnitMeasure>ל  גרם</UnitMeasure>
      <BisWeighted>0</BisWeighted>
      <QtyInPackage>1</QtyInPackage>
      <ItemPrice>10.90</ItemPrice>
      <UnitOfMeasurePrice>2.91</UnitOfMeasurePrice>
      <AllowDiscount>1</AllowDiscount>
      <itemStatus>1</itemStatus>
      <LastUpdateDate />
      <LastUpdateTime />
    </Product>
    <Product>
      <PriceUpdateDate>2019/07/01 13:20</PriceUpdateDate>
      <ItemCode>7290112964472</ItemCode>
      <ItemType>1</ItemType>
      <ItemName>רוטב שום לסלט 290 מייל</ItemName>
      <ManufactureName>קבוצת אוסם סחר-שות.מוגבלת</ManufactureName>
      <ManufactureCountry />
      <ManufactureItemDescription />
      <UnitQty>י"ח</UnitQty>
      <Quantity>290</Quantity>
      <UnitMeasure>ל  מ"ל</UnitMeasure>
      <BisWeighted>0</BisWeighted>
      <QtyInPackage>1</QtyInPackage>
      <ItemPrice>10.90</ItemPrice>
      <UnitOfMeasurePrice>3.76</UnitOfMeasurePrice>
      <AllowDiscount>1</AllowDiscount>
      <itemStatus>1</itemStatus>
      <LastUpdateDate />
      <LastUpdateTime />
    </Product>
    <Product>
      <PriceUpdateDate>2019/07/01 13:20</PriceUpdateDate>
      <ItemCode>7290112964564</ItemCode>
      <ItemType>1</ItemType>
      <ItemName>רוטב שום  לייט 290 מייל</ItemName>
      <ManufactureName>קבוצת אוסם סחר-שות.מוגבלת</ManufactureName>
      <ManufactureCountry />
      <ManufactureItemDescription />
      <UnitQty>י"ח</UnitQty>
      <Quantity>290</Quantity>
      <UnitMeasure>ל  מ"ל</UnitMeasure>
      <BisWeighted>0</BisWeighted>
      <QtyInPackage>1</QtyInPackage>
      <ItemPrice>10.90</ItemPrice>
      <UnitOfMeasurePrice>3.76</UnitOfMeasurePrice>
      <AllowDiscount>1</AllowDiscount>
      <itemStatus>1</itemStatus>
      <LastUpdateDate />
      <LastUpdateTime />
    </Product>
    <Product>
      <PriceUpdateDate>2019/05/17 08:57</PriceUpdateDate>
      <ItemCode>7290112964588</ItemCode>
      <ItemType>1</ItemType>
      <ItemName>רוטב לפאד טאי  290מ"ל</ItemName>
      <ManufactureName>קבוצת אוסם סחר-שות.מוגבלת</ManufactureName>
      <ManufactureCountry />
      <ManufactureItemDescription />
      <UnitQty>י"ח</UnitQty>
      <Quantity>290</Quantity>
      <UnitMeasure>ל  גרם</UnitMeasure>
      <BisWeighted>0</BisWeighted>
      <QtyInPackage>1</QtyInPackage>
      <ItemPrice>13.90</ItemPrice>
      <UnitOfMeasurePrice>4.79</UnitOfMeasurePrice>
      <AllowDiscount>1</AllowDiscount>
      <itemStatus>1</itemStatus>
      <LastUpdateDate />
      <LastUpdateTime />
    </Product>
    <Product>
      <PriceUpdateDate>2019/05/17 08:57</PriceUpdateDate>
      <ItemCode>7290112964601</ItemCode>
      <ItemType>1</ItemType>
      <ItemName>רוטב בנוסח סצואן  290מ"ל</ItemName>
      <ManufactureName>קבוצת אוסם סחר-שות.מוגבלת</ManufactureName>
      <ManufactureCountry />
      <ManufactureItemDescription />
      <UnitQty>י"ח</UnitQty>
      <Quantity>290</Quantity>
      <UnitMeasure>ל  גרם</UnitMeasure>
      <BisWeighted>0</BisWeighted>
      <QtyInPackage>1</QtyInPackage>
      <ItemPrice>13.90</ItemPrice>
      <UnitOfMeasurePrice>4.79</UnitOfMeasurePrice>
      <AllowDiscount>1</AllowDiscount>
      <itemStatus>1</itemStatus>
      <LastUpdateDate />
      <LastUpdateTime />
    </Product>
    <Product>
      <PriceUpdateDate>2019/07/01 13:20</PriceUpdateDate>
      <ItemCode>7290112964625</ItemCode>
      <ItemType>1</ItemType>
      <ItemName>רוטב שום  לייט 290 מייל</ItemName>
      <ManufactureName>קבוצת אוסם סחר-שות.מוגבלת</ManufactureName>
      <ManufactureCountry />
      <ManufactureItemDescription />
      <UnitQty>י"ח</UnitQty>
      <Quantity>290</Quantity>
      <UnitMeasure>ל  מ"ל</UnitMeasure>
      <BisWeighted>0</BisWeighted>
      <QtyInPackage>1</QtyInPackage>
      <ItemPrice>10.90</ItemPrice>
      <UnitOfMeasurePrice>3.76</UnitOfMeasurePrice>
      <AllowDiscount>1</AllowDiscount>
      <itemStatus>1</itemStatus>
      <LastUpdateDate />
      <LastUpdateTime />
    </Product>
    <Product>
      <PriceUpdateDate>2019/07/01 13:20</PriceUpdateDate>
      <ItemCode>7290112964700</ItemCode>
      <ItemType>1</ItemType>
      <ItemName>רוטב חרדל ודבש לסלט 290מ"ל</ItemName>
      <ManufactureName>קבוצת אוסם סחר-שות.מוגבלת</ManufactureName>
      <ManufactureCountry />
      <ManufactureItemDescription />
      <UnitQty>י"ח</UnitQty>
      <Quantity>290</Quantity>
      <UnitMeasure>ל  מ"ל</UnitMeasure>
      <BisWeighted>0</BisWeighted>
      <QtyInPackage>1</QtyInPackage>
      <ItemPrice>12</ItemPrice>
      <UnitOfMeasurePrice>4.14</UnitOfMeasurePrice>
      <AllowDiscount>1</AllowDiscount>
      <itemStatus>1</itemStatus>
      <LastUpdateDate />
      <LastUpdateTime />
    </Product>
    <Product>
      <PriceUpdateDate>2019/07/10 10:51</PriceUpdateDate>
      <ItemCode>7290112965585</ItemCode>
      <ItemType>1</ItemType>
      <ItemName>פרפקטו פסטה קסרצה 500גר</ItemName>
      <ManufactureName>קבוצת אוסם סחר-שות.מוגבלת</ManufactureName>
      <ManufactureCountry />
      <ManufactureItemDescription />
      <UnitQty>י"ח</UnitQty>
      <Quantity>500</Quantity>
      <UnitMeasure>ל  גרם</UnitMeasure>
      <BisWeighted>0</BisWeighted>
      <QtyInPackage>1</QtyInPackage>
      <ItemPrice>6.90</ItemPrice>
      <UnitOfMeasurePrice>1.38</UnitOfMeasurePrice>
      <AllowDiscount>1</AllowDiscount>
      <itemStatus>1</itemStatus>
      <LastUpdateDate />
      <LastUpdateTime />
    </Product>
    <Product>
      <PriceUpdateDate>2019/12/26 08:31</PriceUpdateDate>
      <ItemCode>7290112965622</ItemCode>
      <ItemType>1</ItemType>
      <ItemName>חטיפי קרקר במליחות מעודנת 300גר`</ItemName>
      <ManufactureName>קבוצת אוסם סחר-שות.מוגבלת</ManufactureName>
      <ManufactureCountry />
      <ManufactureItemDescription />
      <UnitQty>י"ח</UnitQty>
      <Quantity>300</Quantity>
      <UnitMeasure>ל  גרם</UnitMeasure>
      <BisWeighted>0</BisWeighted>
      <QtyInPackage>1</QtyInPackage>
      <ItemPrice>11.90</ItemPrice>
      <UnitOfMeasurePrice>3.97</UnitOfMeasurePrice>
      <AllowDiscount>1</AllowDiscount>
      <itemStatus>1</itemStatus>
      <LastUpdateDate />
      <LastUpdateTime />
    </Product>
    <Product>
      <PriceUpdateDate>2019/12/25 09:31</PriceUpdateDate>
      <ItemCode>7290112965721</ItemCode>
      <ItemType>1</ItemType>
      <ItemName>אח של ביסלי ווסאבי יפן 60ג קטן</ItemName>
      <ManufactureName>קבוצת אוסם סחר-שות.מוגבלת</ManufactureName>
      <ManufactureCountry />
      <ManufactureItemDescription />
      <UnitQty>י"ח</UnitQty>
      <Quantity>600</Quantity>
      <UnitMeasure>ל  גרם</UnitMeasure>
      <BisWeighted>0</BisWeighted>
      <QtyInPackage>1</QtyInPackage>
      <ItemPrice>3.90</ItemPrice>
      <UnitOfMeasurePrice>0.65</UnitOfMeasurePrice>
      <AllowDiscount>1</AllowDiscount>
      <itemStatus>1</itemStatus>
      <LastUpdateDate />
      <LastUpdateTime />
    </Product>
    <Product>
      <PriceUpdateDate>2019/12/25 09:31</PriceUpdateDate>
      <ItemCode>7290112965769</ItemCode>
      <ItemType>1</ItemType>
      <ItemName>ביסלי טאקו מקסיקו 60גר</ItemName>
      <ManufactureName>קבוצת אוסם סחר-שות.מוגבלת</ManufactureName>
      <ManufactureCountry />
      <ManufactureItemDescription />
      <UnitQty>י"ח</UnitQty>
      <Quantity>600</Quantity>
      <UnitMeasure>ל  גרם</UnitMeasure>
      <BisWeighted>0</BisWeighted>
      <QtyInPackage>1</QtyInPackage>
      <ItemPrice>3.90</ItemPrice>
      <UnitOfMeasurePrice>0.65</UnitOfMeasurePrice>
      <AllowDiscount>1</AllowDiscount>
      <itemStatus>1</itemStatus>
      <LastUpdateDate />
      <LastUpdateTime />
    </Product>
    <Product>
      <PriceUpdateDate>2019/12/25 09:31</PriceUpdateDate>
      <ItemCode>7290112965963</ItemCode>
      <ItemType>1</ItemType>
      <ItemName>טבעול שניצל קינואה וברוקולי 525גר</ItemName>
      <ManufactureName>קבוצת אוסם סחר-שות.מוגבלת</ManufactureName>
      <ManufactureCountry />
      <ManufactureItemDescription />
      <UnitQty>י"ח</UnitQty>
      <Quantity>525</Quantity>
      <UnitMeasure>ל  גרם</UnitMeasure>
      <BisWeighted>0</BisWeighted>
      <QtyInPackage>1</QtyInPackage>
      <ItemPrice>30.90</ItemPrice>
      <UnitOfMeasurePrice>5.89</UnitOfMeasurePrice>
      <AllowDiscount>1</AllowDiscount>
      <itemStatus>1</itemStatus>
      <LastUpdateDate />
      <LastUpdateTime />
    </Product>
    <Product>
      <PriceUpdateDate>2019/10/23 13:23</PriceUpdateDate>
      <ItemCode>7290112966186</ItemCode>
      <ItemType>1</ItemType>
      <ItemName>אפרופו שוקולד מריר  40גר</ItemName>
      <ManufactureName>קבוצת אוסם סחר-שות.מוגבלת</ManufactureName>
      <ManufactureCountry />
      <ManufactureItemDescription />
      <UnitQty>י"ח</UnitQty>
      <Quantity>50</Quantity>
      <UnitMeasure>ל  גרם</UnitMeasure>
      <BisWeighted>0</BisWeighted>
      <QtyInPackage>1</QtyInPackage>
      <ItemPrice>5</ItemPrice>
      <UnitOfMeasurePrice>10</UnitOfMeasurePrice>
      <AllowDiscount>1</AllowDiscount>
      <itemStatus>1</itemStatus>
      <LastUpdateDate />
      <LastUpdateTime />
    </Product>
    <Product>
      <PriceUpdateDate>2019/10/23 13:23</PriceUpdateDate>
      <ItemCode>7290112966209</ItemCode>
      <ItemType>1</ItemType>
      <ItemName>אפרופו שוקולד לבן  40גר</ItemName>
      <ManufactureName>קבוצת אוסם סחר-שות.מוגבלת</ManufactureName>
      <ManufactureCountry />
      <ManufactureItemDescription />
      <UnitQty>י"ח</UnitQty>
      <Quantity>50</Quantity>
      <UnitMeasure>ל  גרם</UnitMeasure>
      <BisWeighted>0</BisWeighted>
      <QtyInPackage>1</QtyInPackage>
      <ItemPrice>5</ItemPrice>
      <UnitOfMeasurePrice>10</UnitOfMeasurePrice>
      <AllowDiscount>1</AllowDiscount>
      <itemStatus>1</itemStatus>
      <LastUpdateDate />
      <LastUpdateTime />
    </Product>
    <Product>
      <PriceUpdateDate>2019/10/23 13:23</PriceUpdateDate>
      <ItemCode>7290112966353</ItemCode>
      <ItemType>1</ItemType>
      <ItemName>פתיתים מספרים 400 אסם</ItemName>
      <ManufactureName>קבוצת אוסם סחר-שות.מוגבלת</ManufactureName>
      <ManufactureCountry />
      <ManufactureItemDescription />
      <UnitQty>י"ח</UnitQty>
      <Quantity>400</Quantity>
      <UnitMeasure>ל  גרם</UnitMeasure>
      <BisWeighted>0</BisWeighted>
      <QtyInPackage>1</QtyInPackage>
      <ItemPrice>6.90</ItemPrice>
      <UnitOfMeasurePrice>1.73</UnitOfMeasurePrice>
      <AllowDiscount>1</AllowDiscount>
      <itemStatus>1</itemStatus>
      <LastUpdateDate />
      <LastUpdateTime />
    </Product>
    <Product>
      <PriceUpdateDate>2020/01/23 08:27</PriceUpdateDate>
      <ItemCode>7290112966520</ItemCode>
      <ItemType>1</ItemType>
      <ItemName>במבה  אסם{תינוקת 60גר</ItemName>
      <ManufactureName>קבוצת אוסם סחר-שות.מוגבלת</ManufactureName>
      <ManufactureCountry />
      <ManufactureItemDescription />
      <UnitQty>י"ח</UnitQty>
      <Quantity>60</Quantity>
      <UnitMeasure>ל  גרם</UnitMeasure>
      <BisWeighted>0</BisWeighted>
      <QtyInPackage>1</QtyInPackage>
      <ItemPrice>4.40</ItemPrice>
      <UnitOfMeasurePrice>7.33</UnitOfMeasurePrice>
      <AllowDiscount>1</AllowDiscount>
      <itemStatus>1</itemStatus>
      <LastUpdateDate />
      <LastUpdateTime />
    </Product>
    <Product>
      <PriceUpdateDate>2019/12/25 09:31</PriceUpdateDate>
      <ItemCode>7290112966568</ItemCode>
      <ItemType>1</ItemType>
      <ItemName>במבה ביס 80גר</ItemName>
      <ManufactureName>קבוצת אוסם סחר-שות.מוגבלת</ManufactureName>
      <ManufactureCountry />
      <ManufactureItemDescription />
      <UnitQty>י"ח</UnitQty>
      <Quantity>60</Quantity>
      <UnitMeasure>ל  גרם</UnitMeasure>
      <BisWeighted>0</BisWeighted>
      <QtyInPackage>1</QtyInPackage>
      <ItemPrice>4.80</ItemPrice>
      <UnitOfMeasurePrice>8</UnitOfMeasurePrice>
      <AllowDiscount>1</AllowDiscount>
      <itemStatus>1</itemStatus>
      <LastUpdateDate />
      <LastUpdateTime />
    </Product>
    <Product>
      <PriceUpdateDate>2019/12/25 09:31</PriceUpdateDate>
      <ItemCode>7290112966582</ItemCode>
      <ItemType>1</ItemType>
      <ItemName>במבה נוגת במתיקות מעודנת  60גר</ItemName>
      <ManufactureName>קבוצת אוסם סחר-שות.מוגבלת</ManufactureName>
      <ManufactureCountry />
      <ManufactureItemDescription />
      <UnitQty>י"ח</UnitQty>
      <Quantity>60</Quantity>
      <UnitMeasure>ל  גרם</UnitMeasure>
      <BisWeighted>0</BisWeighted>
      <QtyInPackage>1</QtyInPackage>
      <ItemPrice>4.80</ItemPrice>
      <UnitOfMeasurePrice>8</UnitOfMeasurePrice>
      <AllowDiscount>1</AllowDiscount>
      <itemStatus>1</itemStatus>
      <LastUpdateDate />
      <LastUpdateTime />
    </Product>
    <Product>
      <PriceUpdateDate>2019/12/25 09:31</PriceUpdateDate>
      <ItemCode>7290112966605</ItemCode>
      <ItemType>1</ItemType>
      <ItemName>במבה  נוגט במתיקות מעודנת 45גר</ItemName>
      <ManufactureName>קבוצת אוסם סחר-שות.מוגבלת</ManufactureName>
      <ManufactureCountry />
      <ManufactureItemDescription />
      <UnitQty>י"ח</UnitQty>
      <Quantity>80</Quantity>
      <UnitMeasure>ל  גרם</UnitMeasure>
      <BisWeighted>0</BisWeighted>
      <QtyInPackage>1</QtyInPackage>
      <ItemPrice>4.30</ItemPrice>
      <UnitOfMeasurePrice>5.38</UnitOfMeasurePrice>
      <AllowDiscount>1</AllowDiscount>
      <itemStatus>1</itemStatus>
      <LastUpdateDate />
      <LastUpdateTime />
    </Product>
    <Product>
      <PriceUpdateDate>2020/03/15 10:06</PriceUpdateDate>
      <ItemCode>7290112966803</ItemCode>
      <ItemType>1</ItemType>
      <ItemName>פודינג  שוקולד 88 ג אסם</ItemName>
      <ManufactureName>קבוצת אוסם סחר-שות.מוגבלת</ManufactureName>
      <ManufactureCountry />
      <ManufactureItemDescription />
      <UnitQty>י"ח</UnitQty>
      <Quantity>88</Quantity>
      <UnitMeasure>ל  גרם</UnitMeasure>
      <BisWeighted>0</BisWeighted>
      <QtyInPackage>1</QtyInPackage>
      <ItemPrice>5.50</ItemPrice>
      <UnitOfMeasurePrice>6.25</UnitOfMeasurePrice>
      <AllowDiscount>1</AllowDiscount>
      <itemStatus>1</itemStatus>
      <LastUpdateDate />
      <LastUpdateTime />
    </Product>
    <Product>
      <PriceUpdateDate>2020/03/15 10:06</PriceUpdateDate>
      <ItemCode>7290112966827</ItemCode>
      <ItemType>1</ItemType>
      <ItemName>פודינג שוקולד 80 גר`כל"פ</ItemName>
      <ManufactureName>קבוצת אוסם סחר-שות.מוגבלת</ManufactureName>
      <ManufactureCountry />
      <ManufactureItemDescription />
      <UnitQty>י"ח</UnitQty>
      <Quantity>80</Quantity>
      <UnitMeasure>ל  גרם</UnitMeasure>
      <BisWeighted>0</BisWeighted>
      <QtyInPackage>1</QtyInPackage>
      <ItemPrice>5.50</ItemPrice>
      <UnitOfMeasurePrice>6.88</UnitOfMeasurePrice>
      <AllowDiscount>1</AllowDiscount>
      <itemStatus>1</itemStatus>
      <LastUpdateDate />
      <LastUpdateTime />
    </Product>
    <Product>
      <PriceUpdateDate>2020/03/15 10:06</PriceUpdateDate>
      <ItemCode>7290112966841</ItemCode>
      <ItemType>1</ItemType>
      <ItemName>פודינג  שוקולד מריר 88 ג אסם</ItemName>
      <ManufactureName>קבוצת אוסם סחר-שות.מוגבלת</ManufactureName>
      <ManufactureCountry />
      <ManufactureItemDescription />
      <UnitQty>י"ח</UnitQty>
      <Quantity>88</Quantity>
      <UnitMeasure>ל  גרם</UnitMeasure>
      <BisWeighted>0</BisWeighted>
      <QtyInPackage>1</QtyInPackage>
      <ItemPrice>5.50</ItemPrice>
      <UnitOfMeasurePrice>6.25</UnitOfMeasurePrice>
      <AllowDiscount>1</AllowDiscount>
      <itemStatus>1</itemStatus>
      <LastUpdateDate />
      <LastUpdateTime />
    </Product>
    <Product>
      <PriceUpdateDate>2020/02/21 11:07</PriceUpdateDate>
      <ItemCode>7290112967114</ItemCode>
      <ItemType>1</ItemType>
      <ItemName>פיטנס חטיפי פריכיות קטניות ופלפל 60ג</ItemName>
      <ManufactureName>קבוצת אוסם סחר-שות.מוגבלת</ManufactureName>
      <ManufactureCountry />
      <ManufactureItemDescription />
      <UnitQty>י"ח</UnitQty>
      <Quantity>60</Quantity>
      <UnitMeasure>ל  גרם</UnitMeasure>
      <BisWeighted>0</BisWeighted>
      <QtyInPackage>1</QtyInPackage>
      <ItemPrice>8.90</ItemPrice>
      <UnitOfMeasurePrice>14.83</UnitOfMeasurePrice>
      <AllowDiscount>1</AllowDiscount>
      <itemStatus>1</itemStatus>
      <LastUpdateDate />
      <LastUpdateTime />
    </Product>
    <Product>
      <PriceUpdateDate>2020/02/21 11:07</PriceUpdateDate>
      <ItemCode>7290112967381</ItemCode>
      <ItemType>1</ItemType>
      <ItemName>פיטנס חטיפי פריכיות קטניות ומלח ים 60גר</ItemName>
      <ManufactureName>קבוצת אוסם סחר-שות.מוגבלת</ManufactureName>
      <ManufactureCountry />
      <ManufactureItemDescription />
      <UnitQty>י"ח</UnitQty>
      <Quantity>60</Quantity>
      <UnitMeasure>ל  גרם</UnitMeasure>
      <BisWeighted>0</BisWeighted>
      <QtyInPackage>1</QtyInPackage>
      <ItemPrice>8.90</ItemPrice>
      <UnitOfMeasurePrice>14.83</UnitOfMeasurePrice>
      <AllowDiscount>1</AllowDiscount>
      <itemStatus>1</itemStatus>
      <LastUpdateDate />
      <LastUpdateTime />
    </Product>
    <Product>
      <PriceUpdateDate>2020/02/21 11:07</PriceUpdateDate>
      <ItemCode>7290112967404</ItemCode>
      <ItemType>1</ItemType>
      <ItemName>רוטב לסלט אלף האיים 290מ"ל כשל"פ</ItemName>
      <ManufactureName>קבוצת אוסם סחר-שות.מוגבלת</ManufactureName>
      <ManufactureCountry />
      <ManufactureItemDescription />
      <UnitQty>י"ח</UnitQty>
      <Quantity>290</Quantity>
      <UnitMeasure>ל  מ"ל</UnitMeasure>
      <BisWeighted>0</BisWeighted>
      <QtyInPackage>1</QtyInPackage>
      <ItemPrice>10.90</ItemPrice>
      <UnitOfMeasurePrice>3.76</UnitOfMeasurePrice>
      <AllowDiscount>1</AllowDiscount>
      <itemStatus>1</itemStatus>
      <LastUpdateDate />
      <LastUpdateTime />
    </Product>
    <Product>
      <PriceUpdateDate>2020/02/21 11:07</PriceUpdateDate>
      <ItemCode>7290112967428</ItemCode>
      <ItemType>1</ItemType>
      <ItemName>רוטב לסלט שום 290מ"ל כשל"פ</ItemName>
      <ManufactureName>קבוצת אוסם סחר-שות.מוגבלת</ManufactureName>
      <ManufactureCountry />
      <ManufactureItemDescription />
      <UnitQty>י"ח</UnitQty>
      <Quantity>290</Quantity>
      <UnitMeasure>ל  מ"ל</UnitMeasure>
      <BisWeighted>0</BisWeighted>
      <QtyInPackage>1</QtyInPackage>
      <ItemPrice>10.90</ItemPrice>
      <UnitOfMeasurePrice>3.76</UnitOfMeasurePrice>
      <AllowDiscount>1</AllowDiscount>
      <itemStatus>1</itemStatus>
      <LastUpdateDate />
      <LastUpdateTime />
    </Product>
    <Product>
      <PriceUpdateDate>2020/01/01 09:22</PriceUpdateDate>
      <ItemCode>7290112967466</ItemCode>
      <ItemType>1</ItemType>
      <ItemName>קפה נמס טסטר צוייס 200 ג` +ספל זכוכית מת</ItemName>
      <ManufactureName>קבוצת אוסם סחר-שות.מוגבלת</ManufactureName>
      <ManufactureCountry />
      <ManufactureItemDescription />
      <UnitQty>י"ח</UnitQty>
      <Quantity>200</Quantity>
      <UnitMeasure>ל  גרם</UnitMeasure>
      <BisWeighted>0</BisWeighted>
      <QtyInPackage>1</QtyInPackage>
      <ItemPrice>32.90</ItemPrice>
      <UnitOfMeasurePrice>16.45</UnitOfMeasurePrice>
      <AllowDiscount>1</AllowDiscount>
      <itemStatus>1</itemStatus>
      <LastUpdateDate />
      <LastUpdateTime />
    </Product>
    <Product>
      <PriceUpdateDate>2020/01/23 08:27</PriceUpdateDate>
      <ItemCode>7290112967534</ItemCode>
      <ItemType>1</ItemType>
      <ItemName>טבעול חטיפי תירס כשל"פ 440גר</ItemName>
      <ManufactureName>קבוצת אוסם סחר-שות.מוגבלת</ManufactureName>
      <ManufactureCountry />
      <ManufactureItemDescription />
      <UnitQty>י"ח</UnitQty>
      <Quantity>440</Quantity>
      <UnitMeasure>ל  גרם</UnitMeasure>
      <BisWeighted>0</BisWeighted>
      <QtyInPackage>1</QtyInPackage>
      <ItemPrice>31.90</ItemPrice>
      <UnitOfMeasurePrice>7.25</UnitOfMeasurePrice>
      <AllowDiscount>1</AllowDiscount>
      <itemStatus>1</itemStatus>
      <LastUpdateDate />
      <LastUpdateTime />
    </Product>
    <Product>
      <PriceUpdateDate>2019/12/26 08:31</PriceUpdateDate>
      <ItemCode>7290112967572</ItemCode>
      <ItemType>1</ItemType>
      <ItemName>רוטב ברביקיו 290מ"ל</ItemName>
      <ManufactureName>קבוצת אוסם סחר-שות.מוגבלת</ManufactureName>
      <ManufactureCountry />
      <ManufactureItemDescription />
      <UnitQty>י"ח</UnitQty>
      <Quantity>250</Quantity>
      <UnitMeasure>ל  גרם</UnitMeasure>
      <BisWeighted>0</BisWeighted>
      <QtyInPackage>1</QtyInPackage>
      <ItemPrice>10.90</ItemPrice>
      <UnitOfMeasurePrice>4.36</UnitOfMeasurePrice>
      <AllowDiscount>1</AllowDiscount>
      <itemStatus>1</itemStatus>
      <LastUpdateDate />
      <LastUpdateTime />
    </Product>
    <Product>
      <PriceUpdateDate>2020/01/23 08:27</PriceUpdateDate>
      <ItemCode>7290112967619</ItemCode>
      <ItemType>1</ItemType>
      <ItemName>רוטב סויה קלאסי מופחת נתרן 290מ"ל</ItemName>
      <ManufactureName>קבוצת אוסם סחר-שות.מוגבלת</ManufactureName>
      <ManufactureCountry />
      <ManufactureItemDescription />
      <UnitQty>י"ח</UnitQty>
      <Quantity>290</Quantity>
      <UnitMeasure>ל  מ"ל</UnitMeasure>
      <BisWeighted>0</BisWeighted>
      <QtyInPackage>1</QtyInPackage>
      <ItemPrice>13.90</ItemPrice>
      <UnitOfMeasurePrice>4.79</UnitOfMeasurePrice>
      <AllowDiscount>1</AllowDiscount>
      <itemStatus>1</itemStatus>
      <LastUpdateDate />
      <LastUpdateTime />
    </Product>
    <Product>
      <PriceUpdateDate>2020/01/08 07:33</PriceUpdateDate>
      <ItemCode>7290112967749</ItemCode>
      <ItemType>1</ItemType>
      <ItemName>פרפקטו פסטה נוצ`אולה 500גר</ItemName>
      <ManufactureName>קבוצת אוסם סחר-שות.מוגבלת</ManufactureName>
      <ManufactureCountry />
      <ManufactureItemDescription />
      <UnitQty>י"ח</UnitQty>
      <Quantity>500</Quantity>
      <UnitMeasure>ל  גרם</UnitMeasure>
      <BisWeighted>0</BisWeighted>
      <QtyInPackage>1</QtyInPackage>
      <ItemPrice>6.90</ItemPrice>
      <UnitOfMeasurePrice>1.38</UnitOfMeasurePrice>
      <AllowDiscount>1</AllowDiscount>
      <itemStatus>1</itemStatus>
      <LastUpdateDate />
      <LastUpdateTime />
    </Product>
    <Product>
      <PriceUpdateDate>2019/12/26 08:31</PriceUpdateDate>
      <ItemCode>7290112967848</ItemCode>
      <ItemType>1</ItemType>
      <ItemName>ג לי תות  שדה מפחת סוכר אסם</ItemName>
      <ManufactureName>קבוצת אוסם סחר-שות.מוגבלת</ManufactureName>
      <ManufactureCountry />
      <ManufactureItemDescription />
      <UnitQty>י"ח</UnitQty>
      <Quantity>85</Quantity>
      <UnitMeasure>ל  גרם</UnitMeasure>
      <BisWeighted>0</BisWeighted>
      <QtyInPackage>1</QtyInPackage>
      <ItemPrice>6.50</ItemPrice>
      <UnitOfMeasurePrice>7.65</UnitOfMeasurePrice>
      <AllowDiscount>1</AllowDiscount>
      <itemStatus>1</itemStatus>
      <LastUpdateDate />
      <LastUpdateTime />
    </Product>
    <Product>
      <PriceUpdateDate>2020/01/23 08:27</PriceUpdateDate>
      <ItemCode>7290112967923</ItemCode>
      <ItemType>1</ItemType>
      <ItemName>במבה  אסם{תינוקת</ItemName>
      <ManufactureName>קבוצת אוסם סחר-שות.מוגבלת</ManufactureName>
      <ManufactureCountry />
      <ManufactureItemDescription />
      <UnitQty>י"ח</UnitQty>
      <Quantity>80</Quantity>
      <UnitMeasure>ל  גרם</UnitMeasure>
      <BisWeighted>0</BisWeighted>
      <QtyInPackage>1</QtyInPackage>
      <ItemPrice>4.40</ItemPrice>
      <UnitOfMeasurePrice>5.50</UnitOfMeasurePrice>
      <AllowDiscount>1</AllowDiscount>
      <itemStatus>1</itemStatus>
      <LastUpdateDate />
      <LastUpdateTime />
    </Product>
    <Product>
      <PriceUpdateDate>2020/01/23 08:27</PriceUpdateDate>
      <ItemCode>7290112967978</ItemCode>
      <ItemType>1</ItemType>
      <ItemName>פופקו מלח ים כש"פ 60גר</ItemName>
      <ManufactureName>קבוצת אוסם סחר-שות.מוגבלת</ManufactureName>
      <ManufactureCountry />
      <ManufactureItemDescription />
      <UnitQty>י"ח</UnitQty>
      <Quantity>80</Quantity>
      <UnitMeasure>ל  גרם</UnitMeasure>
      <BisWeighted>0</BisWeighted>
      <QtyInPackage>1</QtyInPackage>
      <ItemPrice>5</ItemPrice>
      <UnitOfMeasurePrice>6.25</UnitOfMeasurePrice>
      <AllowDiscount>1</AllowDiscount>
      <itemStatus>1</itemStatus>
      <LastUpdateDate />
      <LastUpdateTime />
    </Product>
    <Product>
      <PriceUpdateDate>2020/02/21 11:07</PriceUpdateDate>
      <ItemCode>7290112968012</ItemCode>
      <ItemType>1</ItemType>
      <ItemName>רוטב לסלט אלף האיים לייט 290מ"ל כשל"פ</ItemName>
      <ManufactureName>קבוצת אוסם סחר-שות.מוגבלת</ManufactureName>
      <ManufactureCountry />
      <ManufactureItemDescription />
      <UnitQty>י"ח</UnitQty>
      <Quantity>290</Quantity>
      <UnitMeasure>ל  מ"ל</UnitMeasure>
      <BisWeighted>0</BisWeighted>
      <QtyInPackage>1</QtyInPackage>
      <ItemPrice>10.90</ItemPrice>
      <UnitOfMeasurePrice>3.76</UnitOfMeasurePrice>
      <AllowDiscount>1</AllowDiscount>
      <itemStatus>1</itemStatus>
      <LastUpdateDate />
      <LastUpdateTime />
    </Product>
    <Product>
      <PriceUpdateDate>2020/04/05 09:35</PriceUpdateDate>
      <ItemCode>7290112968746</ItemCode>
      <ItemType>1</ItemType>
      <ItemName>טבעול חטיפי שעועית מהדורה מוגבלת  450גר</ItemName>
      <ManufactureName>קבוצת אוסם סחר-שות.מוגבלת</ManufactureName>
      <ManufactureCountry />
      <ManufactureItemDescription />
      <UnitQty>י"ח</UnitQty>
      <Quantity>564</Quantity>
      <UnitMeasure>ל  גרם</UnitMeasure>
      <BisWeighted>0</BisWeighted>
      <QtyInPackage>1</QtyInPackage>
      <ItemPrice>30.90</ItemPrice>
      <UnitOfMeasurePrice>5.48</UnitOfMeasurePrice>
      <AllowDiscount>1</AllowDiscount>
      <itemStatus>1</itemStatus>
      <LastUpdateDate />
      <LastUpdateTime />
    </Product>
    <Product>
      <PriceUpdateDate>2020/04/05 09:35</PriceUpdateDate>
      <ItemCode>7290112968760</ItemCode>
      <ItemType>1</ItemType>
      <ItemName>טבעול חטיפי ברוקולי מהדורה מוגבלת450גר</ItemName>
      <ManufactureName>קבוצת אוסם סחר-שות.מוגבלת</ManufactureName>
      <ManufactureCountry />
      <ManufactureItemDescription />
      <UnitQty>י"ח</UnitQty>
      <Quantity>450</Quantity>
      <UnitMeasure>ל  גרם</UnitMeasure>
      <BisWeighted>0</BisWeighted>
      <QtyInPackage>1</QtyInPackage>
      <ItemPrice>30.90</ItemPrice>
      <UnitOfMeasurePrice>6.87</UnitOfMeasurePrice>
      <AllowDiscount>1</AllowDiscount>
      <itemStatus>1</itemStatus>
      <LastUpdateDate />
      <LastUpdateTime />
    </Product>
    <Product>
      <PriceUpdateDate>2020/04/05 09:35</PriceUpdateDate>
      <ItemCode>7290112968784</ItemCode>
      <ItemType>1</ItemType>
      <ItemName>חטיפי כרובית  500 ג טבעול</ItemName>
      <ManufactureName>קבוצת אוסם סחר-שות.מוגבלת</ManufactureName>
      <ManufactureCountry />
      <ManufactureItemDescription />
      <UnitQty>י"ח</UnitQty>
      <Quantity>500</Quantity>
      <UnitMeasure>ל  גרם</UnitMeasure>
      <BisWeighted>0</BisWeighted>
      <QtyInPackage>1</QtyInPackage>
      <ItemPrice>29.90</ItemPrice>
      <UnitOfMeasurePrice>5.98</UnitOfMeasurePrice>
      <AllowDiscount>1</AllowDiscount>
      <itemStatus>1</itemStatus>
      <LastUpdateDate />
      <LastUpdateTime />
    </Product>
    <Product>
      <PriceUpdateDate>2020/04/05 09:35</PriceUpdateDate>
      <ItemCode>7290112969002</ItemCode>
      <ItemType>1</ItemType>
      <ItemName>פודינג  טרמיסו 80 ג אסם</ItemName>
      <ManufactureName>קבוצת אוסם סחר-שות.מוגבלת</ManufactureName>
      <ManufactureCountry />
      <ManufactureItemDescription />
      <UnitQty>י"ח</UnitQty>
      <Quantity>80</Quantity>
      <UnitMeasure>ל  גרם</UnitMeasure>
      <BisWeighted>0</BisWeighted>
      <QtyInPackage>1</QtyInPackage>
      <ItemPrice>5</ItemPrice>
      <UnitOfMeasurePrice>6.25</UnitOfMeasurePrice>
      <AllowDiscount>1</AllowDiscount>
      <itemStatus>1</itemStatus>
      <LastUpdateDate />
      <LastUpdateTime />
    </Product>
    <Product>
      <PriceUpdateDate>2020/04/05 09:35</PriceUpdateDate>
      <ItemCode>7290112969071</ItemCode>
      <ItemType>1</ItemType>
      <ItemName>פרפקטו פסטה רדיאטורי 500גר</ItemName>
      <ManufactureName>קבוצת אוסם סחר-שות.מוגבלת</ManufactureName>
      <ManufactureCountry />
      <ManufactureItemDescription />
      <UnitQty>י"ח</UnitQty>
      <Quantity>500</Quantity>
      <UnitMeasure>ל  גרם</UnitMeasure>
      <BisWeighted>0</BisWeighted>
      <QtyInPackage>1</QtyInPackage>
      <ItemPrice>10.90</ItemPrice>
      <UnitOfMeasurePrice>2.18</UnitOfMeasurePrice>
      <AllowDiscount>1</AllowDiscount>
      <itemStatus>1</itemStatus>
      <LastUpdateDate />
      <LastUpdateTime />
    </Product>
    <Product>
      <PriceUpdateDate>2020/02/24 08:25</PriceUpdateDate>
      <ItemCode>7290114600156</ItemCode>
      <ItemType>1</ItemType>
      <ItemName>פוף לבבות בצל 40ג כשל"פ</ItemName>
      <ManufactureName>ש.שסטוביץ בעמ</ManufactureName>
      <ManufactureCountry />
      <ManufactureItemDescription />
      <UnitQty>י"ח</UnitQty>
      <Quantity>40</Quantity>
      <UnitMeasure>ל  גרם</UnitMeasure>
      <BisWeighted>0</BisWeighted>
      <QtyInPackage>1</QtyInPackage>
      <ItemPrice>3.80</ItemPrice>
      <UnitOfMeasurePrice>9.50</UnitOfMeasurePrice>
      <AllowDiscount>1</AllowDiscount>
      <itemStatus>1</itemStatus>
      <LastUpdateDate />
      <LastUpdateTime />
    </Product>
    <Product>
      <PriceUpdateDate>2018/06/07 12:48</PriceUpdateDate>
      <ItemCode>7290900010367</ItemCode>
      <ItemType>1</ItemType>
      <ItemName>טורטיה 8יח 360גר  אבאל</ItemName>
      <ManufactureName>אבאל יזמות בעמ</ManufactureName>
      <ManufactureCountry />
      <ManufactureItemDescription />
      <UnitQty>י"ח</UnitQty>
      <Quantity>360</Quantity>
      <UnitMeasure>ל  גרם</UnitMeasure>
      <BisWeighted>0</BisWeighted>
      <QtyInPackage>1</QtyInPackage>
      <ItemPrice>9.90</ItemPrice>
      <UnitOfMeasurePrice>2.75</UnitOfMeasurePrice>
      <AllowDiscount>1</AllowDiscount>
      <itemStatus>1</itemStatus>
      <LastUpdateDate />
      <LastUpdateTime />
    </Product>
    <Product>
      <PriceUpdateDate>2017/09/26 07:36</PriceUpdateDate>
      <ItemCode>7290900011135</ItemCode>
      <ItemType>1</ItemType>
      <ItemName>עלי גפן  400גר אבאל</ItemName>
      <ManufactureName>אבאל יזמות בעמ</ManufactureName>
      <ManufactureCountry />
      <ManufactureItemDescription />
      <UnitQty>י"ח</UnitQty>
      <Quantity>400</Quantity>
      <UnitMeasure>ל  גרם</UnitMeasure>
      <BisWeighted>0</BisWeighted>
      <QtyInPackage>1</QtyInPackage>
      <ItemPrice>7.90</ItemPrice>
      <UnitOfMeasurePrice>1.98</UnitOfMeasurePrice>
      <AllowDiscount>1</AllowDiscount>
      <itemStatus>1</itemStatus>
      <LastUpdateDate />
      <LastUpdateTime />
    </Product>
    <Product>
      <PriceUpdateDate>2013/11/28 13:30</PriceUpdateDate>
      <ItemCode>7310250702702</ItemCode>
      <ItemType>1</ItemType>
      <ItemName>גלייד מוצק בניחוח פסגות הרים</ItemName>
      <ManufactureName>דנשר (1963) בעמ</ManufactureName>
      <ManufactureCountry />
      <ManufactureItemDescription />
      <UnitQty>י"ח</UnitQty>
      <Quantity>150</Quantity>
      <UnitMeasure>ל  גרם</UnitMeasure>
      <BisWeighted>0</BisWeighted>
      <QtyInPackage>1</QtyInPackage>
      <ItemPrice>11</ItemPrice>
      <UnitOfMeasurePrice>7.33</UnitOfMeasurePrice>
      <AllowDiscount>1</AllowDiscount>
      <itemStatus>1</itemStatus>
      <LastUpdateDate />
      <LastUpdateTime />
    </Product>
    <Product>
      <PriceUpdateDate>2013/11/28 13:30</PriceUpdateDate>
      <ItemCode>7310258641379</ItemCode>
      <ItemType>1</ItemType>
      <ItemName>גלייד מוצק פריחת הדרים</ItemName>
      <ManufactureName>דנשר (1963) בעמ</ManufactureName>
      <ManufactureCountry />
      <ManufactureItemDescription />
      <UnitQty>י"ח</UnitQty>
      <Quantity>150</Quantity>
      <UnitMeasure>ל  גרם</UnitMeasure>
      <BisWeighted>0</BisWeighted>
      <QtyInPackage>1</QtyInPackage>
      <ItemPrice>11</ItemPrice>
      <UnitOfMeasurePrice>7.33</UnitOfMeasurePrice>
      <AllowDiscount>1</AllowDiscount>
      <itemStatus>1</itemStatus>
      <LastUpdateDate />
      <LastUpdateTime />
    </Product>
    <Product>
      <PriceUpdateDate>2020/01/15 08:10</PriceUpdateDate>
      <ItemCode>7312040017072</ItemCode>
      <ItemType>1</ItemType>
      <ItemName>אבסולוט רגיל(וודקה {}{500</ItemName>
      <ManufactureName>טמפו משקאות בעמ</ManufactureName>
      <ManufactureCountry />
      <ManufactureItemDescription />
      <UnitQty>י"ח</UnitQty>
      <Quantity>500</Quantity>
      <UnitMeasure>ל  מ"ל</UnitMeasure>
      <BisWeighted>0</BisWeighted>
      <QtyInPackage>1</QtyInPackage>
      <ItemPrice>49.90</ItemPrice>
      <UnitOfMeasurePrice>9.92</UnitOfMeasurePrice>
      <AllowDiscount>1</AllowDiscount>
      <itemStatus>1</itemStatus>
      <LastUpdateDate />
      <LastUpdateTime />
    </Product>
    <Product>
      <PriceUpdateDate>2019/08/18 14:16</PriceUpdateDate>
      <ItemCode>7312040017683</ItemCode>
      <ItemType>1</ItemType>
      <ItemName>אבסולוט רגיל(וודקה {}{700</ItemName>
      <ManufactureName>טמפו משקאות בעמ</ManufactureName>
      <ManufactureCountry />
      <ManufactureItemDescription />
      <UnitQty>י"ח</UnitQty>
      <Quantity>750</Quantity>
      <UnitMeasure>ל  מ"ל</UnitMeasure>
      <BisWeighted>0</BisWeighted>
      <QtyInPackage>1</QtyInPackage>
      <ItemPrice>69.90</ItemPrice>
      <UnitOfMeasurePrice>9.28</UnitOfMeasurePrice>
      <AllowDiscount>1</AllowDiscount>
      <itemStatus>1</itemStatus>
      <LastUpdateDate />
      <LastUpdateTime />
    </Product>
    <Product>
      <PriceUpdateDate>2019/08/23 08:55</PriceUpdateDate>
      <ItemCode>7501013101348</ItemCode>
      <ItemType>1</ItemType>
      <ItemName>נקטר מנגו 473מ"ל JUMEX</ItemName>
      <ManufactureName>טמפו משקאות בעמ</ManufactureName>
      <ManufactureCountry />
      <ManufactureItemDescription />
      <UnitQty>י"ח</UnitQty>
      <Quantity>473</Quantity>
      <UnitMeasure>ל  מ"ל</UnitMeasure>
      <BisWeighted>0</BisWeighted>
      <QtyInPackage>1</QtyInPackage>
      <ItemPrice>8</ItemPrice>
      <UnitOfMeasurePrice>1.63</UnitOfMeasurePrice>
      <AllowDiscount>1</AllowDiscount>
      <itemStatus>1</itemStatus>
      <LastUpdateDate />
      <LastUpdateTime />
    </Product>
    <Product>
      <PriceUpdateDate>2019/08/23 08:55</PriceUpdateDate>
      <ItemCode>7501013101355</ItemCode>
      <ItemType>1</ItemType>
      <ItemName>נקטר אפרסק 473מ"ל JUMEX</ItemName>
      <ManufactureName>טמפו משקאות בעמ</ManufactureName>
      <ManufactureCountry />
      <ManufactureItemDescription />
      <UnitQty>י"ח</UnitQty>
      <Quantity>473</Quantity>
      <UnitMeasure>ל  מ"ל</UnitMeasure>
      <BisWeighted>0</BisWeighted>
      <QtyInPackage>1</QtyInPackage>
      <ItemPrice>8</ItemPrice>
      <UnitOfMeasurePrice>1.63</UnitOfMeasurePrice>
      <AllowDiscount>1</AllowDiscount>
      <itemStatus>1</itemStatus>
      <LastUpdateDate />
      <LastUpdateTime />
    </Product>
    <Product>
      <PriceUpdateDate>2019/08/23 08:55</PriceUpdateDate>
      <ItemCode>7501013101362</ItemCode>
      <ItemType>1</ItemType>
      <ItemName>נקטר קוקוס אננס 473מ"ל  JUMEX</ItemName>
      <ManufactureName>טמפו משקאות בעמ</ManufactureName>
      <ManufactureCountry />
      <ManufactureItemDescription />
      <UnitQty>י"ח</UnitQty>
      <Quantity>473</Quantity>
      <UnitMeasure>ל  מ"ל</UnitMeasure>
      <BisWeighted>0</BisWeighted>
      <QtyInPackage>1</QtyInPackage>
      <ItemPrice>8</ItemPrice>
      <UnitOfMeasurePrice>1.63</UnitOfMeasurePrice>
      <AllowDiscount>1</AllowDiscount>
      <itemStatus>1</itemStatus>
      <LastUpdateDate />
      <LastUpdateTime />
    </Product>
    <Product>
      <PriceUpdateDate>2019/08/23 08:55</PriceUpdateDate>
      <ItemCode>7501013101393</ItemCode>
      <ItemType>1</ItemType>
      <ItemName>נקטר אננס 473מ"ל JUMEX</ItemName>
      <ManufactureName>טמפו משקאות בעמ</ManufactureName>
      <ManufactureCountry />
      <ManufactureItemDescription />
      <UnitQty>י"ח</UnitQty>
      <Quantity>473</Quantity>
      <UnitMeasure>ל  מ"ל</UnitMeasure>
      <BisWeighted>0</BisWeighted>
      <QtyInPackage>1</QtyInPackage>
      <ItemPrice>8</ItemPrice>
      <UnitOfMeasurePrice>1.63</UnitOfMeasurePrice>
      <AllowDiscount>1</AllowDiscount>
      <itemStatus>1</itemStatus>
      <LastUpdateDate />
      <LastUpdateTime />
    </Product>
    <Product>
      <PriceUpdateDate>2019/08/23 08:55</PriceUpdateDate>
      <ItemCode>7501013101430</ItemCode>
      <ItemType>1</ItemType>
      <ItemName>נקטר חמוציות  פרסקו 473מ"ל JUMEX</ItemName>
      <ManufactureName>טמפו משקאות בעמ</ManufactureName>
      <ManufactureCountry />
      <ManufactureItemDescription />
      <UnitQty>י"ח</UnitQty>
      <Quantity>473</Quantity>
      <UnitMeasure>ל  מ"ל</UnitMeasure>
      <BisWeighted>0</BisWeighted>
      <QtyInPackage>1</QtyInPackage>
      <ItemPrice>8</ItemPrice>
      <UnitOfMeasurePrice>1.63</UnitOfMeasurePrice>
      <AllowDiscount>1</AllowDiscount>
      <itemStatus>1</itemStatus>
      <LastUpdateDate />
      <LastUpdateTime />
    </Product>
    <Product>
      <PriceUpdateDate>2019/08/23 08:55</PriceUpdateDate>
      <ItemCode>7501013101447</ItemCode>
      <ItemType>1</ItemType>
      <ItemName>נקטר רימונים יוניקו פרסקו 473מ"ל JUMEX</ItemName>
      <ManufactureName>טמפו משקאות בעמ</ManufactureName>
      <ManufactureCountry />
      <ManufactureItemDescription />
      <UnitQty>י"ח</UnitQty>
      <Quantity>473</Quantity>
      <UnitMeasure>ל  מ"ל</UnitMeasure>
      <BisWeighted>0</BisWeighted>
      <QtyInPackage>1</QtyInPackage>
      <ItemPrice>8</ItemPrice>
      <UnitOfMeasurePrice>1.63</UnitOfMeasurePrice>
      <AllowDiscount>1</AllowDiscount>
      <itemStatus>1</itemStatus>
      <LastUpdateDate />
      <LastUpdateTime />
    </Product>
    <Product>
      <PriceUpdateDate>2019/08/23 08:55</PriceUpdateDate>
      <ItemCode>7501013122039</ItemCode>
      <ItemType>1</ItemType>
      <ItemName>נקטר מנגו 1ליטר JUMEX קרטונית</ItemName>
      <ManufactureName>טמפו משקאות בעמ</ManufactureName>
      <ManufactureCountry />
      <ManufactureItemDescription />
      <UnitQty>י"ח</UnitQty>
      <Quantity>1</Quantity>
      <UnitMeasure>ליטר</UnitMeasure>
      <BisWeighted>0</BisWeighted>
      <QtyInPackage>1</QtyInPackage>
      <ItemPrice>7.90</ItemPrice>
      <UnitOfMeasurePrice>7.90</UnitOfMeasurePrice>
      <AllowDiscount>1</AllowDiscount>
      <itemStatus>1</itemStatus>
      <LastUpdateDate />
      <LastUpdateTime />
    </Product>
    <Product>
      <PriceUpdateDate>2019/08/23 08:55</PriceUpdateDate>
      <ItemCode>7501013122053</ItemCode>
      <ItemType>1</ItemType>
      <ItemName>נקטר אפרסק 1ליטר JUMEX קרטונית</ItemName>
      <ManufactureName>טמפו משקאות בעמ</ManufactureName>
      <ManufactureCountry />
      <ManufactureItemDescription />
      <UnitQty>י"ח</UnitQty>
      <Quantity>1</Quantity>
      <UnitMeasure>ליטר</UnitMeasure>
      <BisWeighted>0</BisWeighted>
      <QtyInPackage>1</QtyInPackage>
      <ItemPrice>7.90</ItemPrice>
      <UnitOfMeasurePrice>7.90</UnitOfMeasurePrice>
      <AllowDiscount>1</AllowDiscount>
      <itemStatus>1</itemStatus>
      <LastUpdateDate />
      <LastUpdateTime />
    </Product>
    <Product>
      <PriceUpdateDate>2019/08/23 08:55</PriceUpdateDate>
      <ItemCode>7501013122114</ItemCode>
      <ItemType>1</ItemType>
      <ItemName>נקטר אננס 1ליטר JUMEX קרטונית</ItemName>
      <ManufactureName>טמפו משקאות בעמ</ManufactureName>
      <ManufactureCountry />
      <ManufactureItemDescription />
      <UnitQty>י"ח</UnitQty>
      <Quantity>1</Quantity>
      <UnitMeasure>ליטר</UnitMeasure>
      <BisWeighted>0</BisWeighted>
      <QtyInPackage>1</QtyInPackage>
      <ItemPrice>7.90</ItemPrice>
      <UnitOfMeasurePrice>7.90</UnitOfMeasurePrice>
      <AllowDiscount>1</AllowDiscount>
      <itemStatus>1</itemStatus>
      <LastUpdateDate />
      <LastUpdateTime />
    </Product>
    <Product>
      <PriceUpdateDate>2019/08/23 08:55</PriceUpdateDate>
      <ItemCode>7501013122190</ItemCode>
      <ItemType>1</ItemType>
      <ItemName>נקטר תפוח 1ליטר JUMEX קרטונית</ItemName>
      <ManufactureName>טמפו משקאות בעמ</ManufactureName>
      <ManufactureCountry />
      <ManufactureItemDescription />
      <UnitQty>י"ח</UnitQty>
      <Quantity>1</Quantity>
      <UnitMeasure>ליטר</UnitMeasure>
      <BisWeighted>0</BisWeighted>
      <QtyInPackage>1</QtyInPackage>
      <ItemPrice>7.90</ItemPrice>
      <UnitOfMeasurePrice>7.90</UnitOfMeasurePrice>
      <AllowDiscount>1</AllowDiscount>
      <itemStatus>1</itemStatus>
      <LastUpdateDate />
      <LastUpdateTime />
    </Product>
    <Product>
      <PriceUpdateDate>2019/08/23 08:55</PriceUpdateDate>
      <ItemCode>7501013122992</ItemCode>
      <ItemType>1</ItemType>
      <ItemName>.נקטר קוקוס אננס  1ליטר JUMEX קרטונית</ItemName>
      <ManufactureName>טמפו משקאות בעמ</ManufactureName>
      <ManufactureCountry />
      <ManufactureItemDescription />
      <UnitQty>י"ח</UnitQty>
      <Quantity>1</Quantity>
      <UnitMeasure>ליטר</UnitMeasure>
      <BisWeighted>0</BisWeighted>
      <QtyInPackage>1</QtyInPackage>
      <ItemPrice>7.90</ItemPrice>
      <UnitOfMeasurePrice>7.90</UnitOfMeasurePrice>
      <AllowDiscount>1</AllowDiscount>
      <itemStatus>1</itemStatus>
      <LastUpdateDate />
      <LastUpdateTime />
    </Product>
    <Product>
      <PriceUpdateDate>2019/04/30 08:40</PriceUpdateDate>
      <ItemCode>7501064191466</ItemCode>
      <ItemType>1</ItemType>
      <ItemName>בירה קורונה שישייה *355מ"ל</ItemName>
      <ManufactureName>תימקו בירה</ManufactureName>
      <ManufactureCountry />
      <ManufactureItemDescription />
      <UnitQty>י"ח</UnitQty>
      <Quantity>6</Quantity>
      <UnitMeasure>י"ח</UnitMeasure>
      <BisWeighted>0</BisWeighted>
      <QtyInPackage>1</QtyInPackage>
      <ItemPrice>39.90</ItemPrice>
      <UnitOfMeasurePrice>6.35</UnitOfMeasurePrice>
      <AllowDiscount>1</AllowDiscount>
      <itemStatus>1</itemStatus>
      <LastUpdateDate />
      <LastUpdateTime />
    </Product>
    <Product>
      <PriceUpdateDate>2017/05/17 08:43</PriceUpdateDate>
      <ItemCode>7610100034084</ItemCode>
      <ItemType>1</ItemType>
      <ItemName>מיונז טומי 265ג</ItemName>
      <ManufactureName>ליימן שליסל</ManufactureName>
      <ManufactureCountry />
      <ManufactureItemDescription />
      <UnitQty>י"ח</UnitQty>
      <Quantity>265</Quantity>
      <UnitMeasure>ל  גרם</UnitMeasure>
      <BisWeighted>0</BisWeighted>
      <QtyInPackage>1</QtyInPackage>
      <ItemPrice>13.90</ItemPrice>
      <UnitOfMeasurePrice>5.25</UnitOfMeasurePrice>
      <AllowDiscount>1</AllowDiscount>
      <itemStatus>1</itemStatus>
      <LastUpdateDate />
      <LastUpdateTime />
    </Product>
    <Product>
      <PriceUpdateDate>2013/12/04 09:36</PriceUpdateDate>
      <ItemCode>7610400014632</ItemCode>
      <ItemType>1</ItemType>
      <ItemName>לינדור לבן 100גר`</ItemName>
      <ManufactureName>מ.סידס ובנו בעמ</ManufactureName>
      <ManufactureCountry />
      <ManufactureItemDescription />
      <UnitQty>י"ח</UnitQty>
      <Quantity>100</Quantity>
      <UnitMeasure>ל  גרם</UnitMeasure>
      <BisWeighted>0</BisWeighted>
      <QtyInPackage>1</QtyInPackage>
      <ItemPrice>15.90</ItemPrice>
      <UnitOfMeasurePrice>15.90</UnitOfMeasurePrice>
      <AllowDiscount>1</AllowDiscount>
      <itemStatus>1</itemStatus>
      <LastUpdateDate />
      <LastUpdateTime />
    </Product>
    <Product>
      <PriceUpdateDate>2019/08/05 10:41</PriceUpdateDate>
      <ItemCode>7610400014649</ItemCode>
      <ItemType>1</ItemType>
      <ItemName>לינדט 100 גרם</ItemName>
      <ManufactureName>מ.סידס ובנו בעמ</ManufactureName>
      <ManufactureCountry />
      <ManufactureItemDescription />
      <UnitQty>י"ח</UnitQty>
      <Quantity>100</Quantity>
      <UnitMeasure>ל  גרם</UnitMeasure>
      <BisWeighted>0</BisWeighted>
      <QtyInPackage>1</QtyInPackage>
      <ItemPrice>16.90</ItemPrice>
      <UnitOfMeasurePrice>16.90</UnitOfMeasurePrice>
      <AllowDiscount>1</AllowDiscount>
      <itemStatus>1</itemStatus>
      <LastUpdateDate />
      <LastUpdateTime />
    </Product>
    <Product>
      <PriceUpdateDate>2013/12/04 09:36</PriceUpdateDate>
      <ItemCode>7610400068369</ItemCode>
      <ItemType>1</ItemType>
      <ItemName>לינדור בודד אגוזים 100גר`</ItemName>
      <ManufactureName>מ.סידס ובנו בעמ</ManufactureName>
      <ManufactureCountry />
      <ManufactureItemDescription />
      <UnitQty>י"ח</UnitQty>
      <Quantity>100</Quantity>
      <UnitMeasure>ל  גרם</UnitMeasure>
      <BisWeighted>0</BisWeighted>
      <QtyInPackage>1</QtyInPackage>
      <ItemPrice>15.90</ItemPrice>
      <UnitOfMeasurePrice>15.90</UnitOfMeasurePrice>
      <AllowDiscount>1</AllowDiscount>
      <itemStatus>1</itemStatus>
      <LastUpdateDate />
      <LastUpdateTime />
    </Product>
    <Product>
      <PriceUpdateDate>2013/12/04 09:36</PriceUpdateDate>
      <ItemCode>7610400074155</ItemCode>
      <ItemType>1</ItemType>
      <ItemName>לינדור בודד 60% 100גר`</ItemName>
      <ManufactureName>מ.סידס ובנו בעמ</ManufactureName>
      <ManufactureCountry />
      <ManufactureItemDescription />
      <UnitQty>י"ח</UnitQty>
      <Quantity>100</Quantity>
      <UnitMeasure>ל  גרם</UnitMeasure>
      <BisWeighted>0</BisWeighted>
      <QtyInPackage>1</QtyInPackage>
      <ItemPrice>15.90</ItemPrice>
      <UnitOfMeasurePrice>15.90</UnitOfMeasurePrice>
      <AllowDiscount>1</AllowDiscount>
      <itemStatus>1</itemStatus>
      <LastUpdateDate />
      <LastUpdateTime />
    </Product>
    <Product>
      <PriceUpdateDate>2018/04/26 11:24</PriceUpdateDate>
      <ItemCode>7613030979647</ItemCode>
      <ItemType>1</ItemType>
      <ItemName>טריקס פירות  480גר</ItemName>
      <ManufactureName>קבוצת אוסם סחר-שות.מוגבלת</ManufactureName>
      <ManufactureCountry />
      <ManufactureItemDescription />
      <UnitQty>י"ח</UnitQty>
      <Quantity>4.80</Quantity>
      <UnitMeasure>י"ח</UnitMeasure>
      <BisWeighted>0</BisWeighted>
      <QtyInPackage>1</QtyInPackage>
      <ItemPrice>24.20</ItemPrice>
      <UnitOfMeasurePrice>5.04</UnitOfMeasurePrice>
      <AllowDiscount>1</AllowDiscount>
      <itemStatus>1</itemStatus>
      <LastUpdateDate />
      <LastUpdateTime />
    </Product>
    <Product>
      <PriceUpdateDate>2018/03/01 07:51</PriceUpdateDate>
      <ItemCode>7613032045753</ItemCode>
      <ItemType>1</ItemType>
      <ItemName>פיטנס שוקולד 375גרם</ItemName>
      <ManufactureName>קבוצת אוסם סחר-שות.מוגבלת</ManufactureName>
      <ManufactureCountry />
      <ManufactureItemDescription />
      <UnitQty>י"ח</UnitQty>
      <Quantity>375</Quantity>
      <UnitMeasure>ל  גרם</UnitMeasure>
      <BisWeighted>0</BisWeighted>
      <QtyInPackage>1</QtyInPackage>
      <ItemPrice>19.90</ItemPrice>
      <UnitOfMeasurePrice>5.31</UnitOfMeasurePrice>
      <AllowDiscount>1</AllowDiscount>
      <itemStatus>1</itemStatus>
      <LastUpdateDate />
      <LastUpdateTime />
    </Product>
    <Product>
      <PriceUpdateDate>2018/03/01 07:51</PriceUpdateDate>
      <ItemCode>7613032416157</ItemCode>
      <ItemType>1</ItemType>
      <ItemName>פיטנס דבש ושקדים 355 גר`</ItemName>
      <ManufactureName>קבוצת אוסם סחר-שות.מוגבלת</ManufactureName>
      <ManufactureCountry />
      <ManufactureItemDescription />
      <UnitQty>י"ח</UnitQty>
      <Quantity>355</Quantity>
      <UnitMeasure>ל  גרם</UnitMeasure>
      <BisWeighted>0</BisWeighted>
      <QtyInPackage>1</QtyInPackage>
      <ItemPrice>19.90</ItemPrice>
      <UnitOfMeasurePrice>5.61</UnitOfMeasurePrice>
      <AllowDiscount>1</AllowDiscount>
      <itemStatus>1</itemStatus>
      <LastUpdateDate />
      <LastUpdateTime />
    </Product>
    <Product>
      <PriceUpdateDate>2015/08/16 12:19</PriceUpdateDate>
      <ItemCode>7613032715007</ItemCode>
      <ItemType>1</ItemType>
      <ItemName>גרבר תפוח ו אפרסק ללא עמילן</ItemName>
      <ManufactureName>קבוצת אוסם סחר-שות.מוגבלת</ManufactureName>
      <ManufactureCountry />
      <ManufactureItemDescription />
      <UnitQty>י"ח</UnitQty>
      <Quantity>130</Quantity>
      <UnitMeasure>ל  גרם</UnitMeasure>
      <BisWeighted>0</BisWeighted>
      <QtyInPackage>1</QtyInPackage>
      <ItemPrice>5.90</ItemPrice>
      <UnitOfMeasurePrice>4.54</UnitOfMeasurePrice>
      <AllowDiscount>1</AllowDiscount>
      <itemStatus>1</itemStatus>
      <LastUpdateDate />
      <LastUpdateTime />
    </Product>
    <Product>
      <PriceUpdateDate>2017/04/03 11:28</PriceUpdateDate>
      <ItemCode>7613032715021</ItemCode>
      <ItemType>1</ItemType>
      <ItemName>גרבר מחית בננה תפוח ללא עמילן שלב 2</ItemName>
      <ManufactureName>קבוצת אוסם סחר-שות.מוגבלת</ManufactureName>
      <ManufactureCountry />
      <ManufactureItemDescription />
      <UnitQty>י"ח</UnitQty>
      <Quantity>130</Quantity>
      <UnitMeasure>ל  גרם</UnitMeasure>
      <BisWeighted>0</BisWeighted>
      <QtyInPackage>1</QtyInPackage>
      <ItemPrice>5.90</ItemPrice>
      <UnitOfMeasurePrice>4.54</UnitOfMeasurePrice>
      <AllowDiscount>1</AllowDiscount>
      <itemStatus>1</itemStatus>
      <LastUpdateDate />
      <LastUpdateTime />
    </Product>
    <Product>
      <PriceUpdateDate>2015/08/16 12:19</PriceUpdateDate>
      <ItemCode>7613032715656</ItemCode>
      <ItemType>1</ItemType>
      <ItemName>גרבר מחית בננה תפוח ללא עמילן שלב 3</ItemName>
      <ManufactureName>קבוצת אוסם סחר-שות.מוגבלת</ManufactureName>
      <ManufactureCountry />
      <ManufactureItemDescription />
      <UnitQty>י"ח</UnitQty>
      <Quantity>130</Quantity>
      <UnitMeasure>ל  גרם</UnitMeasure>
      <BisWeighted>0</BisWeighted>
      <QtyInPackage>1</QtyInPackage>
      <ItemPrice>5.90</ItemPrice>
      <UnitOfMeasurePrice>4.54</UnitOfMeasurePrice>
      <AllowDiscount>1</AllowDiscount>
      <itemStatus>1</itemStatus>
      <LastUpdateDate />
      <LastUpdateTime />
    </Product>
    <Product>
      <PriceUpdateDate>2017/04/03 11:28</PriceUpdateDate>
      <ItemCode>7613032718749</ItemCode>
      <ItemType>1</ItemType>
      <ItemName>גרבר פירות טרופיים ללא עמילן שלב 2</ItemName>
      <ManufactureName>קבוצת אוסם סחר-שות.מוגבלת</ManufactureName>
      <ManufactureCountry />
      <ManufactureItemDescription />
      <UnitQty>י"ח</UnitQty>
      <Quantity>130</Quantity>
      <UnitMeasure>ל  גרם</UnitMeasure>
      <BisWeighted>0</BisWeighted>
      <QtyInPackage>1</QtyInPackage>
      <ItemPrice>5.90</ItemPrice>
      <UnitOfMeasurePrice>4.54</UnitOfMeasurePrice>
      <AllowDiscount>1</AllowDiscount>
      <itemStatus>1</itemStatus>
      <LastUpdateDate />
      <LastUpdateTime />
    </Product>
    <Product>
      <PriceUpdateDate>2017/04/03 11:28</PriceUpdateDate>
      <ItemCode>7613033539022</ItemCode>
      <ItemType>1</ItemType>
      <ItemName>מחית שלב 2 תפוח</ItemName>
      <ManufactureName>קבוצת אוסם סחר-שות.מוגבלת</ManufactureName>
      <ManufactureCountry />
      <ManufactureItemDescription />
      <UnitQty>י"ח</UnitQty>
      <Quantity>130</Quantity>
      <UnitMeasure>ל  גרם</UnitMeasure>
      <BisWeighted>0</BisWeighted>
      <QtyInPackage>1</QtyInPackage>
      <ItemPrice>5.90</ItemPrice>
      <UnitOfMeasurePrice>4.54</UnitOfMeasurePrice>
      <AllowDiscount>1</AllowDiscount>
      <itemStatus>1</itemStatus>
      <LastUpdateDate />
      <LastUpdateTime />
    </Product>
    <Product>
      <PriceUpdateDate>2017/04/03 11:28</PriceUpdateDate>
      <ItemCode>7613033539060</ItemCode>
      <ItemType>1</ItemType>
      <ItemName>מחית שלב 2 אפרסק</ItemName>
      <ManufactureName>קבוצת אוסם סחר-שות.מוגבלת</ManufactureName>
      <ManufactureCountry />
      <ManufactureItemDescription />
      <UnitQty>י"ח</UnitQty>
      <Quantity>130</Quantity>
      <UnitMeasure>ל  גרם</UnitMeasure>
      <BisWeighted>0</BisWeighted>
      <QtyInPackage>1</QtyInPackage>
      <ItemPrice>5.90</ItemPrice>
      <UnitOfMeasurePrice>4.54</UnitOfMeasurePrice>
      <AllowDiscount>1</AllowDiscount>
      <itemStatus>1</itemStatus>
      <LastUpdateDate />
      <LastUpdateTime />
    </Product>
    <Product>
      <PriceUpdateDate>2017/04/03 11:28</PriceUpdateDate>
      <ItemCode>7613033539084</ItemCode>
      <ItemType>1</ItemType>
      <ItemName>מחית שלב 2 אוכמניות</ItemName>
      <ManufactureName>קבוצת אוסם סחר-שות.מוגבלת</ManufactureName>
      <ManufactureCountry />
      <ManufactureItemDescription />
      <UnitQty>י"ח</UnitQty>
      <Quantity>130</Quantity>
      <UnitMeasure>ל  גרם</UnitMeasure>
      <BisWeighted>0</BisWeighted>
      <QtyInPackage>1</QtyInPackage>
      <ItemPrice>5.90</ItemPrice>
      <UnitOfMeasurePrice>4.54</UnitOfMeasurePrice>
      <AllowDiscount>1</AllowDiscount>
      <itemStatus>1</itemStatus>
      <LastUpdateDate />
      <LastUpdateTime />
    </Product>
    <Product>
      <PriceUpdateDate>2017/04/03 11:28</PriceUpdateDate>
      <ItemCode>7613033539107</ItemCode>
      <ItemType>1</ItemType>
      <ItemName>גרבר מחית בננה תפוח ללא עמילן שלב 2</ItemName>
      <ManufactureName>קבוצת אוסם סחר-שות.מוגבלת</ManufactureName>
      <ManufactureCountry />
      <ManufactureItemDescription />
      <UnitQty>י"ח</UnitQty>
      <Quantity>130</Quantity>
      <UnitMeasure>ל  גרם</UnitMeasure>
      <BisWeighted>0</BisWeighted>
      <QtyInPackage>1</QtyInPackage>
      <ItemPrice>5.90</ItemPrice>
      <UnitOfMeasurePrice>4.54</UnitOfMeasurePrice>
      <AllowDiscount>1</AllowDiscount>
      <itemStatus>1</itemStatus>
      <LastUpdateDate />
      <LastUpdateTime />
    </Product>
    <Product>
      <PriceUpdateDate>2017/04/03 11:28</PriceUpdateDate>
      <ItemCode>7613033539121</ItemCode>
      <ItemType>1</ItemType>
      <ItemName>סלט פירות שלב 2 130גר</ItemName>
      <ManufactureName>קבוצת אוסם סחר-שות.מוגבלת</ManufactureName>
      <ManufactureCountry />
      <ManufactureItemDescription />
      <UnitQty>י"ח</UnitQty>
      <Quantity>130</Quantity>
      <UnitMeasure>ל  גרם</UnitMeasure>
      <BisWeighted>0</BisWeighted>
      <QtyInPackage>1</QtyInPackage>
      <ItemPrice>5.90</ItemPrice>
      <UnitOfMeasurePrice>4.54</UnitOfMeasurePrice>
      <AllowDiscount>1</AllowDiscount>
      <itemStatus>1</itemStatus>
      <LastUpdateDate />
      <LastUpdateTime />
    </Product>
    <Product>
      <PriceUpdateDate>2015/08/16 12:19</PriceUpdateDate>
      <ItemCode>7613033539169</ItemCode>
      <ItemType>1</ItemType>
      <ItemName>מחית שלב 3 תפוח</ItemName>
      <ManufactureName>קבוצת אוסם סחר-שות.מוגבלת</ManufactureName>
      <ManufactureCountry />
      <ManufactureItemDescription />
      <UnitQty>י"ח</UnitQty>
      <Quantity>190</Quantity>
      <UnitMeasure>ל  גרם</UnitMeasure>
      <BisWeighted>0</BisWeighted>
      <QtyInPackage>1</QtyInPackage>
      <ItemPrice>5.90</ItemPrice>
      <UnitOfMeasurePrice>3.11</UnitOfMeasurePrice>
      <AllowDiscount>1</AllowDiscount>
      <itemStatus>1</itemStatus>
      <LastUpdateDate />
      <LastUpdateTime />
    </Product>
    <Product>
      <PriceUpdateDate>2015/08/16 12:19</PriceUpdateDate>
      <ItemCode>7613033539183</ItemCode>
      <ItemType>1</ItemType>
      <ItemName>מחית שלב 3 תפוח אגס</ItemName>
      <ManufactureName>קבוצת אוסם סחר-שות.מוגבלת</ManufactureName>
      <ManufactureCountry />
      <ManufactureItemDescription />
      <UnitQty>י"ח</UnitQty>
      <Quantity>190</Quantity>
      <UnitMeasure>ל  גרם</UnitMeasure>
      <BisWeighted>0</BisWeighted>
      <QtyInPackage>1</QtyInPackage>
      <ItemPrice>5.90</ItemPrice>
      <UnitOfMeasurePrice>3.11</UnitOfMeasurePrice>
      <AllowDiscount>1</AllowDiscount>
      <itemStatus>1</itemStatus>
      <LastUpdateDate />
      <LastUpdateTime />
    </Product>
    <Product>
      <PriceUpdateDate>2017/04/03 11:28</PriceUpdateDate>
      <ItemCode>7613033539206</ItemCode>
      <ItemType>1</ItemType>
      <ItemName>מחית מרק ירקות מעורבים שלב 2 130גר`</ItemName>
      <ManufactureName>קבוצת אוסם סחר-שות.מוגבלת</ManufactureName>
      <ManufactureCountry />
      <ManufactureItemDescription />
      <UnitQty>י"ח</UnitQty>
      <Quantity>130</Quantity>
      <UnitMeasure>ל  גרם</UnitMeasure>
      <BisWeighted>0</BisWeighted>
      <QtyInPackage>1</QtyInPackage>
      <ItemPrice>5.90</ItemPrice>
      <UnitOfMeasurePrice>4.54</UnitOfMeasurePrice>
      <AllowDiscount>1</AllowDiscount>
      <itemStatus>1</itemStatus>
      <LastUpdateDate />
      <LastUpdateTime />
    </Product>
    <Product>
      <PriceUpdateDate>2015/08/16 12:19</PriceUpdateDate>
      <ItemCode>7613033539220</ItemCode>
      <ItemType>1</ItemType>
      <ItemName>מחית שלב 3 תפוח שזיפים</ItemName>
      <ManufactureName>קבוצת אוסם סחר-שות.מוגבלת</ManufactureName>
      <ManufactureCountry />
      <ManufactureItemDescription />
      <UnitQty>י"ח</UnitQty>
      <Quantity>190</Quantity>
      <UnitMeasure>ל  גרם</UnitMeasure>
      <BisWeighted>0</BisWeighted>
      <QtyInPackage>1</QtyInPackage>
      <ItemPrice>5.90</ItemPrice>
      <UnitOfMeasurePrice>3.11</UnitOfMeasurePrice>
      <AllowDiscount>1</AllowDiscount>
      <itemStatus>1</itemStatus>
      <LastUpdateDate />
      <LastUpdateTime />
    </Product>
    <Product>
      <PriceUpdateDate>2015/08/16 12:19</PriceUpdateDate>
      <ItemCode>7613033539749</ItemCode>
      <ItemType>1</ItemType>
      <ItemName>גרבר מחית בננה תפוח ללא עמילן שלב 3</ItemName>
      <ManufactureName>קבוצת אוסם סחר-שות.מוגבלת</ManufactureName>
      <ManufactureCountry />
      <ManufactureItemDescription />
      <UnitQty>י"ח</UnitQty>
      <Quantity>130</Quantity>
      <UnitMeasure>ל  גרם</UnitMeasure>
      <BisWeighted>0</BisWeighted>
      <QtyInPackage>1</QtyInPackage>
      <ItemPrice>5.90</ItemPrice>
      <UnitOfMeasurePrice>4.54</UnitOfMeasurePrice>
      <AllowDiscount>1</AllowDiscount>
      <itemStatus>1</itemStatus>
      <LastUpdateDate />
      <LastUpdateTime />
    </Product>
    <Product>
      <PriceUpdateDate>2015/08/16 12:19</PriceUpdateDate>
      <ItemCode>7613033539763</ItemCode>
      <ItemType>1</ItemType>
      <ItemName>גרבר תפוח ו אפרסק ללא עמילן</ItemName>
      <ManufactureName>קבוצת אוסם סחר-שות.מוגבלת</ManufactureName>
      <ManufactureCountry />
      <ManufactureItemDescription />
      <UnitQty>י"ח</UnitQty>
      <Quantity>130</Quantity>
      <UnitMeasure>ל  גרם</UnitMeasure>
      <BisWeighted>0</BisWeighted>
      <QtyInPackage>1</QtyInPackage>
      <ItemPrice>5.90</ItemPrice>
      <UnitOfMeasurePrice>4.54</UnitOfMeasurePrice>
      <AllowDiscount>1</AllowDiscount>
      <itemStatus>1</itemStatus>
      <LastUpdateDate />
      <LastUpdateTime />
    </Product>
    <Product>
      <PriceUpdateDate>2015/08/16 12:19</PriceUpdateDate>
      <ItemCode>7613033539787</ItemCode>
      <ItemType>1</ItemType>
      <ItemName>מחית שלב 3 סלט פירות190גר</ItemName>
      <ManufactureName>קבוצת אוסם סחר-שות.מוגבלת</ManufactureName>
      <ManufactureCountry />
      <ManufactureItemDescription />
      <UnitQty>י"ח</UnitQty>
      <Quantity>190</Quantity>
      <UnitMeasure>ל  גרם</UnitMeasure>
      <BisWeighted>0</BisWeighted>
      <QtyInPackage>1</QtyInPackage>
      <ItemPrice>5.90</ItemPrice>
      <UnitOfMeasurePrice>3.11</UnitOfMeasurePrice>
      <AllowDiscount>1</AllowDiscount>
      <itemStatus>1</itemStatus>
      <LastUpdateDate />
      <LastUpdateTime />
    </Product>
    <Product>
      <PriceUpdateDate>2015/08/16 12:19</PriceUpdateDate>
      <ItemCode>7613033539800</ItemCode>
      <ItemType>1</ItemType>
      <ItemName>גרבר פירות טרופיים ללא עמילן שלב 3</ItemName>
      <ManufactureName>קבוצת אוסם סחר-שות.מוגבלת</ManufactureName>
      <ManufactureCountry />
      <ManufactureItemDescription />
      <UnitQty>י"ח</UnitQty>
      <Quantity>130</Quantity>
      <UnitMeasure>ל  גרם</UnitMeasure>
      <BisWeighted>0</BisWeighted>
      <QtyInPackage>1</QtyInPackage>
      <ItemPrice>5.90</ItemPrice>
      <UnitOfMeasurePrice>4.54</UnitOfMeasurePrice>
      <AllowDiscount>1</AllowDiscount>
      <itemStatus>1</itemStatus>
      <LastUpdateDate />
      <LastUpdateTime />
    </Product>
    <Product>
      <PriceUpdateDate>2016/04/14 14:11</PriceUpdateDate>
      <ItemCode>7613033541650</ItemCode>
      <ItemType>1</ItemType>
      <ItemName>מחית תפוח שלב 3 כשל"פ</ItemName>
      <ManufactureName>קבוצת אוסם סחר-שות.מוגבלת</ManufactureName>
      <ManufactureCountry />
      <ManufactureItemDescription />
      <UnitQty>י"ח</UnitQty>
      <Quantity>190</Quantity>
      <UnitMeasure>ל  גרם</UnitMeasure>
      <BisWeighted>0</BisWeighted>
      <QtyInPackage>1</QtyInPackage>
      <ItemPrice>5.90</ItemPrice>
      <UnitOfMeasurePrice>3.11</UnitOfMeasurePrice>
      <AllowDiscount>1</AllowDiscount>
      <itemStatus>1</itemStatus>
      <LastUpdateDate />
      <LastUpdateTime />
    </Product>
    <Product>
      <PriceUpdateDate>2019/11/28 08:17</PriceUpdateDate>
      <ItemCode>7613033548192</ItemCode>
      <ItemType>1</ItemType>
      <ItemName>פיטנס שוקולד מריר 375 גרם</ItemName>
      <ManufactureName>קבוצת אוסם סחר-שות.מוגבלת</ManufactureName>
      <ManufactureCountry />
      <ManufactureItemDescription />
      <UnitQty>י"ח</UnitQty>
      <Quantity>375</Quantity>
      <UnitMeasure>ל  גרם</UnitMeasure>
      <BisWeighted>0</BisWeighted>
      <QtyInPackage>1</QtyInPackage>
      <ItemPrice>19.90</ItemPrice>
      <UnitOfMeasurePrice>5.31</UnitOfMeasurePrice>
      <AllowDiscount>1</AllowDiscount>
      <itemStatus>1</itemStatus>
      <LastUpdateDate />
      <LastUpdateTime />
    </Product>
    <Product>
      <PriceUpdateDate>2013/12/10 13:17</PriceUpdateDate>
      <ItemCode>7613033592843</ItemCode>
      <ItemType>1</ItemType>
      <ItemName>דוגלי גזע קטן 3ק"ג</ItemName>
      <ManufactureName>קבוצת אוסם סחר-שות.מוגבלת</ManufactureName>
      <ManufactureCountry />
      <ManufactureItemDescription />
      <UnitQty>י"ח</UnitQty>
      <Quantity>3</Quantity>
      <UnitMeasure>ק"ג</UnitMeasure>
      <BisWeighted>0</BisWeighted>
      <QtyInPackage>1</QtyInPackage>
      <ItemPrice>48.50</ItemPrice>
      <UnitOfMeasurePrice>16.17</UnitOfMeasurePrice>
      <AllowDiscount>1</AllowDiscount>
      <itemStatus>1</itemStatus>
      <LastUpdateDate />
      <LastUpdateTime />
    </Product>
    <Product>
      <PriceUpdateDate>2014/07/08 17:50</PriceUpdateDate>
      <ItemCode>7613033592867</ItemCode>
      <ItemType>1</ItemType>
      <ItemName>דוגלי בשר וכבד  3ק"ג</ItemName>
      <ManufactureName>קבוצת אוסם סחר-שות.מוגבלת</ManufactureName>
      <ManufactureCountry />
      <ManufactureItemDescription />
      <UnitQty>י"ח</UnitQty>
      <Quantity>3</Quantity>
      <UnitMeasure>ק"ג</UnitMeasure>
      <BisWeighted>0</BisWeighted>
      <QtyInPackage>1</QtyInPackage>
      <ItemPrice>48.50</ItemPrice>
      <UnitOfMeasurePrice>16.17</UnitOfMeasurePrice>
      <AllowDiscount>1</AllowDiscount>
      <itemStatus>1</itemStatus>
      <LastUpdateDate />
      <LastUpdateTime />
    </Product>
    <Product>
      <PriceUpdateDate>2014/07/08 17:50</PriceUpdateDate>
      <ItemCode>7613033592898</ItemCode>
      <ItemType>1</ItemType>
      <ItemName>דוגלי בשר ועוף 3ק"ג</ItemName>
      <ManufactureName>קבוצת אוסם סחר-שות.מוגבלת</ManufactureName>
      <ManufactureCountry />
      <ManufactureItemDescription />
      <UnitQty>י"ח</UnitQty>
      <Quantity>3</Quantity>
      <UnitMeasure>ק"ג</UnitMeasure>
      <BisWeighted>0</BisWeighted>
      <QtyInPackage>1</QtyInPackage>
      <ItemPrice>48.50</ItemPrice>
      <UnitOfMeasurePrice>16.17</UnitOfMeasurePrice>
      <AllowDiscount>1</AllowDiscount>
      <itemStatus>1</itemStatus>
      <LastUpdateDate />
      <LastUpdateTime />
    </Product>
    <Product>
      <PriceUpdateDate>2015/08/16 12:19</PriceUpdateDate>
      <ItemCode>7613033691843</ItemCode>
      <ItemType>1</ItemType>
      <ItemName>מחית מרק עגבניות גזר ואורז שלב 3 190גר</ItemName>
      <ManufactureName>קבוצת אוסם סחר-שות.מוגבלת</ManufactureName>
      <ManufactureCountry />
      <ManufactureItemDescription />
      <UnitQty>י"ח</UnitQty>
      <Quantity>190</Quantity>
      <UnitMeasure>ל  גרם</UnitMeasure>
      <BisWeighted>0</BisWeighted>
      <QtyInPackage>1</QtyInPackage>
      <ItemPrice>5.90</ItemPrice>
      <UnitOfMeasurePrice>3.11</UnitOfMeasurePrice>
      <AllowDiscount>1</AllowDiscount>
      <itemStatus>1</itemStatus>
      <LastUpdateDate />
      <LastUpdateTime />
    </Product>
    <Product>
      <PriceUpdateDate>2019/11/18 09:58</PriceUpdateDate>
      <ItemCode>7613034146502</ItemCode>
      <ItemType>1</ItemType>
      <ItemName>פורינה One מיני אקטיב עוף 1.5ק"ג</ItemName>
      <ManufactureName>קבוצת אוסם סחר-שות.מוגבלת</ManufactureName>
      <ManufactureCountry />
      <ManufactureItemDescription />
      <UnitQty>י"ח</UnitQty>
      <Quantity>1.50</Quantity>
      <UnitMeasure>ק"ג</UnitMeasure>
      <BisWeighted>0</BisWeighted>
      <QtyInPackage>1</QtyInPackage>
      <ItemPrice>54.90</ItemPrice>
      <UnitOfMeasurePrice>36.60</UnitOfMeasurePrice>
      <AllowDiscount>1</AllowDiscount>
      <itemStatus>1</itemStatus>
      <LastUpdateDate />
      <LastUpdateTime />
    </Product>
    <Product>
      <PriceUpdateDate>2019/11/18 09:58</PriceUpdateDate>
      <ItemCode>7613034146656</ItemCode>
      <ItemType>1</ItemType>
      <ItemName>פורינה One מיני בוגר בקר 1.5ק"ג</ItemName>
      <ManufactureName>קבוצת אוסם סחר-שות.מוגבלת</ManufactureName>
      <ManufactureCountry />
      <ManufactureItemDescription />
      <UnitQty>י"ח</UnitQty>
      <Quantity>1.50</Quantity>
      <UnitMeasure>ק"ג</UnitMeasure>
      <BisWeighted>0</BisWeighted>
      <QtyInPackage>1</QtyInPackage>
      <ItemPrice>54.90</ItemPrice>
      <UnitOfMeasurePrice>36.60</UnitOfMeasurePrice>
      <AllowDiscount>1</AllowDiscount>
      <itemStatus>1</itemStatus>
      <LastUpdateDate />
      <LastUpdateTime />
    </Product>
    <Product>
      <PriceUpdateDate>2016/07/17 11:13</PriceUpdateDate>
      <ItemCode>7613034792785</ItemCode>
      <ItemType>1</ItemType>
      <ItemName>מולטי ציריוס 565גר</ItemName>
      <ManufactureName>קבוצת אוסם סחר-שות.מוגבלת</ManufactureName>
      <ManufactureCountry />
      <ManufactureItemDescription />
      <UnitQty>י"ח</UnitQty>
      <Quantity>500</Quantity>
      <UnitMeasure>ל  גרם</UnitMeasure>
      <BisWeighted>0</BisWeighted>
      <QtyInPackage>1</QtyInPackage>
      <ItemPrice>24.20</ItemPrice>
      <UnitOfMeasurePrice>4.84</UnitOfMeasurePrice>
      <AllowDiscount>1</AllowDiscount>
      <itemStatus>1</itemStatus>
      <LastUpdateDate />
      <LastUpdateTime />
    </Product>
    <Product>
      <PriceUpdateDate>2019/11/18 09:58</PriceUpdateDate>
      <ItemCode>7613035514430</ItemCode>
      <ItemType>1</ItemType>
      <ItemName>פורינה One חתול בוגר סלמון 3ק"ג</ItemName>
      <ManufactureName>קבוצת אוסם סחר-שות.מוגבלת</ManufactureName>
      <ManufactureCountry />
      <ManufactureItemDescription />
      <UnitQty>י"ח</UnitQty>
      <Quantity>3</Quantity>
      <UnitMeasure>ק"ג</UnitMeasure>
      <BisWeighted>0</BisWeighted>
      <QtyInPackage>1</QtyInPackage>
      <ItemPrice>114.90</ItemPrice>
      <UnitOfMeasurePrice>38.30</UnitOfMeasurePrice>
      <AllowDiscount>1</AllowDiscount>
      <itemStatus>1</itemStatus>
      <LastUpdateDate />
      <LastUpdateTime />
    </Product>
    <Product>
      <PriceUpdateDate>2019/11/18 09:58</PriceUpdateDate>
      <ItemCode>7613035514560</ItemCode>
      <ItemType>1</ItemType>
      <ItemName>פורינה One חתול סטרילייז בקר 3ק"ג</ItemName>
      <ManufactureName>קבוצת אוסם סחר-שות.מוגבלת</ManufactureName>
      <ManufactureCountry />
      <ManufactureItemDescription />
      <UnitQty>י"ח</UnitQty>
      <Quantity>3</Quantity>
      <UnitMeasure>ק"ג</UnitMeasure>
      <BisWeighted>0</BisWeighted>
      <QtyInPackage>1</QtyInPackage>
      <ItemPrice>114.90</ItemPrice>
      <UnitOfMeasurePrice>38.30</UnitOfMeasurePrice>
      <AllowDiscount>1</AllowDiscount>
      <itemStatus>1</itemStatus>
      <LastUpdateDate />
      <LastUpdateTime />
    </Product>
    <Product>
      <PriceUpdateDate>2016/07/17 11:13</PriceUpdateDate>
      <ItemCode>7613035548374</ItemCode>
      <ItemType>1</ItemType>
      <ItemName>גולדן מיניס 570גר</ItemName>
      <ManufactureName>קבוצת אוסם סחר-שות.מוגבלת</ManufactureName>
      <ManufactureCountry />
      <ManufactureItemDescription />
      <UnitQty>י"ח</UnitQty>
      <Quantity>500</Quantity>
      <UnitMeasure>ל  גרם</UnitMeasure>
      <BisWeighted>0</BisWeighted>
      <QtyInPackage>1</QtyInPackage>
      <ItemPrice>24.20</ItemPrice>
      <UnitOfMeasurePrice>4.84</UnitOfMeasurePrice>
      <AllowDiscount>1</AllowDiscount>
      <itemStatus>1</itemStatus>
      <LastUpdateDate />
      <LastUpdateTime />
    </Product>
    <Product>
      <PriceUpdateDate>2019/11/18 09:58</PriceUpdateDate>
      <ItemCode>7613035618794</ItemCode>
      <ItemType>1</ItemType>
      <ItemName>פורינה One חתול בוגר עוף 3ק"ג</ItemName>
      <ManufactureName>קבוצת אוסם סחר-שות.מוגבלת</ManufactureName>
      <ManufactureCountry />
      <ManufactureItemDescription />
      <UnitQty>י"ח</UnitQty>
      <Quantity>3</Quantity>
      <UnitMeasure>ק"ג</UnitMeasure>
      <BisWeighted>0</BisWeighted>
      <QtyInPackage>1</QtyInPackage>
      <ItemPrice>114.90</ItemPrice>
      <UnitOfMeasurePrice>38.30</UnitOfMeasurePrice>
      <AllowDiscount>1</AllowDiscount>
      <itemStatus>1</itemStatus>
      <LastUpdateDate />
      <LastUpdateTime />
    </Product>
    <Product>
      <PriceUpdateDate>2016/04/05 09:53</PriceUpdateDate>
      <ItemCode>7613035619050</ItemCode>
      <ItemType>1</ItemType>
      <ItemName>חמשושים מפלצות</ItemName>
      <ManufactureName>נגה גלידות</ManufactureName>
      <ManufactureCountry />
      <ManufactureItemDescription />
      <UnitQty>י"ח</UnitQty>
      <Quantity>1</Quantity>
      <UnitMeasure />
      <BisWeighted>0</BisWeighted>
      <QtyInPackage>1</QtyInPackage>
      <ItemPrice>8.90</ItemPrice>
      <UnitOfMeasurePrice>8.90</UnitOfMeasurePrice>
      <AllowDiscount>1</AllowDiscount>
      <itemStatus>1</itemStatus>
      <LastUpdateDate />
      <LastUpdateTime />
    </Product>
    <Product>
      <PriceUpdateDate>2016/10/09 10:39</PriceUpdateDate>
      <ItemCode>7613035807778</ItemCode>
      <ItemType>1</ItemType>
      <ItemName>רוטב עגבניות לבלונז 400ג</ItemName>
      <ManufactureName>קבוצת אוסם סחר-שות.מוגבלת</ManufactureName>
      <ManufactureCountry />
      <ManufactureItemDescription />
      <UnitQty>י"ח</UnitQty>
      <Quantity>400</Quantity>
      <UnitMeasure>ל  גרם</UnitMeasure>
      <BisWeighted>0</BisWeighted>
      <QtyInPackage>1</QtyInPackage>
      <ItemPrice>9.90</ItemPrice>
      <UnitOfMeasurePrice>2.48</UnitOfMeasurePrice>
      <AllowDiscount>1</AllowDiscount>
      <itemStatus>1</itemStatus>
      <LastUpdateDate />
      <LastUpdateTime />
    </Product>
    <Product>
      <PriceUpdateDate>2016/10/09 10:39</PriceUpdateDate>
      <ItemCode>7613035809109</ItemCode>
      <ItemType>1</ItemType>
      <ItemName>רוטב עגבניות ובזיליקום 400ג</ItemName>
      <ManufactureName>קבוצת אוסם סחר-שות.מוגבלת</ManufactureName>
      <ManufactureCountry />
      <ManufactureItemDescription />
      <UnitQty>י"ח</UnitQty>
      <Quantity>400</Quantity>
      <UnitMeasure>ל  גרם</UnitMeasure>
      <BisWeighted>0</BisWeighted>
      <QtyInPackage>1</QtyInPackage>
      <ItemPrice>9.90</ItemPrice>
      <UnitOfMeasurePrice>2.48</UnitOfMeasurePrice>
      <AllowDiscount>1</AllowDiscount>
      <itemStatus>1</itemStatus>
      <LastUpdateDate />
      <LastUpdateTime />
    </Product>
    <Product>
      <PriceUpdateDate>2016/10/09 10:39</PriceUpdateDate>
      <ItemCode>7613035809123</ItemCode>
      <ItemType>1</ItemType>
      <ItemName>רוטב עגבניות עם פלפלים  400ג</ItemName>
      <ManufactureName>קבוצת אוסם סחר-שות.מוגבלת</ManufactureName>
      <ManufactureCountry />
      <ManufactureItemDescription />
      <UnitQty>י"ח</UnitQty>
      <Quantity>400</Quantity>
      <UnitMeasure>ל  גרם</UnitMeasure>
      <BisWeighted>0</BisWeighted>
      <QtyInPackage>1</QtyInPackage>
      <ItemPrice>9.90</ItemPrice>
      <UnitOfMeasurePrice>2.48</UnitOfMeasurePrice>
      <AllowDiscount>1</AllowDiscount>
      <itemStatus>1</itemStatus>
      <LastUpdateDate />
      <LastUpdateTime />
    </Product>
    <Product>
      <PriceUpdateDate>2016/10/09 10:39</PriceUpdateDate>
      <ItemCode>7613035809857</ItemCode>
      <ItemType>1</ItemType>
      <ItemName>רוטב עגבניות לפסטה ולבישול 400ג</ItemName>
      <ManufactureName>קבוצת אוסם סחר-שות.מוגבלת</ManufactureName>
      <ManufactureCountry />
      <ManufactureItemDescription />
      <UnitQty>י"ח</UnitQty>
      <Quantity>400</Quantity>
      <UnitMeasure>ל  גרם</UnitMeasure>
      <BisWeighted>0</BisWeighted>
      <QtyInPackage>1</QtyInPackage>
      <ItemPrice>9.90</ItemPrice>
      <UnitOfMeasurePrice>2.48</UnitOfMeasurePrice>
      <AllowDiscount>1</AllowDiscount>
      <itemStatus>1</itemStatus>
      <LastUpdateDate />
      <LastUpdateTime />
    </Product>
    <Product>
      <PriceUpdateDate>2017/10/04 08:02</PriceUpdateDate>
      <ItemCode>7613036105545</ItemCode>
      <ItemType>1</ItemType>
      <ItemName>דוגלי גזע קטן 3ק"ג</ItemName>
      <ManufactureName>קבוצת אוסם סחר-שות.מוגבלת</ManufactureName>
      <ManufactureCountry />
      <ManufactureItemDescription />
      <UnitQty>י"ח</UnitQty>
      <Quantity>3</Quantity>
      <UnitMeasure>ק"ג</UnitMeasure>
      <BisWeighted>0</BisWeighted>
      <QtyInPackage>1</QtyInPackage>
      <ItemPrice>48.50</ItemPrice>
      <UnitOfMeasurePrice>16.17</UnitOfMeasurePrice>
      <AllowDiscount>1</AllowDiscount>
      <itemStatus>1</itemStatus>
      <LastUpdateDate />
      <LastUpdateTime />
    </Product>
    <Product>
      <PriceUpdateDate>2017/10/04 08:02</PriceUpdateDate>
      <ItemCode>7613036105576</ItemCode>
      <ItemType>1</ItemType>
      <ItemName>דוגלי בוגר עוף 3ק"ג</ItemName>
      <ManufactureName>קבוצת אוסם סחר-שות.מוגבלת</ManufactureName>
      <ManufactureCountry />
      <ManufactureItemDescription />
      <UnitQty>י"ח</UnitQty>
      <Quantity>3</Quantity>
      <UnitMeasure>ק"ג</UnitMeasure>
      <BisWeighted>0</BisWeighted>
      <QtyInPackage>1</QtyInPackage>
      <ItemPrice>48.50</ItemPrice>
      <UnitOfMeasurePrice>16.17</UnitOfMeasurePrice>
      <AllowDiscount>1</AllowDiscount>
      <itemStatus>1</itemStatus>
      <LastUpdateDate />
      <LastUpdateTime />
    </Product>
    <Product>
      <PriceUpdateDate>2017/10/04 08:02</PriceUpdateDate>
      <ItemCode>7613036105606</ItemCode>
      <ItemType>1</ItemType>
      <ItemName>דוגלי בוגר בקר  3ק"ג</ItemName>
      <ManufactureName>קבוצת אוסם סחר-שות.מוגבלת</ManufactureName>
      <ManufactureCountry />
      <ManufactureItemDescription />
      <UnitQty>י"ח</UnitQty>
      <Quantity>3</Quantity>
      <UnitMeasure>ק"ג</UnitMeasure>
      <BisWeighted>0</BisWeighted>
      <QtyInPackage>1</QtyInPackage>
      <ItemPrice>48.50</ItemPrice>
      <UnitOfMeasurePrice>16.17</UnitOfMeasurePrice>
      <AllowDiscount>1</AllowDiscount>
      <itemStatus>1</itemStatus>
      <LastUpdateDate />
      <LastUpdateTime />
    </Product>
    <Product>
      <PriceUpdateDate>2019/11/18 09:58</PriceUpdateDate>
      <ItemCode>7613036118651</ItemCode>
      <ItemType>1</ItemType>
      <ItemName>פורינה One גור מידמקסי עוף 2.5ק"ג</ItemName>
      <ManufactureName>קבוצת אוסם סחר-שות.מוגבלת</ManufactureName>
      <ManufactureCountry />
      <ManufactureItemDescription />
      <UnitQty>י"ח</UnitQty>
      <Quantity>2.50</Quantity>
      <UnitMeasure>ק"ג</UnitMeasure>
      <BisWeighted>0</BisWeighted>
      <QtyInPackage>1</QtyInPackage>
      <ItemPrice>84.90</ItemPrice>
      <UnitOfMeasurePrice>33.96</UnitOfMeasurePrice>
      <AllowDiscount>1</AllowDiscount>
      <itemStatus>1</itemStatus>
      <LastUpdateDate />
      <LastUpdateTime />
    </Product>
    <Product>
      <PriceUpdateDate>2019/11/18 09:58</PriceUpdateDate>
      <ItemCode>7613036120395</ItemCode>
      <ItemType>1</ItemType>
      <ItemName>פורינה One כלב מידמקסי בקר 2.5ק"ג</ItemName>
      <ManufactureName>קבוצת אוסם סחר-שות.מוגבלת</ManufactureName>
      <ManufactureCountry />
      <ManufactureItemDescription />
      <UnitQty>י"ח</UnitQty>
      <Quantity>2.50</Quantity>
      <UnitMeasure>ק"ג</UnitMeasure>
      <BisWeighted>0</BisWeighted>
      <QtyInPackage>1</QtyInPackage>
      <ItemPrice>84.90</ItemPrice>
      <UnitOfMeasurePrice>33.96</UnitOfMeasurePrice>
      <AllowDiscount>1</AllowDiscount>
      <itemStatus>1</itemStatus>
      <LastUpdateDate />
      <LastUpdateTime />
    </Product>
    <Product>
      <PriceUpdateDate>2018/02/14 10:43</PriceUpdateDate>
      <ItemCode>7613036288026</ItemCode>
      <ItemType>1</ItemType>
      <ItemName>דוגלי גורים  3ק"ג</ItemName>
      <ManufactureName>קבוצת אוסם סחר-שות.מוגבלת</ManufactureName>
      <ManufactureCountry />
      <ManufactureItemDescription />
      <UnitQty>י"ח</UnitQty>
      <Quantity>3</Quantity>
      <UnitMeasure>ק"ג</UnitMeasure>
      <BisWeighted>0</BisWeighted>
      <QtyInPackage>1</QtyInPackage>
      <ItemPrice>49.90</ItemPrice>
      <UnitOfMeasurePrice>16.63</UnitOfMeasurePrice>
      <AllowDiscount>1</AllowDiscount>
      <itemStatus>1</itemStatus>
      <LastUpdateDate />
      <LastUpdateTime />
    </Product>
    <Product>
      <PriceUpdateDate>2018/02/14 10:43</PriceUpdateDate>
      <ItemCode>7613036288958</ItemCode>
      <ItemType>1</ItemType>
      <ItemName>דוגלי אקטיב  3ק"ג</ItemName>
      <ManufactureName>קבוצת אוסם סחר-שות.מוגבלת</ManufactureName>
      <ManufactureCountry />
      <ManufactureItemDescription />
      <UnitQty>י"ח</UnitQty>
      <Quantity>3</Quantity>
      <UnitMeasure>ק"ג</UnitMeasure>
      <BisWeighted>0</BisWeighted>
      <QtyInPackage>1</QtyInPackage>
      <ItemPrice>49.90</ItemPrice>
      <UnitOfMeasurePrice>16.63</UnitOfMeasurePrice>
      <AllowDiscount>1</AllowDiscount>
      <itemStatus>1</itemStatus>
      <LastUpdateDate />
      <LastUpdateTime />
    </Product>
    <Product>
      <PriceUpdateDate>2019/11/18 09:58</PriceUpdateDate>
      <ItemCode>7613036307390</ItemCode>
      <ItemType>1</ItemType>
      <ItemName>פורינה One מידמקסי עוף 2.5ק"ג</ItemName>
      <ManufactureName>קבוצת אוסם סחר-שות.מוגבלת</ManufactureName>
      <ManufactureCountry />
      <ManufactureItemDescription />
      <UnitQty>י"ח</UnitQty>
      <Quantity>2.50</Quantity>
      <UnitMeasure>ק"ג</UnitMeasure>
      <BisWeighted>0</BisWeighted>
      <QtyInPackage>1</QtyInPackage>
      <ItemPrice>84.90</ItemPrice>
      <UnitOfMeasurePrice>33.96</UnitOfMeasurePrice>
      <AllowDiscount>1</AllowDiscount>
      <itemStatus>1</itemStatus>
      <LastUpdateDate />
      <LastUpdateTime />
    </Product>
    <Product>
      <PriceUpdateDate>2019/11/28 08:17</PriceUpdateDate>
      <ItemCode>7613036387798</ItemCode>
      <ItemType>1</ItemType>
      <ItemName>פיטנס יוגורט 350ג</ItemName>
      <ManufactureName>קבוצת אוסם סחר-שות.מוגבלת</ManufactureName>
      <ManufactureCountry />
      <ManufactureItemDescription />
      <UnitQty>י"ח</UnitQty>
      <Quantity>350</Quantity>
      <UnitMeasure>ל  גרם</UnitMeasure>
      <BisWeighted>0</BisWeighted>
      <QtyInPackage>1</QtyInPackage>
      <ItemPrice>19.90</ItemPrice>
      <UnitOfMeasurePrice>5.69</UnitOfMeasurePrice>
      <AllowDiscount>1</AllowDiscount>
      <itemStatus>1</itemStatus>
      <LastUpdateDate />
      <LastUpdateTime />
    </Product>
    <Product>
      <PriceUpdateDate>2018/03/19 09:28</PriceUpdateDate>
      <ItemCode>7613036520492</ItemCode>
      <ItemType>1</ItemType>
      <ItemName>פרפקטו רוטב עגבניות לפיצה  400ג</ItemName>
      <ManufactureName>קבוצת אוסם סחר-שות.מוגבלת</ManufactureName>
      <ManufactureCountry />
      <ManufactureItemDescription />
      <UnitQty>י"ח</UnitQty>
      <Quantity>400</Quantity>
      <UnitMeasure>ל  גרם</UnitMeasure>
      <BisWeighted>0</BisWeighted>
      <QtyInPackage>1</QtyInPackage>
      <ItemPrice>9.90</ItemPrice>
      <UnitOfMeasurePrice>2.48</UnitOfMeasurePrice>
      <AllowDiscount>1</AllowDiscount>
      <itemStatus>1</itemStatus>
      <LastUpdateDate />
      <LastUpdateTime />
    </Product>
    <Product>
      <PriceUpdateDate>2018/03/19 09:28</PriceUpdateDate>
      <ItemCode>7613036563437</ItemCode>
      <ItemType>1</ItemType>
      <ItemName>סיני מיניס קרייזי קראש 410גר</ItemName>
      <ManufactureName>קבוצת אוסם סחר-שות.מוגבלת</ManufactureName>
      <ManufactureCountry />
      <ManufactureItemDescription />
      <UnitQty>י"ח</UnitQty>
      <Quantity>410</Quantity>
      <UnitMeasure>ל  גרם</UnitMeasure>
      <BisWeighted>0</BisWeighted>
      <QtyInPackage>1</QtyInPackage>
      <ItemPrice>26.90</ItemPrice>
      <UnitOfMeasurePrice>6.56</UnitOfMeasurePrice>
      <AllowDiscount>1</AllowDiscount>
      <itemStatus>1</itemStatus>
      <LastUpdateDate />
      <LastUpdateTime />
    </Product>
    <Product>
      <PriceUpdateDate>2018/07/19 09:39</PriceUpdateDate>
      <ItemCode>7613036576734</ItemCode>
      <ItemType>1</ItemType>
      <ItemName>חמשושים  60  גר`</ItemName>
      <ManufactureName>נגה גלידות</ManufactureName>
      <ManufactureCountry />
      <ManufactureItemDescription />
      <UnitQty>י"ח</UnitQty>
      <Quantity>1</Quantity>
      <UnitMeasure />
      <BisWeighted>0</BisWeighted>
      <QtyInPackage>1</QtyInPackage>
      <ItemPrice>10.90</ItemPrice>
      <UnitOfMeasurePrice>10.90</UnitOfMeasurePrice>
      <AllowDiscount>1</AllowDiscount>
      <itemStatus>1</itemStatus>
      <LastUpdateDate />
      <LastUpdateTime />
    </Product>
    <Product>
      <PriceUpdateDate>2018/11/15 09:36</PriceUpdateDate>
      <ItemCode>7613036727280</ItemCode>
      <ItemType>1</ItemType>
      <ItemName>דגני בוקר ליון שוקולד וקרמל 480גר</ItemName>
      <ManufactureName>קבוצת אוסם סחר-שות.מוגבלת</ManufactureName>
      <ManufactureCountry />
      <ManufactureItemDescription />
      <UnitQty>י"ח</UnitQty>
      <Quantity>480</Quantity>
      <UnitMeasure>ל  גרם</UnitMeasure>
      <BisWeighted>0</BisWeighted>
      <QtyInPackage>1</QtyInPackage>
      <ItemPrice>24.90</ItemPrice>
      <UnitOfMeasurePrice>5.19</UnitOfMeasurePrice>
      <AllowDiscount>1</AllowDiscount>
      <itemStatus>1</itemStatus>
      <LastUpdateDate />
      <LastUpdateTime />
    </Product>
    <Product>
      <PriceUpdateDate>2018/08/19 14:29</PriceUpdateDate>
      <ItemCode>7613036737623</ItemCode>
      <ItemType>1</ItemType>
      <ItemName>דגני בוקר קראנץ מיקס  410גר</ItemName>
      <ManufactureName>קבוצת אוסם סחר-שות.מוגבלת</ManufactureName>
      <ManufactureCountry />
      <ManufactureItemDescription />
      <UnitQty>י"ח</UnitQty>
      <Quantity>410</Quantity>
      <UnitMeasure>ל  גרם</UnitMeasure>
      <BisWeighted>0</BisWeighted>
      <QtyInPackage>1</QtyInPackage>
      <ItemPrice>29.90</ItemPrice>
      <UnitOfMeasurePrice>7.29</UnitOfMeasurePrice>
      <AllowDiscount>1</AllowDiscount>
      <itemStatus>1</itemStatus>
      <LastUpdateDate />
      <LastUpdateTime />
    </Product>
    <Product>
      <PriceUpdateDate>2019/10/23 13:23</PriceUpdateDate>
      <ItemCode>7613036878135</ItemCode>
      <ItemType>1</ItemType>
      <ItemName>גרבר מחית סלט פירות 190גר</ItemName>
      <ManufactureName>קבוצת אוסם סחר-שות.מוגבלת</ManufactureName>
      <ManufactureCountry />
      <ManufactureItemDescription />
      <UnitQty>י"ח</UnitQty>
      <Quantity>190</Quantity>
      <UnitMeasure>ל  גרם</UnitMeasure>
      <BisWeighted>0</BisWeighted>
      <QtyInPackage>1</QtyInPackage>
      <ItemPrice>5.90</ItemPrice>
      <UnitOfMeasurePrice>3.11</UnitOfMeasurePrice>
      <AllowDiscount>1</AllowDiscount>
      <itemStatus>1</itemStatus>
      <LastUpdateDate />
      <LastUpdateTime />
    </Product>
    <Product>
      <PriceUpdateDate>2019/10/23 13:23</PriceUpdateDate>
      <ItemCode>7613036880510</ItemCode>
      <ItemType>1</ItemType>
      <ItemName>גרבר מחית תפוח עץ ודגנים מלאים  190גר</ItemName>
      <ManufactureName>קבוצת אוסם סחר-שות.מוגבלת</ManufactureName>
      <ManufactureCountry />
      <ManufactureItemDescription />
      <UnitQty>י"ח</UnitQty>
      <Quantity>190</Quantity>
      <UnitMeasure>ל  גרם</UnitMeasure>
      <BisWeighted>0</BisWeighted>
      <QtyInPackage>1</QtyInPackage>
      <ItemPrice>5.90</ItemPrice>
      <UnitOfMeasurePrice>3.11</UnitOfMeasurePrice>
      <AllowDiscount>1</AllowDiscount>
      <itemStatus>1</itemStatus>
      <LastUpdateDate />
      <LastUpdateTime />
    </Product>
    <Product>
      <PriceUpdateDate>2019/10/23 13:23</PriceUpdateDate>
      <ItemCode>7613036880534</ItemCode>
      <ItemType>1</ItemType>
      <ItemName>גרבר מחית מרק ירקות מעורבים 190גר</ItemName>
      <ManufactureName>קבוצת אוסם סחר-שות.מוגבלת</ManufactureName>
      <ManufactureCountry />
      <ManufactureItemDescription />
      <UnitQty>י"ח</UnitQty>
      <Quantity>190</Quantity>
      <UnitMeasure>ל  גרם</UnitMeasure>
      <BisWeighted>0</BisWeighted>
      <QtyInPackage>1</QtyInPackage>
      <ItemPrice>5.90</ItemPrice>
      <UnitOfMeasurePrice>3.11</UnitOfMeasurePrice>
      <AllowDiscount>1</AllowDiscount>
      <itemStatus>1</itemStatus>
      <LastUpdateDate />
      <LastUpdateTime />
    </Product>
    <Product>
      <PriceUpdateDate>2019/10/23 13:23</PriceUpdateDate>
      <ItemCode>7613036880695</ItemCode>
      <ItemType>1</ItemType>
      <ItemName>גרבר מחית בננה תפוח עץ  190גר</ItemName>
      <ManufactureName>קבוצת אוסם סחר-שות.מוגבלת</ManufactureName>
      <ManufactureCountry />
      <ManufactureItemDescription />
      <UnitQty>י"ח</UnitQty>
      <Quantity>190</Quantity>
      <UnitMeasure>ל  גרם</UnitMeasure>
      <BisWeighted>0</BisWeighted>
      <QtyInPackage>1</QtyInPackage>
      <ItemPrice>5.90</ItemPrice>
      <UnitOfMeasurePrice>3.11</UnitOfMeasurePrice>
      <AllowDiscount>1</AllowDiscount>
      <itemStatus>1</itemStatus>
      <LastUpdateDate />
      <LastUpdateTime />
    </Product>
    <Product>
      <PriceUpdateDate>2019/10/23 13:23</PriceUpdateDate>
      <ItemCode>7613036880855</ItemCode>
      <ItemType>1</ItemType>
      <ItemName>גרבר מחית סלט תפוח עץ ובננה 190גר</ItemName>
      <ManufactureName>קבוצת אוסם סחר-שות.מוגבלת</ManufactureName>
      <ManufactureCountry />
      <ManufactureItemDescription />
      <UnitQty>י"ח</UnitQty>
      <Quantity>190</Quantity>
      <UnitMeasure>ל  גרם</UnitMeasure>
      <BisWeighted>0</BisWeighted>
      <QtyInPackage>1</QtyInPackage>
      <ItemPrice>5.90</ItemPrice>
      <UnitOfMeasurePrice>3.11</UnitOfMeasurePrice>
      <AllowDiscount>1</AllowDiscount>
      <itemStatus>1</itemStatus>
      <LastUpdateDate />
      <LastUpdateTime />
    </Product>
    <Product>
      <PriceUpdateDate>2019/10/23 13:23</PriceUpdateDate>
      <ItemCode>7613036880879</ItemCode>
      <ItemType>1</ItemType>
      <ItemName>גרבר מחית תפוח עץ 190גר</ItemName>
      <ManufactureName>קבוצת אוסם סחר-שות.מוגבלת</ManufactureName>
      <ManufactureCountry />
      <ManufactureItemDescription />
      <UnitQty>י"ח</UnitQty>
      <Quantity>190</Quantity>
      <UnitMeasure>ל  גרם</UnitMeasure>
      <BisWeighted>0</BisWeighted>
      <QtyInPackage>1</QtyInPackage>
      <ItemPrice>5.90</ItemPrice>
      <UnitOfMeasurePrice>3.11</UnitOfMeasurePrice>
      <AllowDiscount>1</AllowDiscount>
      <itemStatus>1</itemStatus>
      <LastUpdateDate />
      <LastUpdateTime />
    </Product>
    <Product>
      <PriceUpdateDate>2020/01/08 14:24</PriceUpdateDate>
      <ItemCode>7613037012200</ItemCode>
      <ItemType>1</ItemType>
      <ItemName>גרבר מחית תפוח מנגו גזר פאוץ 90גר</ItemName>
      <ManufactureName>קבוצת אוסם סחר-שות.מוגבלת</ManufactureName>
      <ManufactureCountry />
      <ManufactureItemDescription />
      <UnitQty>י"ח</UnitQty>
      <Quantity>130</Quantity>
      <UnitMeasure>ל  גרם</UnitMeasure>
      <BisWeighted>0</BisWeighted>
      <QtyInPackage>1</QtyInPackage>
      <ItemPrice>5.90</ItemPrice>
      <UnitOfMeasurePrice>4.54</UnitOfMeasurePrice>
      <AllowDiscount>1</AllowDiscount>
      <itemStatus>1</itemStatus>
      <LastUpdateDate />
      <LastUpdateTime />
    </Product>
    <Product>
      <PriceUpdateDate>2020/01/08 14:24</PriceUpdateDate>
      <ItemCode>7613037015386</ItemCode>
      <ItemType>1</ItemType>
      <ItemName>גרבר מחית תפוח פאוץ 90גר</ItemName>
      <ManufactureName>קבוצת אוסם סחר-שות.מוגבלת</ManufactureName>
      <ManufactureCountry />
      <ManufactureItemDescription />
      <UnitQty>י"ח</UnitQty>
      <Quantity>130</Quantity>
      <UnitMeasure>ל  גרם</UnitMeasure>
      <BisWeighted>0</BisWeighted>
      <QtyInPackage>1</QtyInPackage>
      <ItemPrice>5.90</ItemPrice>
      <UnitOfMeasurePrice>4.54</UnitOfMeasurePrice>
      <AllowDiscount>1</AllowDiscount>
      <itemStatus>1</itemStatus>
      <LastUpdateDate />
      <LastUpdateTime />
    </Product>
    <Product>
      <PriceUpdateDate>2020/01/23 08:27</PriceUpdateDate>
      <ItemCode>7613037054255</ItemCode>
      <ItemType>1</ItemType>
      <ItemName>גרבר מחית סלט פירות 190גר</ItemName>
      <ManufactureName>קבוצת אוסם סחר-שות.מוגבלת</ManufactureName>
      <ManufactureCountry />
      <ManufactureItemDescription />
      <UnitQty>י"ח</UnitQty>
      <Quantity>190</Quantity>
      <UnitMeasure>ל  גרם</UnitMeasure>
      <BisWeighted>0</BisWeighted>
      <QtyInPackage>1</QtyInPackage>
      <ItemPrice>5.90</ItemPrice>
      <UnitOfMeasurePrice>3.11</UnitOfMeasurePrice>
      <AllowDiscount>1</AllowDiscount>
      <itemStatus>1</itemStatus>
      <LastUpdateDate />
      <LastUpdateTime />
    </Product>
    <Product>
      <PriceUpdateDate>2020/01/23 08:27</PriceUpdateDate>
      <ItemCode>7613037054279</ItemCode>
      <ItemType>1</ItemType>
      <ItemName>גרבר מחית סלט תפוח עץ ובננה 190גר</ItemName>
      <ManufactureName>קבוצת אוסם סחר-שות.מוגבלת</ManufactureName>
      <ManufactureCountry />
      <ManufactureItemDescription />
      <UnitQty>י"ח</UnitQty>
      <Quantity>190</Quantity>
      <UnitMeasure>ל  גרם</UnitMeasure>
      <BisWeighted>0</BisWeighted>
      <QtyInPackage>1</QtyInPackage>
      <ItemPrice>5.90</ItemPrice>
      <UnitOfMeasurePrice>3.11</UnitOfMeasurePrice>
      <AllowDiscount>1</AllowDiscount>
      <itemStatus>1</itemStatus>
      <LastUpdateDate />
      <LastUpdateTime />
    </Product>
    <Product>
      <PriceUpdateDate>2020/01/23 08:27</PriceUpdateDate>
      <ItemCode>7613037054347</ItemCode>
      <ItemType>1</ItemType>
      <ItemName>גרבר מחית תפוח עץ 190גר</ItemName>
      <ManufactureName>קבוצת אוסם סחר-שות.מוגבלת</ManufactureName>
      <ManufactureCountry />
      <ManufactureItemDescription />
      <UnitQty>י"ח</UnitQty>
      <Quantity>190</Quantity>
      <UnitMeasure>ל  גרם</UnitMeasure>
      <BisWeighted>0</BisWeighted>
      <QtyInPackage>1</QtyInPackage>
      <ItemPrice>5.90</ItemPrice>
      <UnitOfMeasurePrice>3.11</UnitOfMeasurePrice>
      <AllowDiscount>1</AllowDiscount>
      <itemStatus>1</itemStatus>
      <LastUpdateDate />
      <LastUpdateTime />
    </Product>
    <Product>
      <PriceUpdateDate>2019/11/20 13:31</PriceUpdateDate>
      <ItemCode>7613037686906</ItemCode>
      <ItemType>1</ItemType>
      <ItemName>פיטנס דבש ושקדים 355  גר`:</ItemName>
      <ManufactureName>קבוצת אוסם סחר-שות.מוגבלת</ManufactureName>
      <ManufactureCountry />
      <ManufactureItemDescription />
      <UnitQty>י"ח</UnitQty>
      <Quantity>355</Quantity>
      <UnitMeasure>ל  גרם</UnitMeasure>
      <BisWeighted>0</BisWeighted>
      <QtyInPackage>1</QtyInPackage>
      <ItemPrice>19.90</ItemPrice>
      <UnitOfMeasurePrice>5.61</UnitOfMeasurePrice>
      <AllowDiscount>1</AllowDiscount>
      <itemStatus>1</itemStatus>
      <LastUpdateDate />
      <LastUpdateTime />
    </Product>
    <Product>
      <PriceUpdateDate>2020/01/08 14:24</PriceUpdateDate>
      <ItemCode>7613038268262</ItemCode>
      <ItemType>1</ItemType>
      <ItemName>האני נאט צ`יריוס מופחת סוכר 410גר</ItemName>
      <ManufactureName>קבוצת אוסם סחר-שות.מוגבלת</ManufactureName>
      <ManufactureCountry />
      <ManufactureItemDescription />
      <UnitQty>י"ח</UnitQty>
      <Quantity>410</Quantity>
      <UnitMeasure>ל  גרם</UnitMeasure>
      <BisWeighted>0</BisWeighted>
      <QtyInPackage>1</QtyInPackage>
      <ItemPrice>19.90</ItemPrice>
      <UnitOfMeasurePrice>4.85</UnitOfMeasurePrice>
      <AllowDiscount>1</AllowDiscount>
      <itemStatus>1</itemStatus>
      <LastUpdateDate />
      <LastUpdateTime />
    </Product>
    <Product>
      <PriceUpdateDate>2020/01/08 14:24</PriceUpdateDate>
      <ItemCode>7613038451954</ItemCode>
      <ItemType>1</ItemType>
      <ItemName>קראנץ שוקולד מופחת סוכר 410גר</ItemName>
      <ManufactureName>קבוצת אוסם סחר-שות.מוגבלת</ManufactureName>
      <ManufactureCountry />
      <ManufactureItemDescription />
      <UnitQty>י"ח</UnitQty>
      <Quantity>410</Quantity>
      <UnitMeasure>ל  גרם</UnitMeasure>
      <BisWeighted>0</BisWeighted>
      <QtyInPackage>1</QtyInPackage>
      <ItemPrice>19.90</ItemPrice>
      <UnitOfMeasurePrice>4.85</UnitOfMeasurePrice>
      <AllowDiscount>1</AllowDiscount>
      <itemStatus>1</itemStatus>
      <LastUpdateDate />
      <LastUpdateTime />
    </Product>
    <Product>
      <PriceUpdateDate>2019/11/01 11:32</PriceUpdateDate>
      <ItemCode>7622010001858</ItemCode>
      <ItemType>1</ItemType>
      <ItemName>אוראו 176 גרם ממולא קרם וניל</ItemName>
      <ManufactureName>דיפלומט בעמ</ManufactureName>
      <ManufactureCountry />
      <ManufactureItemDescription />
      <UnitQty>י"ח</UnitQty>
      <Quantity>176</Quantity>
      <UnitMeasure>ל  גרם</UnitMeasure>
      <BisWeighted>0</BisWeighted>
      <QtyInPackage>1</QtyInPackage>
      <ItemPrice>8.90</ItemPrice>
      <UnitOfMeasurePrice>5.06</UnitOfMeasurePrice>
      <AllowDiscount>1</AllowDiscount>
      <itemStatus>1</itemStatus>
      <LastUpdateDate />
      <LastUpdateTime />
    </Product>
    <Product>
      <PriceUpdateDate>2015/12/02 09:09</PriceUpdateDate>
      <ItemCode>7622201050757</ItemCode>
      <ItemType>1</ItemType>
      <ItemName>שוקולד מילקה קרמל 100 ג</ItemName>
      <ManufactureName>דיפלומט בעמ</ManufactureName>
      <ManufactureCountry />
      <ManufactureItemDescription />
      <UnitQty>י"ח</UnitQty>
      <Quantity>100</Quantity>
      <UnitMeasure>ל  גרם</UnitMeasure>
      <BisWeighted>0</BisWeighted>
      <QtyInPackage>1</QtyInPackage>
      <ItemPrice>5.90</ItemPrice>
      <UnitOfMeasurePrice>5.90</UnitOfMeasurePrice>
      <AllowDiscount>1</AllowDiscount>
      <itemStatus>1</itemStatus>
      <LastUpdateDate />
      <LastUpdateTime />
    </Product>
    <Product>
      <PriceUpdateDate>2020/03/04 09:29</PriceUpdateDate>
      <ItemCode>7622201121181</ItemCode>
      <ItemType>1</ItemType>
      <ItemName>מילקה חטיף עוגיות 137ג</ItemName>
      <ManufactureName>דיפלומט בעמ</ManufactureName>
      <ManufactureCountry />
      <ManufactureItemDescription />
      <UnitQty>י"ח</UnitQty>
      <Quantity>137</Quantity>
      <UnitMeasure>ל  גרם</UnitMeasure>
      <BisWeighted>0</BisWeighted>
      <QtyInPackage>1</QtyInPackage>
      <ItemPrice>14.90</ItemPrice>
      <UnitOfMeasurePrice>10.88</UnitOfMeasurePrice>
      <AllowDiscount>1</AllowDiscount>
      <itemStatus>1</itemStatus>
      <LastUpdateDate />
      <LastUpdateTime />
    </Product>
    <Product>
      <PriceUpdateDate>2020/02/26 08:38</PriceUpdateDate>
      <ItemCode>7622201139278</ItemCode>
      <ItemType>1</ItemType>
      <ItemName>פילדלפיה  27% שומן 150ג</ItemName>
      <ManufactureName>נטו מלינדה סחר בעמ</ManufactureName>
      <ManufactureCountry />
      <ManufactureItemDescription />
      <UnitQty>י"ח</UnitQty>
      <Quantity>150</Quantity>
      <UnitMeasure>ל  גרם</UnitMeasure>
      <BisWeighted>0</BisWeighted>
      <QtyInPackage>1</QtyInPackage>
      <ItemPrice>13.90</ItemPrice>
      <UnitOfMeasurePrice>9.27</UnitOfMeasurePrice>
      <AllowDiscount>1</AllowDiscount>
      <itemStatus>1</itemStatus>
      <LastUpdateDate />
      <LastUpdateTime />
    </Product>
    <Product>
      <PriceUpdateDate>2017/06/26 07:36</PriceUpdateDate>
      <ItemCode>7622210078131</ItemCode>
      <ItemType>1</ItemType>
      <ItemName>מילקה שוקולד חלב עם דאיים 100ג.</ItemName>
      <ManufactureName>דיפלומט בעמ</ManufactureName>
      <ManufactureCountry />
      <ManufactureItemDescription />
      <UnitQty>י"ח</UnitQty>
      <Quantity>100</Quantity>
      <UnitMeasure>ל  גרם</UnitMeasure>
      <BisWeighted>0</BisWeighted>
      <QtyInPackage>1</QtyInPackage>
      <ItemPrice>5.90</ItemPrice>
      <UnitOfMeasurePrice>5.90</UnitOfMeasurePrice>
      <AllowDiscount>1</AllowDiscount>
      <itemStatus>1</itemStatus>
      <LastUpdateDate />
      <LastUpdateTime />
    </Product>
    <Product>
      <PriceUpdateDate>2018/05/17 10:03</PriceUpdateDate>
      <ItemCode>7622210163899</ItemCode>
      <ItemType>1</ItemType>
      <ItemName>מילקה שוקולד חלב עם עדשים 100ג</ItemName>
      <ManufactureName>דיפלומט בעמ</ManufactureName>
      <ManufactureCountry />
      <ManufactureItemDescription />
      <UnitQty>י"ח</UnitQty>
      <Quantity>100</Quantity>
      <UnitMeasure>ל  גרם</UnitMeasure>
      <BisWeighted>0</BisWeighted>
      <QtyInPackage>1</QtyInPackage>
      <ItemPrice>5.90</ItemPrice>
      <UnitOfMeasurePrice>5.90</UnitOfMeasurePrice>
      <AllowDiscount>1</AllowDiscount>
      <itemStatus>1</itemStatus>
      <LastUpdateDate />
      <LastUpdateTime />
    </Product>
    <Product>
      <PriceUpdateDate>2017/11/12 13:10</PriceUpdateDate>
      <ItemCode>7622210453327</ItemCode>
      <ItemType>1</ItemType>
      <ItemName>מילקה סנסיישן 156גר</ItemName>
      <ManufactureName>דיפלומט בעמ</ManufactureName>
      <ManufactureCountry />
      <ManufactureItemDescription />
      <UnitQty>י"ח</UnitQty>
      <Quantity>156</Quantity>
      <UnitMeasure>ל  גרם</UnitMeasure>
      <BisWeighted>0</BisWeighted>
      <QtyInPackage>1</QtyInPackage>
      <ItemPrice>12.90</ItemPrice>
      <UnitOfMeasurePrice>8.27</UnitOfMeasurePrice>
      <AllowDiscount>1</AllowDiscount>
      <itemStatus>1</itemStatus>
      <LastUpdateDate />
      <LastUpdateTime />
    </Product>
    <Product>
      <PriceUpdateDate>2017/12/17 10:31</PriceUpdateDate>
      <ItemCode>7622210650924</ItemCode>
      <ItemType>1</ItemType>
      <ItemName>אוראו דקים שוקו  96ג</ItemName>
      <ManufactureName>דיפלומט בעמ</ManufactureName>
      <ManufactureCountry />
      <ManufactureItemDescription />
      <UnitQty>י"ח</UnitQty>
      <Quantity>96</Quantity>
      <UnitMeasure>ל  גרם</UnitMeasure>
      <BisWeighted>0</BisWeighted>
      <QtyInPackage>1</QtyInPackage>
      <ItemPrice>7.90</ItemPrice>
      <UnitOfMeasurePrice>8.23</UnitOfMeasurePrice>
      <AllowDiscount>1</AllowDiscount>
      <itemStatus>1</itemStatus>
      <LastUpdateDate />
      <LastUpdateTime />
    </Product>
    <Product>
      <PriceUpdateDate>2020/01/21 08:10</PriceUpdateDate>
      <ItemCode>7622210819499</ItemCode>
      <ItemType>1</ItemType>
      <ItemName>מילקה טנדר ברייק 156ג</ItemName>
      <ManufactureName>דיפלומט בעמ</ManufactureName>
      <ManufactureCountry />
      <ManufactureItemDescription />
      <UnitQty>י"ח</UnitQty>
      <Quantity>150</Quantity>
      <UnitMeasure>ל  גרם</UnitMeasure>
      <BisWeighted>0</BisWeighted>
      <QtyInPackage>1</QtyInPackage>
      <ItemPrice>11.90</ItemPrice>
      <UnitOfMeasurePrice>7.93</UnitOfMeasurePrice>
      <AllowDiscount>1</AllowDiscount>
      <itemStatus>1</itemStatus>
      <LastUpdateDate />
      <LastUpdateTime />
    </Product>
    <Product>
      <PriceUpdateDate>2018/05/17 10:03</PriceUpdateDate>
      <ItemCode>7622210820310</ItemCode>
      <ItemType>1</ItemType>
      <ItemName>מילקה שוקולדבוטנים קרמל  100ג</ItemName>
      <ManufactureName>דיפלומט בעמ</ManufactureName>
      <ManufactureCountry />
      <ManufactureItemDescription />
      <UnitQty>י"ח</UnitQty>
      <Quantity>100</Quantity>
      <UnitMeasure>ל  גרם</UnitMeasure>
      <BisWeighted>0</BisWeighted>
      <QtyInPackage>1</QtyInPackage>
      <ItemPrice>5.90</ItemPrice>
      <UnitOfMeasurePrice>5.90</UnitOfMeasurePrice>
      <AllowDiscount>1</AllowDiscount>
      <itemStatus>1</itemStatus>
      <LastUpdateDate />
      <LastUpdateTime />
    </Product>
    <Product>
      <PriceUpdateDate>2018/11/20 07:48</PriceUpdateDate>
      <ItemCode>7622210821256</ItemCode>
      <ItemType>1</ItemType>
      <ItemName>מילקה  100 ג</ItemName>
      <ManufactureName>דיפלומט בעמ</ManufactureName>
      <ManufactureCountry />
      <ManufactureItemDescription />
      <UnitQty>י"ח</UnitQty>
      <Quantity>100</Quantity>
      <UnitMeasure>ל  גרם</UnitMeasure>
      <BisWeighted>0</BisWeighted>
      <QtyInPackage>1</QtyInPackage>
      <ItemPrice>5.90</ItemPrice>
      <UnitOfMeasurePrice>5.90</UnitOfMeasurePrice>
      <AllowDiscount>1</AllowDiscount>
      <itemStatus>1</itemStatus>
      <LastUpdateDate />
      <LastUpdateTime />
    </Product>
    <Product>
      <PriceUpdateDate>2016/07/17 11:13</PriceUpdateDate>
      <ItemCode>7622210984678</ItemCode>
      <ItemType>1</ItemType>
      <ItemName>מילקה וואפל במילוי קרם קקאו 150גר</ItemName>
      <ManufactureName>דיפלומט בעמ</ManufactureName>
      <ManufactureCountry />
      <ManufactureItemDescription />
      <UnitQty>י"ח</UnitQty>
      <Quantity>150</Quantity>
      <UnitMeasure>ל  גרם</UnitMeasure>
      <BisWeighted>0</BisWeighted>
      <QtyInPackage>1</QtyInPackage>
      <ItemPrice>15.90</ItemPrice>
      <UnitOfMeasurePrice>10.60</UnitOfMeasurePrice>
      <AllowDiscount>1</AllowDiscount>
      <itemStatus>1</itemStatus>
      <LastUpdateDate />
      <LastUpdateTime />
    </Product>
    <Product>
      <PriceUpdateDate>2018/12/17 10:51</PriceUpdateDate>
      <ItemCode>7622300270469</ItemCode>
      <ItemType>1</ItemType>
      <ItemName>מילקה ביסקוויט 150ג</ItemName>
      <ManufactureName>דיפלומט בעמ</ManufactureName>
      <ManufactureCountry />
      <ManufactureItemDescription />
      <UnitQty>י"ח</UnitQty>
      <Quantity>150</Quantity>
      <UnitMeasure>ל  גרם</UnitMeasure>
      <BisWeighted>0</BisWeighted>
      <QtyInPackage>1</QtyInPackage>
      <ItemPrice>12.90</ItemPrice>
      <UnitOfMeasurePrice>8.60</UnitOfMeasurePrice>
      <AllowDiscount>1</AllowDiscount>
      <itemStatus>1</itemStatus>
      <LastUpdateDate />
      <LastUpdateTime />
    </Product>
    <Product>
      <PriceUpdateDate>2013/11/17 10:39</PriceUpdateDate>
      <ItemCode>7622300270506</ItemCode>
      <ItemType>1</ItemType>
      <ItemName>מילקה גריינס עוגיות</ItemName>
      <ManufactureName>דיפלומט בעמ</ManufactureName>
      <ManufactureCountry />
      <ManufactureItemDescription />
      <UnitQty>י"ח</UnitQty>
      <Quantity>168</Quantity>
      <UnitMeasure>ל  גרם</UnitMeasure>
      <BisWeighted>0</BisWeighted>
      <QtyInPackage>1</QtyInPackage>
      <ItemPrice>14</ItemPrice>
      <UnitOfMeasurePrice>8.33</UnitOfMeasurePrice>
      <AllowDiscount>1</AllowDiscount>
      <itemStatus>1</itemStatus>
      <LastUpdateDate />
      <LastUpdateTime />
    </Product>
    <Product>
      <PriceUpdateDate>2013/11/17 10:39</PriceUpdateDate>
      <ItemCode>7622300356767</ItemCode>
      <ItemType>1</ItemType>
      <ItemName>עוגיות עם גרנולה וחתיכות של שוקולד חלב</ItemName>
      <ManufactureName>דיפלומט בעמ</ManufactureName>
      <ManufactureCountry />
      <ManufactureItemDescription />
      <UnitQty>י"ח</UnitQty>
      <Quantity>250</Quantity>
      <UnitMeasure>ל  גרם</UnitMeasure>
      <BisWeighted>0</BisWeighted>
      <QtyInPackage>1</QtyInPackage>
      <ItemPrice>14</ItemPrice>
      <UnitOfMeasurePrice>5.60</UnitOfMeasurePrice>
      <AllowDiscount>1</AllowDiscount>
      <itemStatus>1</itemStatus>
      <LastUpdateDate />
      <LastUpdateTime />
    </Product>
    <Product>
      <PriceUpdateDate>2019/11/19 08:41</PriceUpdateDate>
      <ItemCode>7622300441715</ItemCode>
      <ItemType>1</ItemType>
      <ItemName>מילקה עוגיות שוקו מיני 150גר</ItemName>
      <ManufactureName>דיפלומט בעמ</ManufactureName>
      <ManufactureCountry />
      <ManufactureItemDescription />
      <UnitQty>י"ח</UnitQty>
      <Quantity>150</Quantity>
      <UnitMeasure>ל  גרם</UnitMeasure>
      <BisWeighted>0</BisWeighted>
      <QtyInPackage>1</QtyInPackage>
      <ItemPrice>12.90</ItemPrice>
      <UnitOfMeasurePrice>8.60</UnitOfMeasurePrice>
      <AllowDiscount>1</AllowDiscount>
      <itemStatus>1</itemStatus>
      <LastUpdateDate />
      <LastUpdateTime />
    </Product>
    <Product>
      <PriceUpdateDate>2015/12/02 09:09</PriceUpdateDate>
      <ItemCode>7622300495046</ItemCode>
      <ItemType>1</ItemType>
      <ItemName>מילקה אקסטרה קקאו  100 ג</ItemName>
      <ManufactureName>דיפלומט בעמ</ManufactureName>
      <ManufactureCountry />
      <ManufactureItemDescription />
      <UnitQty>י"ח</UnitQty>
      <Quantity>100</Quantity>
      <UnitMeasure>ל  גרם</UnitMeasure>
      <BisWeighted>0</BisWeighted>
      <QtyInPackage>1</QtyInPackage>
      <ItemPrice>5.90</ItemPrice>
      <UnitOfMeasurePrice>5.90</UnitOfMeasurePrice>
      <AllowDiscount>1</AllowDiscount>
      <itemStatus>1</itemStatus>
      <LastUpdateDate />
      <LastUpdateTime />
    </Product>
    <Product>
      <PriceUpdateDate>2015/12/02 09:09</PriceUpdateDate>
      <ItemCode>7622300498429</ItemCode>
      <ItemType>1</ItemType>
      <ItemName>שוקולד מילקה קרם תות 100גר</ItemName>
      <ManufactureName>דיפלומט בעמ</ManufactureName>
      <ManufactureCountry />
      <ManufactureItemDescription />
      <UnitQty>י"ח</UnitQty>
      <Quantity>1</Quantity>
      <UnitMeasure />
      <BisWeighted>0</BisWeighted>
      <QtyInPackage>1</QtyInPackage>
      <ItemPrice>5.90</ItemPrice>
      <UnitOfMeasurePrice>5.90</UnitOfMeasurePrice>
      <AllowDiscount>1</AllowDiscount>
      <itemStatus>1</itemStatus>
      <LastUpdateDate />
      <LastUpdateTime />
    </Product>
    <Product>
      <PriceUpdateDate>2013/11/17 10:39</PriceUpdateDate>
      <ItemCode>7622300503079</ItemCode>
      <ItemType>1</ItemType>
      <ItemName>מילקה מוו ביסקויט</ItemName>
      <ManufactureName>דיפלומט בעמ</ManufactureName>
      <ManufactureCountry />
      <ManufactureItemDescription />
      <UnitQty>י"ח</UnitQty>
      <Quantity>200</Quantity>
      <UnitMeasure>ל  גרם</UnitMeasure>
      <BisWeighted>0</BisWeighted>
      <QtyInPackage>1</QtyInPackage>
      <ItemPrice>14</ItemPrice>
      <UnitOfMeasurePrice>7</UnitOfMeasurePrice>
      <AllowDiscount>1</AllowDiscount>
      <itemStatus>1</itemStatus>
      <LastUpdateDate />
      <LastUpdateTime />
    </Product>
    <Product>
      <PriceUpdateDate>2015/12/02 09:09</PriceUpdateDate>
      <ItemCode>7622300617820</ItemCode>
      <ItemType>1</ItemType>
      <ItemName>מילקה אוראו  100 ג</ItemName>
      <ManufactureName>דיפלומט בעמ</ManufactureName>
      <ManufactureCountry />
      <ManufactureItemDescription />
      <UnitQty>י"ח</UnitQty>
      <Quantity>100</Quantity>
      <UnitMeasure>ל  גרם</UnitMeasure>
      <BisWeighted>0</BisWeighted>
      <QtyInPackage>1</QtyInPackage>
      <ItemPrice>5.90</ItemPrice>
      <UnitOfMeasurePrice>5.90</UnitOfMeasurePrice>
      <AllowDiscount>1</AllowDiscount>
      <itemStatus>1</itemStatus>
      <LastUpdateDate />
      <LastUpdateTime />
    </Product>
    <Product>
      <PriceUpdateDate>2015/12/02 09:09</PriceUpdateDate>
      <ItemCode>7622400005190</ItemCode>
      <ItemType>1</ItemType>
      <ItemName>שוקולד מילקה COW 100גר</ItemName>
      <ManufactureName>דיפלומט בעמ</ManufactureName>
      <ManufactureCountry />
      <ManufactureItemDescription />
      <UnitQty>י"ח</UnitQty>
      <Quantity>1</Quantity>
      <UnitMeasure />
      <BisWeighted>0</BisWeighted>
      <QtyInPackage>1</QtyInPackage>
      <ItemPrice>5.90</ItemPrice>
      <UnitOfMeasurePrice>5.90</UnitOfMeasurePrice>
      <AllowDiscount>1</AllowDiscount>
      <itemStatus>1</itemStatus>
      <LastUpdateDate />
      <LastUpdateTime />
    </Product>
    <Product>
      <PriceUpdateDate>2016/05/20 08:44</PriceUpdateDate>
      <ItemCode>7640101090833</ItemCode>
      <ItemType>1</ItemType>
      <ItemName>מוצרלה כדור 125גר נטו</ItemName>
      <ManufactureName>נטו מלינדה סחר בעמ</ManufactureName>
      <ManufactureCountry />
      <ManufactureItemDescription />
      <UnitQty>י"ח</UnitQty>
      <Quantity>125</Quantity>
      <UnitMeasure>ל  גרם</UnitMeasure>
      <BisWeighted>0</BisWeighted>
      <QtyInPackage>1</QtyInPackage>
      <ItemPrice>12</ItemPrice>
      <UnitOfMeasurePrice>9.60</UnitOfMeasurePrice>
      <AllowDiscount>1</AllowDiscount>
      <itemStatus>1</itemStatus>
      <LastUpdateDate />
      <LastUpdateTime />
    </Product>
    <Product>
      <PriceUpdateDate>2020/05/01 07:43</PriceUpdateDate>
      <ItemCode>7640166793991</ItemCode>
      <ItemType>1</ItemType>
      <ItemName>מוצרלה כדור 125גר נטו</ItemName>
      <ManufactureName>נטו מלינדה סחר בעמ</ManufactureName>
      <ManufactureCountry />
      <ManufactureItemDescription />
      <UnitQty>י"ח</UnitQty>
      <Quantity>125</Quantity>
      <UnitMeasure>ל  גרם</UnitMeasure>
      <BisWeighted>0</BisWeighted>
      <QtyInPackage>1</QtyInPackage>
      <ItemPrice>12</ItemPrice>
      <UnitOfMeasurePrice>9.60</UnitOfMeasurePrice>
      <AllowDiscount>1</AllowDiscount>
      <itemStatus>1</itemStatus>
      <LastUpdateDate />
      <LastUpdateTime />
    </Product>
    <Product>
      <PriceUpdateDate>2019/03/17 07:57</PriceUpdateDate>
      <ItemCode>7640166794431</ItemCode>
      <ItemType>1</ItemType>
      <ItemName>מוצרלה פנינים קפוא 150ג נטו</ItemName>
      <ManufactureName>נטו מלינדה סחר בעמ</ManufactureName>
      <ManufactureCountry />
      <ManufactureItemDescription />
      <UnitQty>י"ח</UnitQty>
      <Quantity>150</Quantity>
      <UnitMeasure>ל  גרם</UnitMeasure>
      <BisWeighted>0</BisWeighted>
      <QtyInPackage>1</QtyInPackage>
      <ItemPrice>13.90</ItemPrice>
      <UnitOfMeasurePrice>9.27</UnitOfMeasurePrice>
      <AllowDiscount>1</AllowDiscount>
      <itemStatus>1</itemStatus>
      <LastUpdateDate />
      <LastUpdateTime />
    </Product>
    <Product>
      <PriceUpdateDate>2019/03/17 07:57</PriceUpdateDate>
      <ItemCode>7640166794455</ItemCode>
      <ItemType>1</ItemType>
      <ItemName>מוצרלה מגורדת קפוא 200ג</ItemName>
      <ManufactureName>נטו מלינדה סחר בעמ</ManufactureName>
      <ManufactureCountry />
      <ManufactureItemDescription />
      <UnitQty>י"ח</UnitQty>
      <Quantity>200</Quantity>
      <UnitMeasure>ל  גרם</UnitMeasure>
      <BisWeighted>0</BisWeighted>
      <QtyInPackage>1</QtyInPackage>
      <ItemPrice>16.90</ItemPrice>
      <UnitOfMeasurePrice>8.45</UnitOfMeasurePrice>
      <AllowDiscount>1</AllowDiscount>
      <itemStatus>1</itemStatus>
      <LastUpdateDate />
      <LastUpdateTime />
    </Product>
    <Product>
      <PriceUpdateDate>2017/05/26 12:35</PriceUpdateDate>
      <ItemCode>7702018020324</ItemCode>
      <ItemType>1</ItemType>
      <ItemName>בלו 3   גבר -3סכינים</ItemName>
      <ManufactureName>דיפלומט מפיצים 1968 בעמ</ManufactureName>
      <ManufactureCountry />
      <ManufactureItemDescription />
      <UnitQty>י"ח</UnitQty>
      <Quantity>1</Quantity>
      <UnitMeasure />
      <BisWeighted>0</BisWeighted>
      <QtyInPackage>1</QtyInPackage>
      <ItemPrice>17.90</ItemPrice>
      <UnitOfMeasurePrice>17.90</UnitOfMeasurePrice>
      <AllowDiscount>1</AllowDiscount>
      <itemStatus>1</itemStatus>
      <LastUpdateDate />
      <LastUpdateTime />
    </Product>
    <Product>
      <PriceUpdateDate>2016/06/19 13:42</PriceUpdateDate>
      <ItemCode>7702018069316</ItemCode>
      <ItemType>1</ItemType>
      <ItemName>סימפלי ונוס מארז  2+4</ItemName>
      <ManufactureName>דיפלומט מפיצים 1968 בעמ</ManufactureName>
      <ManufactureCountry />
      <ManufactureItemDescription />
      <UnitQty>י"ח</UnitQty>
      <Quantity>1</Quantity>
      <UnitMeasure />
      <BisWeighted>0</BisWeighted>
      <QtyInPackage>1</QtyInPackage>
      <ItemPrice>16.90</ItemPrice>
      <UnitOfMeasurePrice>16.90</UnitOfMeasurePrice>
      <AllowDiscount>1</AllowDiscount>
      <itemStatus>1</itemStatus>
      <LastUpdateDate />
      <LastUpdateTime />
    </Product>
    <Product>
      <PriceUpdateDate>2016/07/05 10:33</PriceUpdateDate>
      <ItemCode>7702018400935</ItemCode>
      <ItemType>1</ItemType>
      <ItemName>מכשיר גילוח ונוס סווירל</ItemName>
      <ManufactureName>דיפלומט מפיצים 1968 בעמ</ManufactureName>
      <ManufactureCountry />
      <ManufactureItemDescription />
      <UnitQty>י"ח</UnitQty>
      <Quantity>1</Quantity>
      <UnitMeasure />
      <BisWeighted>0</BisWeighted>
      <QtyInPackage>1</QtyInPackage>
      <ItemPrice>49.90</ItemPrice>
      <UnitOfMeasurePrice>49.90</UnitOfMeasurePrice>
      <AllowDiscount>1</AllowDiscount>
      <itemStatus>1</itemStatus>
      <LastUpdateDate />
      <LastUpdateTime />
    </Product>
    <Product>
      <PriceUpdateDate>2018/12/30 09:44</PriceUpdateDate>
      <ItemCode>7702018441075</ItemCode>
      <ItemType>1</ItemType>
      <ItemName>סכיני פיוזן ידני מארז 12 יח</ItemName>
      <ManufactureName>דיפלומט מפיצים 1968 בעמ</ManufactureName>
      <ManufactureCountry />
      <ManufactureItemDescription />
      <UnitQty>י"ח</UnitQty>
      <Quantity>1</Quantity>
      <UnitMeasure />
      <BisWeighted>0</BisWeighted>
      <QtyInPackage>1</QtyInPackage>
      <ItemPrice>139.90</ItemPrice>
      <UnitOfMeasurePrice>139.90</UnitOfMeasurePrice>
      <AllowDiscount>1</AllowDiscount>
      <itemStatus>1</itemStatus>
      <LastUpdateDate />
      <LastUpdateTime />
    </Product>
    <Product>
      <PriceUpdateDate>2019/05/22 09:48</PriceUpdateDate>
      <ItemCode>7702018468447</ItemCode>
      <ItemType>1</ItemType>
      <ItemName>גילט עשיריה 2 פלוס חד פעמי</ItemName>
      <ManufactureName>דיפלומט מפיצים 1968 בעמ</ManufactureName>
      <ManufactureCountry />
      <ManufactureItemDescription />
      <UnitQty>י"ח</UnitQty>
      <Quantity>1</Quantity>
      <UnitMeasure>י"ח</UnitMeasure>
      <BisWeighted>0</BisWeighted>
      <QtyInPackage>1</QtyInPackage>
      <ItemPrice>29.90</ItemPrice>
      <UnitOfMeasurePrice>29.90</UnitOfMeasurePrice>
      <AllowDiscount>1</AllowDiscount>
      <itemStatus>1</itemStatus>
      <LastUpdateDate />
      <LastUpdateTime />
    </Product>
    <Product>
      <PriceUpdateDate>2018/12/02 10:26</PriceUpdateDate>
      <ItemCode>7702018469383</ItemCode>
      <ItemType>1</ItemType>
      <ItemName>סכיני גילט פיוזן ידני 12 יח</ItemName>
      <ManufactureName>דיפלומט מפיצים 1968 בעמ</ManufactureName>
      <ManufactureCountry />
      <ManufactureItemDescription />
      <UnitQty>י"ח</UnitQty>
      <Quantity>1</Quantity>
      <UnitMeasure />
      <BisWeighted>0</BisWeighted>
      <QtyInPackage>1</QtyInPackage>
      <ItemPrice>139.90</ItemPrice>
      <UnitOfMeasurePrice>139.90</UnitOfMeasurePrice>
      <AllowDiscount>1</AllowDiscount>
      <itemStatus>1</itemStatus>
      <LastUpdateDate />
      <LastUpdateTime />
    </Product>
    <Product>
      <PriceUpdateDate>2019/06/11 08:56</PriceUpdateDate>
      <ItemCode>7702018487394</ItemCode>
      <ItemType>1</ItemType>
      <ItemName>גילט מכשיר סקינגארד ידני</ItemName>
      <ManufactureName>דיפלומט מפיצים 1968 בעמ</ManufactureName>
      <ManufactureCountry />
      <ManufactureItemDescription />
      <UnitQty>י"ח</UnitQty>
      <Quantity>6</Quantity>
      <UnitMeasure>י"ח</UnitMeasure>
      <BisWeighted>0</BisWeighted>
      <QtyInPackage>1</QtyInPackage>
      <ItemPrice>64.90</ItemPrice>
      <UnitOfMeasurePrice>10.82</UnitOfMeasurePrice>
      <AllowDiscount>1</AllowDiscount>
      <itemStatus>1</itemStatus>
      <LastUpdateDate />
      <LastUpdateTime />
    </Product>
    <Product>
      <PriceUpdateDate>2019/06/11 08:56</PriceUpdateDate>
      <ItemCode>7702018495818</ItemCode>
      <ItemType>1</ItemType>
      <ItemName>גילט שמיניית סכיני סקינגארד ידני</ItemName>
      <ManufactureName>דיפלומט מפיצים 1968 בעמ</ManufactureName>
      <ManufactureCountry />
      <ManufactureItemDescription />
      <UnitQty>י"ח</UnitQty>
      <Quantity>6</Quantity>
      <UnitMeasure>י"ח</UnitMeasure>
      <BisWeighted>0</BisWeighted>
      <QtyInPackage>1</QtyInPackage>
      <ItemPrice>162.90</ItemPrice>
      <UnitOfMeasurePrice>27.15</UnitOfMeasurePrice>
      <AllowDiscount>1</AllowDiscount>
      <itemStatus>1</itemStatus>
      <LastUpdateDate />
      <LastUpdateTime />
    </Product>
    <Product>
      <PriceUpdateDate>2020/01/28 14:19</PriceUpdateDate>
      <ItemCode>7702018529582</ItemCode>
      <ItemType>1</ItemType>
      <ItemName>גילט מארז סקינגטרד מכשיר+7סכינים</ItemName>
      <ManufactureName>דיפלומט מפיצים 1968 בעמ</ManufactureName>
      <ManufactureCountry />
      <ManufactureItemDescription />
      <UnitQty>י"ח</UnitQty>
      <Quantity>6</Quantity>
      <UnitMeasure>י"ח</UnitMeasure>
      <BisWeighted>0</BisWeighted>
      <QtyInPackage>1</QtyInPackage>
      <ItemPrice>149.90</ItemPrice>
      <UnitOfMeasurePrice>24.98</UnitOfMeasurePrice>
      <AllowDiscount>1</AllowDiscount>
      <itemStatus>1</itemStatus>
      <LastUpdateDate />
      <LastUpdateTime />
    </Product>
    <Product>
      <PriceUpdateDate>2017/12/25 08:54</PriceUpdateDate>
      <ItemCode>7702018872749</ItemCode>
      <ItemType>1</ItemType>
      <ItemName>ג ל לעור רגיש פיוזן</ItemName>
      <ManufactureName>דיפלומט מפיצים 1968 בעמ</ManufactureName>
      <ManufactureCountry />
      <ManufactureItemDescription />
      <UnitQty>י"ח</UnitQty>
      <Quantity>200</Quantity>
      <UnitMeasure>ל  מ"ל</UnitMeasure>
      <BisWeighted>0</BisWeighted>
      <QtyInPackage>1</QtyInPackage>
      <ItemPrice>26.90</ItemPrice>
      <UnitOfMeasurePrice>13.45</UnitOfMeasurePrice>
      <AllowDiscount>1</AllowDiscount>
      <itemStatus>1</itemStatus>
      <LastUpdateDate />
      <LastUpdateTime />
    </Product>
    <Product>
      <PriceUpdateDate>2019/01/06 12:28</PriceUpdateDate>
      <ItemCode>7702018955527</ItemCode>
      <ItemType>1</ItemType>
      <ItemName>סכיני גילוח ונוס אמברייס</ItemName>
      <ManufactureName>דיפלומט מפיצים 1968 בעמ</ManufactureName>
      <ManufactureCountry />
      <ManufactureItemDescription />
      <UnitQty>י"ח</UnitQty>
      <Quantity>1</Quantity>
      <UnitMeasure />
      <BisWeighted>0</BisWeighted>
      <QtyInPackage>1</QtyInPackage>
      <ItemPrice>59.90</ItemPrice>
      <UnitOfMeasurePrice>59.90</UnitOfMeasurePrice>
      <AllowDiscount>1</AllowDiscount>
      <itemStatus>1</itemStatus>
      <LastUpdateDate />
      <LastUpdateTime />
    </Product>
    <Product>
      <PriceUpdateDate>2019/04/03 09:42</PriceUpdateDate>
      <ItemCode>7792860009257</ItemCode>
      <ItemType>1</ItemType>
      <ItemName>בייבי דול לקקן 450ג</ItemName>
      <ManufactureName>מ.סידס ובנו בעמ</ManufactureName>
      <ManufactureCountry />
      <ManufactureItemDescription />
      <UnitQty>י"ח</UnitQty>
      <Quantity>450</Quantity>
      <UnitMeasure>ל  גרם</UnitMeasure>
      <BisWeighted>0</BisWeighted>
      <QtyInPackage>1</QtyInPackage>
      <ItemPrice>13.90</ItemPrice>
      <UnitOfMeasurePrice>3.09</UnitOfMeasurePrice>
      <AllowDiscount>1</AllowDiscount>
      <itemStatus>1</itemStatus>
      <LastUpdateDate />
      <LastUpdateTime />
    </Product>
    <Product>
      <PriceUpdateDate>2016/03/08 09:18</PriceUpdateDate>
      <ItemCode>7891024124826</ItemCode>
      <ItemType>1</ItemType>
      <ItemName>קולגייט  אופטיק וייט 75מ"ל</ItemName>
      <ManufactureName>ש.שסטוביץ בעמ</ManufactureName>
      <ManufactureCountry />
      <ManufactureItemDescription />
      <UnitQty>י"ח</UnitQty>
      <Quantity>75</Quantity>
      <UnitMeasure>ל  מ"ל</UnitMeasure>
      <BisWeighted>0</BisWeighted>
      <QtyInPackage>1</QtyInPackage>
      <ItemPrice>19.90</ItemPrice>
      <UnitOfMeasurePrice>26.53</UnitOfMeasurePrice>
      <AllowDiscount>1</AllowDiscount>
      <itemStatus>1</itemStatus>
      <LastUpdateDate />
      <LastUpdateTime />
    </Product>
    <Product>
      <PriceUpdateDate>2020/01/14 09:59</PriceUpdateDate>
      <ItemCode>7891024130063</ItemCode>
      <ItemType>1</ItemType>
      <ItemName>קולגייט פלאקס ללא אלכהול 500מ"ל</ItemName>
      <ManufactureName>ש.שסטוביץ בעמ</ManufactureName>
      <ManufactureCountry />
      <ManufactureItemDescription />
      <UnitQty>י"ח</UnitQty>
      <Quantity>500</Quantity>
      <UnitMeasure>ל  מ"ל</UnitMeasure>
      <BisWeighted>0</BisWeighted>
      <QtyInPackage>1</QtyInPackage>
      <ItemPrice>29.90</ItemPrice>
      <UnitOfMeasurePrice>5.98</UnitOfMeasurePrice>
      <AllowDiscount>1</AllowDiscount>
      <itemStatus>1</itemStatus>
      <LastUpdateDate />
      <LastUpdateTime />
    </Product>
    <Product>
      <PriceUpdateDate>2020/01/14 09:59</PriceUpdateDate>
      <ItemCode>7891024136805</ItemCode>
      <ItemType>1</ItemType>
      <ItemName>קולגייט  מי פה פלאקס תה 500מ"ל</ItemName>
      <ManufactureName>ש.שסטוביץ בעמ</ManufactureName>
      <ManufactureCountry />
      <ManufactureItemDescription />
      <UnitQty>י"ח</UnitQty>
      <Quantity>500</Quantity>
      <UnitMeasure>ל  מ"ל</UnitMeasure>
      <BisWeighted>0</BisWeighted>
      <QtyInPackage>1</QtyInPackage>
      <ItemPrice>29.90</ItemPrice>
      <UnitOfMeasurePrice>5.98</UnitOfMeasurePrice>
      <AllowDiscount>1</AllowDiscount>
      <itemStatus>1</itemStatus>
      <LastUpdateDate />
      <LastUpdateTime />
    </Product>
    <Product>
      <PriceUpdateDate>2020/01/14 09:59</PriceUpdateDate>
      <ItemCode>7891024179482</ItemCode>
      <ItemType>1</ItemType>
      <ItemName>קולגייט שטיפת פה 500מ"ל</ItemName>
      <ManufactureName>ש.שסטוביץ בעמ</ManufactureName>
      <ManufactureCountry />
      <ManufactureItemDescription />
      <UnitQty>י"ח</UnitQty>
      <Quantity>500</Quantity>
      <UnitMeasure>ל  מ"ל</UnitMeasure>
      <BisWeighted>0</BisWeighted>
      <QtyInPackage>1</QtyInPackage>
      <ItemPrice>29.90</ItemPrice>
      <UnitOfMeasurePrice>5.98</UnitOfMeasurePrice>
      <AllowDiscount>1</AllowDiscount>
      <itemStatus>1</itemStatus>
      <LastUpdateDate />
      <LastUpdateTime />
    </Product>
    <Product>
      <PriceUpdateDate>2018/10/15 08:21</PriceUpdateDate>
      <ItemCode>7896089088342</ItemCode>
      <ItemType>1</ItemType>
      <ItemName>קפסולות אספרסו L OR SATINATO</ItemName>
      <ManufactureName>דיפלומט בעמ</ManufactureName>
      <ManufactureCountry />
      <ManufactureItemDescription />
      <UnitQty>י"ח</UnitQty>
      <Quantity>52</Quantity>
      <UnitMeasure>ל  גרם</UnitMeasure>
      <BisWeighted>0</BisWeighted>
      <QtyInPackage>1</QtyInPackage>
      <ItemPrice>19.90</ItemPrice>
      <UnitOfMeasurePrice>38.27</UnitOfMeasurePrice>
      <AllowDiscount>1</AllowDiscount>
      <itemStatus>1</itemStatus>
      <LastUpdateDate />
      <LastUpdateTime />
    </Product>
    <Product>
      <PriceUpdateDate>2017/05/09 10:50</PriceUpdateDate>
      <ItemCode>8000300367836</ItemCode>
      <ItemType>1</ItemType>
      <ItemName>גלידה  קראנץ`פופס</ItemName>
      <ManufactureName>נגה גלידות</ManufactureName>
      <ManufactureCountry />
      <ManufactureItemDescription />
      <UnitQty>י"ח</UnitQty>
      <Quantity>65</Quantity>
      <UnitMeasure>ל  גרם</UnitMeasure>
      <BisWeighted>0</BisWeighted>
      <QtyInPackage>1</QtyInPackage>
      <ItemPrice>9.90</ItemPrice>
      <UnitOfMeasurePrice>15.23</UnitOfMeasurePrice>
      <AllowDiscount>1</AllowDiscount>
      <itemStatus>1</itemStatus>
      <LastUpdateDate />
      <LastUpdateTime />
    </Product>
    <Product>
      <PriceUpdateDate>2018/01/03 12:17</PriceUpdateDate>
      <ItemCode>8000380003754</ItemCode>
      <ItemType>1</ItemType>
      <ItemName>גרנד פטיסרי קפוצ ינו 100</ItemName>
      <ManufactureName>ליימן שליסל</ManufactureName>
      <ManufactureCountry />
      <ManufactureItemDescription />
      <UnitQty>י"ח</UnitQty>
      <Quantity>100</Quantity>
      <UnitMeasure>ל  גרם</UnitMeasure>
      <BisWeighted>0</BisWeighted>
      <QtyInPackage>1</QtyInPackage>
      <ItemPrice>12.90</ItemPrice>
      <UnitOfMeasurePrice>12.90</UnitOfMeasurePrice>
      <AllowDiscount>1</AllowDiscount>
      <itemStatus>1</itemStatus>
      <LastUpdateDate />
      <LastUpdateTime />
    </Product>
    <Product>
      <PriceUpdateDate>2013/12/04 14:47</PriceUpdateDate>
      <ItemCode>8000380003761</ItemCode>
      <ItemType>1</ItemType>
      <ItemName>גרנד פטיסרי קוקוס 100</ItemName>
      <ManufactureName>ליימן שליסל</ManufactureName>
      <ManufactureCountry />
      <ManufactureItemDescription />
      <UnitQty>י"ח</UnitQty>
      <Quantity>100</Quantity>
      <UnitMeasure>ל  גרם</UnitMeasure>
      <BisWeighted>0</BisWeighted>
      <QtyInPackage>1</QtyInPackage>
      <ItemPrice>13.90</ItemPrice>
      <UnitOfMeasurePrice>13.90</UnitOfMeasurePrice>
      <AllowDiscount>1</AllowDiscount>
      <itemStatus>1</itemStatus>
      <LastUpdateDate />
      <LastUpdateTime />
    </Product>
    <Product>
      <PriceUpdateDate>2013/12/05 10:05</PriceUpdateDate>
      <ItemCode>8000380004669</ItemCode>
      <ItemType>1</ItemType>
      <ItemName>וופל 200 גר`קקאו</ItemName>
      <ManufactureName>ליימן שליסל</ManufactureName>
      <ManufactureCountry />
      <ManufactureItemDescription />
      <UnitQty>י"ח</UnitQty>
      <Quantity>200</Quantity>
      <UnitMeasure>ל  גרם</UnitMeasure>
      <BisWeighted>0</BisWeighted>
      <QtyInPackage>1</QtyInPackage>
      <ItemPrice>12.90</ItemPrice>
      <UnitOfMeasurePrice>6.45</UnitOfMeasurePrice>
      <AllowDiscount>1</AllowDiscount>
      <itemStatus>1</itemStatus>
      <LastUpdateDate />
      <LastUpdateTime />
    </Product>
    <Product>
      <PriceUpdateDate>2013/12/04 14:47</PriceUpdateDate>
      <ItemCode>8000380004676</ItemCode>
      <ItemType>1</ItemType>
      <ItemName>וופל לואקר  וניל סנדוויץ 200 ג`</ItemName>
      <ManufactureName>ליימן שליסל</ManufactureName>
      <ManufactureCountry />
      <ManufactureItemDescription />
      <UnitQty>י"ח</UnitQty>
      <Quantity>200</Quantity>
      <UnitMeasure>ל  גרם</UnitMeasure>
      <BisWeighted>0</BisWeighted>
      <QtyInPackage>1</QtyInPackage>
      <ItemPrice>12.90</ItemPrice>
      <UnitOfMeasurePrice>6.45</UnitOfMeasurePrice>
      <AllowDiscount>1</AllowDiscount>
      <itemStatus>1</itemStatus>
      <LastUpdateDate />
      <LastUpdateTime />
    </Product>
    <Product>
      <PriceUpdateDate>2020/05/03 15:08</PriceUpdateDate>
      <ItemCode>8000380004928</ItemCode>
      <ItemType>1</ItemType>
      <ItemName>לואקר קוארדטיני קוקוס  250גר`</ItemName>
      <ManufactureName>ליימן שליסל</ManufactureName>
      <ManufactureCountry />
      <ManufactureItemDescription />
      <UnitQty>י"ח</UnitQty>
      <Quantity>250</Quantity>
      <UnitMeasure>ל  גרם</UnitMeasure>
      <BisWeighted>0</BisWeighted>
      <QtyInPackage>1</QtyInPackage>
      <ItemPrice>14.90</ItemPrice>
      <UnitOfMeasurePrice>5.96</UnitOfMeasurePrice>
      <AllowDiscount>0</AllowDiscount>
      <itemStatus>1</itemStatus>
      <LastUpdateDate />
      <LastUpdateTime />
    </Product>
    <Product>
      <PriceUpdateDate>2014/01/09 14:25</PriceUpdateDate>
      <ItemCode>8000380148035</ItemCode>
      <ItemType>1</ItemType>
      <ItemName>גרנד פטיסרי טעם מריר אגוזים</ItemName>
      <ManufactureName>ליימן שליסל</ManufactureName>
      <ManufactureCountry />
      <ManufactureItemDescription />
      <UnitQty>י"ח</UnitQty>
      <Quantity>100</Quantity>
      <UnitMeasure>ל  גרם</UnitMeasure>
      <BisWeighted>0</BisWeighted>
      <QtyInPackage>1</QtyInPackage>
      <ItemPrice>13.90</ItemPrice>
      <UnitOfMeasurePrice>13.90</UnitOfMeasurePrice>
      <AllowDiscount>1</AllowDiscount>
      <itemStatus>1</itemStatus>
      <LastUpdateDate />
      <LastUpdateTime />
    </Product>
    <Product>
      <PriceUpdateDate>2020/05/03 15:08</PriceUpdateDate>
      <ItemCode>8000380180745</ItemCode>
      <ItemType>1</ItemType>
      <ItemName>לואקר קוארדטיני שוקו חלב  250גר`.</ItemName>
      <ManufactureName>ליימן שליסל</ManufactureName>
      <ManufactureCountry />
      <ManufactureItemDescription />
      <UnitQty>י"ח</UnitQty>
      <Quantity>250</Quantity>
      <UnitMeasure>ל  גרם</UnitMeasure>
      <BisWeighted>0</BisWeighted>
      <QtyInPackage>1</QtyInPackage>
      <ItemPrice>14.90</ItemPrice>
      <UnitOfMeasurePrice>5.96</UnitOfMeasurePrice>
      <AllowDiscount>0</AllowDiscount>
      <itemStatus>1</itemStatus>
      <LastUpdateDate />
      <LastUpdateTime />
    </Product>
    <Product>
      <PriceUpdateDate>2016/09/07 15:32</PriceUpdateDate>
      <ItemCode>8000380180837</ItemCode>
      <ItemType>1</ItemType>
      <ItemName>גראנד פטי סרי קרם קוקוס בשוקולד לבן</ItemName>
      <ManufactureName>ליימן שליסל</ManufactureName>
      <ManufactureCountry />
      <ManufactureItemDescription />
      <UnitQty>י"ח</UnitQty>
      <Quantity>100</Quantity>
      <UnitMeasure>ל  גרם</UnitMeasure>
      <BisWeighted>0</BisWeighted>
      <QtyInPackage>1</QtyInPackage>
      <ItemPrice>12.90</ItemPrice>
      <UnitOfMeasurePrice>12.90</UnitOfMeasurePrice>
      <AllowDiscount>1</AllowDiscount>
      <itemStatus>1</itemStatus>
      <LastUpdateDate />
      <LastUpdateTime />
    </Product>
    <Product>
      <PriceUpdateDate>2020/05/03 15:08</PriceUpdateDate>
      <ItemCode>8000380192588</ItemCode>
      <ItemType>1</ItemType>
      <ItemName>לואקר קוארדטיני דאבל שוקולד  250גר`.</ItemName>
      <ManufactureName>ליימן שליסל</ManufactureName>
      <ManufactureCountry />
      <ManufactureItemDescription />
      <UnitQty>י"ח</UnitQty>
      <Quantity>250</Quantity>
      <UnitMeasure>ל  גרם</UnitMeasure>
      <BisWeighted>0</BisWeighted>
      <QtyInPackage>1</QtyInPackage>
      <ItemPrice>14.90</ItemPrice>
      <UnitOfMeasurePrice>5.96</UnitOfMeasurePrice>
      <AllowDiscount>0</AllowDiscount>
      <itemStatus>1</itemStatus>
      <LastUpdateDate />
      <LastUpdateTime />
    </Product>
    <Product>
      <PriceUpdateDate>2017/12/20 11:03</PriceUpdateDate>
      <ItemCode>8001060033160</ItemCode>
      <ItemType>1</ItemType>
      <ItemName>רוטב פסטו עגבניות מיובשות פרווה 190ג</ItemName>
      <ManufactureName>דיפלומט בעמ</ManufactureName>
      <ManufactureCountry />
      <ManufactureItemDescription />
      <UnitQty>י"ח</UnitQty>
      <Quantity>190</Quantity>
      <UnitMeasure>ל  גרם</UnitMeasure>
      <BisWeighted>0</BisWeighted>
      <QtyInPackage>1</QtyInPackage>
      <ItemPrice>13.90</ItemPrice>
      <UnitOfMeasurePrice>7.32</UnitOfMeasurePrice>
      <AllowDiscount>1</AllowDiscount>
      <itemStatus>1</itemStatus>
      <LastUpdateDate />
      <LastUpdateTime />
    </Product>
    <Product>
      <PriceUpdateDate>2017/12/20 11:03</PriceUpdateDate>
      <ItemCode>8001060033177</ItemCode>
      <ItemType>1</ItemType>
      <ItemName>רוטב פסטו בזיליקום פרווה 190ג</ItemName>
      <ManufactureName>דיפלומט בעמ</ManufactureName>
      <ManufactureCountry />
      <ManufactureItemDescription />
      <UnitQty>י"ח</UnitQty>
      <Quantity>190</Quantity>
      <UnitMeasure>ל  גרם</UnitMeasure>
      <BisWeighted>0</BisWeighted>
      <QtyInPackage>1</QtyInPackage>
      <ItemPrice>13.90</ItemPrice>
      <UnitOfMeasurePrice>7.32</UnitOfMeasurePrice>
      <AllowDiscount>1</AllowDiscount>
      <itemStatus>1</itemStatus>
      <LastUpdateDate />
      <LastUpdateTime />
    </Product>
    <Product>
      <PriceUpdateDate>2017/12/20 11:03</PriceUpdateDate>
      <ItemCode>8001060033184</ItemCode>
      <ItemType>1</ItemType>
      <ItemName>רוטב פסטו צ`ילי פרווה 190ג</ItemName>
      <ManufactureName>דיפלומט בעמ</ManufactureName>
      <ManufactureCountry />
      <ManufactureItemDescription />
      <UnitQty>י"ח</UnitQty>
      <Quantity>190</Quantity>
      <UnitMeasure>ל  גרם</UnitMeasure>
      <BisWeighted>0</BisWeighted>
      <QtyInPackage>1</QtyInPackage>
      <ItemPrice>13.90</ItemPrice>
      <UnitOfMeasurePrice>7.32</UnitOfMeasurePrice>
      <AllowDiscount>1</AllowDiscount>
      <itemStatus>1</itemStatus>
      <LastUpdateDate />
      <LastUpdateTime />
    </Product>
    <Product>
      <PriceUpdateDate>2017/12/20 11:03</PriceUpdateDate>
      <ItemCode>8001060033191</ItemCode>
      <ItemType>1</ItemType>
      <ItemName>רוטב פסטו בזיליקום קלאסי עם גבינה 190גר</ItemName>
      <ManufactureName>דיפלומט בעמ</ManufactureName>
      <ManufactureCountry />
      <ManufactureItemDescription />
      <UnitQty>י"ח</UnitQty>
      <Quantity>190</Quantity>
      <UnitMeasure>ל  גרם</UnitMeasure>
      <BisWeighted>0</BisWeighted>
      <QtyInPackage>1</QtyInPackage>
      <ItemPrice>13.90</ItemPrice>
      <UnitOfMeasurePrice>7.32</UnitOfMeasurePrice>
      <AllowDiscount>1</AllowDiscount>
      <itemStatus>1</itemStatus>
      <LastUpdateDate />
      <LastUpdateTime />
    </Product>
    <Product>
      <PriceUpdateDate>2017/12/20 11:03</PriceUpdateDate>
      <ItemCode>8001060033207</ItemCode>
      <ItemType>1</ItemType>
      <ItemName>רוטב פסטו עגבניות מיובשות עם גבינה 190ג</ItemName>
      <ManufactureName>דיפלומט בעמ</ManufactureName>
      <ManufactureCountry />
      <ManufactureItemDescription />
      <UnitQty>י"ח</UnitQty>
      <Quantity>190</Quantity>
      <UnitMeasure>ל  גרם</UnitMeasure>
      <BisWeighted>0</BisWeighted>
      <QtyInPackage>1</QtyInPackage>
      <ItemPrice>13.90</ItemPrice>
      <UnitOfMeasurePrice>7.32</UnitOfMeasurePrice>
      <AllowDiscount>1</AllowDiscount>
      <itemStatus>1</itemStatus>
      <LastUpdateDate />
      <LastUpdateTime />
    </Product>
    <Product>
      <PriceUpdateDate>2019/09/17 08:23</PriceUpdateDate>
      <ItemCode>8001060035614</ItemCode>
      <ItemType>1</ItemType>
      <ItemName>רוטב פסטו ארטישוק פרווה 190ג</ItemName>
      <ManufactureName>דיפלומט בעמ</ManufactureName>
      <ManufactureCountry />
      <ManufactureItemDescription />
      <UnitQty>י"ח</UnitQty>
      <Quantity>190</Quantity>
      <UnitMeasure>ל  גרם</UnitMeasure>
      <BisWeighted>0</BisWeighted>
      <QtyInPackage>1</QtyInPackage>
      <ItemPrice>13.90</ItemPrice>
      <UnitOfMeasurePrice>7.32</UnitOfMeasurePrice>
      <AllowDiscount>1</AllowDiscount>
      <itemStatus>1</itemStatus>
      <LastUpdateDate />
      <LastUpdateTime />
    </Product>
    <Product>
      <PriceUpdateDate>2019/09/17 08:23</PriceUpdateDate>
      <ItemCode>8001060035621</ItemCode>
      <ItemType>1</ItemType>
      <ItemName>רוטב פסטו ארטישוק חלבי 190ג</ItemName>
      <ManufactureName>דיפלומט בעמ</ManufactureName>
      <ManufactureCountry />
      <ManufactureItemDescription />
      <UnitQty>י"ח</UnitQty>
      <Quantity>190</Quantity>
      <UnitMeasure>ל  גרם</UnitMeasure>
      <BisWeighted>0</BisWeighted>
      <QtyInPackage>1</QtyInPackage>
      <ItemPrice>13.90</ItemPrice>
      <UnitOfMeasurePrice>7.32</UnitOfMeasurePrice>
      <AllowDiscount>1</AllowDiscount>
      <itemStatus>1</itemStatus>
      <LastUpdateDate />
      <LastUpdateTime />
    </Product>
    <Product>
      <PriceUpdateDate>2017/01/29 13:03</PriceUpdateDate>
      <ItemCode>8001090015969</ItemCode>
      <ItemType>1</ItemType>
      <ItemName>פיירי טבלאות למדיח 63יח פלטינום</ItemName>
      <ManufactureName>דיפלומט מפיצים 1968 בעמ</ManufactureName>
      <ManufactureCountry />
      <ManufactureItemDescription />
      <UnitQty>י"ח</UnitQty>
      <Quantity>63</Quantity>
      <UnitMeasure>י"ח</UnitMeasure>
      <BisWeighted>0</BisWeighted>
      <QtyInPackage>1</QtyInPackage>
      <ItemPrice>69.90</ItemPrice>
      <UnitOfMeasurePrice>1.11</UnitOfMeasurePrice>
      <AllowDiscount>1</AllowDiscount>
      <itemStatus>1</itemStatus>
      <LastUpdateDate />
      <LastUpdateTime />
    </Product>
    <Product>
      <PriceUpdateDate>2017/01/29 13:03</PriceUpdateDate>
      <ItemCode>8001090016003</ItemCode>
      <ItemType>1</ItemType>
      <ItemName>פיירי טבלאות למדיח 84יח</ItemName>
      <ManufactureName>דיפלומט מפיצים 1968 בעמ</ManufactureName>
      <ManufactureCountry />
      <ManufactureItemDescription />
      <UnitQty>י"ח</UnitQty>
      <Quantity>84</Quantity>
      <UnitMeasure>י"ח</UnitMeasure>
      <BisWeighted>0</BisWeighted>
      <QtyInPackage>1</QtyInPackage>
      <ItemPrice>69.90</ItemPrice>
      <UnitOfMeasurePrice>0.83</UnitOfMeasurePrice>
      <AllowDiscount>1</AllowDiscount>
      <itemStatus>1</itemStatus>
      <LastUpdateDate />
      <LastUpdateTime />
    </Product>
    <Product>
      <PriceUpdateDate>2018/05/24 14:20</PriceUpdateDate>
      <ItemCode>8001090026934</ItemCode>
      <ItemType>1</ItemType>
      <ItemName>לנור כדוריות הריח רענן  180ג</ItemName>
      <ManufactureName>דיפלומט מפיצים 1968 בעמ</ManufactureName>
      <ManufactureCountry />
      <ManufactureItemDescription />
      <UnitQty>י"ח</UnitQty>
      <Quantity>180</Quantity>
      <UnitMeasure>ל  מ"ל</UnitMeasure>
      <BisWeighted>0</BisWeighted>
      <QtyInPackage>1</QtyInPackage>
      <ItemPrice>22.90</ItemPrice>
      <UnitOfMeasurePrice>12.72</UnitOfMeasurePrice>
      <AllowDiscount>1</AllowDiscount>
      <itemStatus>1</itemStatus>
      <LastUpdateDate />
      <LastUpdateTime />
    </Product>
    <Product>
      <PriceUpdateDate>2018/05/24 14:20</PriceUpdateDate>
      <ItemCode>8001090026958</ItemCode>
      <ItemType>1</ItemType>
      <ItemName>לנור כדוריות הריח יוקרתי  180ג</ItemName>
      <ManufactureName>דיפלומט מפיצים 1968 בעמ</ManufactureName>
      <ManufactureCountry />
      <ManufactureItemDescription />
      <UnitQty>י"ח</UnitQty>
      <Quantity>180</Quantity>
      <UnitMeasure>ל  מ"ל</UnitMeasure>
      <BisWeighted>0</BisWeighted>
      <QtyInPackage>1</QtyInPackage>
      <ItemPrice>22.90</ItemPrice>
      <UnitOfMeasurePrice>12.72</UnitOfMeasurePrice>
      <AllowDiscount>1</AllowDiscount>
      <itemStatus>1</itemStatus>
      <LastUpdateDate />
      <LastUpdateTime />
    </Product>
    <Product>
      <PriceUpdateDate>2018/05/24 14:20</PriceUpdateDate>
      <ItemCode>8001090026972</ItemCode>
      <ItemType>1</ItemType>
      <ItemName>לנור כדוריות הריח רומנטי  180ג</ItemName>
      <ManufactureName>דיפלומט מפיצים 1968 בעמ</ManufactureName>
      <ManufactureCountry />
      <ManufactureItemDescription />
      <UnitQty>י"ח</UnitQty>
      <Quantity>180</Quantity>
      <UnitMeasure>ל  מ"ל</UnitMeasure>
      <BisWeighted>0</BisWeighted>
      <QtyInPackage>1</QtyInPackage>
      <ItemPrice>22.90</ItemPrice>
      <UnitOfMeasurePrice>12.72</UnitOfMeasurePrice>
      <AllowDiscount>1</AllowDiscount>
      <itemStatus>1</itemStatus>
      <LastUpdateDate />
      <LastUpdateTime />
    </Product>
    <Product>
      <PriceUpdateDate>2019/09/03 08:30</PriceUpdateDate>
      <ItemCode>8001090027054</ItemCode>
      <ItemType>1</ItemType>
      <ItemName>לנור כדוריות הריח יוקרתי  180ג</ItemName>
      <ManufactureName>דיפלומט מפיצים 1968 בעמ</ManufactureName>
      <ManufactureCountry />
      <ManufactureItemDescription />
      <UnitQty>י"ח</UnitQty>
      <Quantity>180</Quantity>
      <UnitMeasure>ל  מ"ל</UnitMeasure>
      <BisWeighted>0</BisWeighted>
      <QtyInPackage>1</QtyInPackage>
      <ItemPrice>22.90</ItemPrice>
      <UnitOfMeasurePrice>12.72</UnitOfMeasurePrice>
      <AllowDiscount>1</AllowDiscount>
      <itemStatus>1</itemStatus>
      <LastUpdateDate />
      <LastUpdateTime />
    </Product>
    <Product>
      <PriceUpdateDate>2018/10/23 12:36</PriceUpdateDate>
      <ItemCode>8001090111685</ItemCode>
      <ItemType>1</ItemType>
      <ItemName>אולוויז דיסקרט תחתונים L1/9</ItemName>
      <ManufactureName>דיפלומט מפיצים 1968 בעמ</ManufactureName>
      <ManufactureCountry />
      <ManufactureItemDescription />
      <UnitQty>י"ח</UnitQty>
      <Quantity>9</Quantity>
      <UnitMeasure>י"ח</UnitMeasure>
      <BisWeighted>0</BisWeighted>
      <QtyInPackage>1</QtyInPackage>
      <ItemPrice>34.90</ItemPrice>
      <UnitOfMeasurePrice>3.88</UnitOfMeasurePrice>
      <AllowDiscount>1</AllowDiscount>
      <itemStatus>1</itemStatus>
      <LastUpdateDate />
      <LastUpdateTime />
    </Product>
    <Product>
      <PriceUpdateDate>2018/10/23 12:36</PriceUpdateDate>
      <ItemCode>8001090111715</ItemCode>
      <ItemType>1</ItemType>
      <ItemName>אולוויז דיסקרט תחתונים M1/9</ItemName>
      <ManufactureName>דיפלומט מפיצים 1968 בעמ</ManufactureName>
      <ManufactureCountry />
      <ManufactureItemDescription />
      <UnitQty>י"ח</UnitQty>
      <Quantity>9</Quantity>
      <UnitMeasure>י"ח</UnitMeasure>
      <BisWeighted>0</BisWeighted>
      <QtyInPackage>1</QtyInPackage>
      <ItemPrice>34.90</ItemPrice>
      <UnitOfMeasurePrice>3.88</UnitOfMeasurePrice>
      <AllowDiscount>1</AllowDiscount>
      <itemStatus>1</itemStatus>
      <LastUpdateDate />
      <LastUpdateTime />
    </Product>
    <Product>
      <PriceUpdateDate>2020/02/24 08:25</PriceUpdateDate>
      <ItemCode>8001090222428</ItemCode>
      <ItemType>1</ItemType>
      <ItemName>הרבל אסנסס שמפו חלב קוקוס 400מ``ל</ItemName>
      <ManufactureName>דיפלומט מפיצים 1968 בעמ</ManufactureName>
      <ManufactureCountry />
      <ManufactureItemDescription />
      <UnitQty>י"ח</UnitQty>
      <Quantity>400</Quantity>
      <UnitMeasure>ל  מ"ל</UnitMeasure>
      <BisWeighted>0</BisWeighted>
      <QtyInPackage>1</QtyInPackage>
      <ItemPrice>19.90</ItemPrice>
      <UnitOfMeasurePrice>4.98</UnitOfMeasurePrice>
      <AllowDiscount>1</AllowDiscount>
      <itemStatus>1</itemStatus>
      <LastUpdateDate />
      <LastUpdateTime />
    </Product>
    <Product>
      <PriceUpdateDate>2020/02/24 08:25</PriceUpdateDate>
      <ItemCode>8001090222459</ItemCode>
      <ItemType>1</ItemType>
      <ItemName>הרבל אסנסס מרכך חלב קוקוס 400מ``ל</ItemName>
      <ManufactureName>דיפלומט מפיצים 1968 בעמ</ManufactureName>
      <ManufactureCountry />
      <ManufactureItemDescription />
      <UnitQty>י"ח</UnitQty>
      <Quantity>400</Quantity>
      <UnitMeasure>ל  מ"ל</UnitMeasure>
      <BisWeighted>0</BisWeighted>
      <QtyInPackage>1</QtyInPackage>
      <ItemPrice>19.90</ItemPrice>
      <UnitOfMeasurePrice>4.98</UnitOfMeasurePrice>
      <AllowDiscount>1</AllowDiscount>
      <itemStatus>1</itemStatus>
      <LastUpdateDate />
      <LastUpdateTime />
    </Product>
    <Product>
      <PriceUpdateDate>2020/02/24 08:25</PriceUpdateDate>
      <ItemCode>8001090222541</ItemCode>
      <ItemType>1</ItemType>
      <ItemName>הרבל אסנסס שמפו תות ומנטה 400מ``ל</ItemName>
      <ManufactureName>דיפלומט מפיצים 1968 בעמ</ManufactureName>
      <ManufactureCountry />
      <ManufactureItemDescription />
      <UnitQty>י"ח</UnitQty>
      <Quantity>400</Quantity>
      <UnitMeasure>ל  מ"ל</UnitMeasure>
      <BisWeighted>0</BisWeighted>
      <QtyInPackage>1</QtyInPackage>
      <ItemPrice>19.90</ItemPrice>
      <UnitOfMeasurePrice>4.98</UnitOfMeasurePrice>
      <AllowDiscount>1</AllowDiscount>
      <itemStatus>1</itemStatus>
      <LastUpdateDate />
      <LastUpdateTime />
    </Product>
    <Product>
      <PriceUpdateDate>2020/02/24 08:25</PriceUpdateDate>
      <ItemCode>8001090222572</ItemCode>
      <ItemType>1</ItemType>
      <ItemName>הרבל אסנסס מרכך תות ומנטה 400מ``ל</ItemName>
      <ManufactureName>דיפלומט מפיצים 1968 בעמ</ManufactureName>
      <ManufactureCountry />
      <ManufactureItemDescription />
      <UnitQty>י"ח</UnitQty>
      <Quantity>400</Quantity>
      <UnitMeasure>ל  מ"ל</UnitMeasure>
      <BisWeighted>0</BisWeighted>
      <QtyInPackage>1</QtyInPackage>
      <ItemPrice>19.90</ItemPrice>
      <UnitOfMeasurePrice>4.98</UnitOfMeasurePrice>
      <AllowDiscount>1</AllowDiscount>
      <itemStatus>1</itemStatus>
      <LastUpdateDate />
      <LastUpdateTime />
    </Product>
    <Product>
      <PriceUpdateDate>2020/02/24 08:25</PriceUpdateDate>
      <ItemCode>8001090222725</ItemCode>
      <ItemType>1</ItemType>
      <ItemName>הרבל אסנסס שמפו שמן מורינגה 400מ``ל</ItemName>
      <ManufactureName>דיפלומט מפיצים 1968 בעמ</ManufactureName>
      <ManufactureCountry />
      <ManufactureItemDescription />
      <UnitQty>י"ח</UnitQty>
      <Quantity>400</Quantity>
      <UnitMeasure>ל  מ"ל</UnitMeasure>
      <BisWeighted>0</BisWeighted>
      <QtyInPackage>1</QtyInPackage>
      <ItemPrice>19.90</ItemPrice>
      <UnitOfMeasurePrice>4.98</UnitOfMeasurePrice>
      <AllowDiscount>1</AllowDiscount>
      <itemStatus>1</itemStatus>
      <LastUpdateDate />
      <LastUpdateTime />
    </Product>
    <Product>
      <PriceUpdateDate>2020/02/24 08:25</PriceUpdateDate>
      <ItemCode>8001090222756</ItemCode>
      <ItemType>1</ItemType>
      <ItemName>הרבל אסנסס מרכך שמן מורינגה 400מ``ל</ItemName>
      <ManufactureName>דיפלומט מפיצים 1968 בעמ</ManufactureName>
      <ManufactureCountry />
      <ManufactureItemDescription />
      <UnitQty>י"ח</UnitQty>
      <Quantity>400</Quantity>
      <UnitMeasure>ל  מ"ל</UnitMeasure>
      <BisWeighted>0</BisWeighted>
      <QtyInPackage>1</QtyInPackage>
      <ItemPrice>19.90</ItemPrice>
      <UnitOfMeasurePrice>4.98</UnitOfMeasurePrice>
      <AllowDiscount>1</AllowDiscount>
      <itemStatus>1</itemStatus>
      <LastUpdateDate />
      <LastUpdateTime />
    </Product>
    <Product>
      <PriceUpdateDate>2020/02/24 08:25</PriceUpdateDate>
      <ItemCode>8001090222848</ItemCode>
      <ItemType>1</ItemType>
      <ItemName>הרבל אסנסס שמפו שיקום שמן ארגן 400מ``ל</ItemName>
      <ManufactureName>דיפלומט מפיצים 1968 בעמ</ManufactureName>
      <ManufactureCountry />
      <ManufactureItemDescription />
      <UnitQty>י"ח</UnitQty>
      <Quantity>400</Quantity>
      <UnitMeasure>ל  מ"ל</UnitMeasure>
      <BisWeighted>0</BisWeighted>
      <QtyInPackage>1</QtyInPackage>
      <ItemPrice>19.90</ItemPrice>
      <UnitOfMeasurePrice>4.98</UnitOfMeasurePrice>
      <AllowDiscount>1</AllowDiscount>
      <itemStatus>1</itemStatus>
      <LastUpdateDate />
      <LastUpdateTime />
    </Product>
    <Product>
      <PriceUpdateDate>2020/02/24 08:25</PriceUpdateDate>
      <ItemCode>8001090222879</ItemCode>
      <ItemType>1</ItemType>
      <ItemName>הרבל אסנסס מרכך שיקום שמן ארגן 400מ``ל</ItemName>
      <ManufactureName>דיפלומט מפיצים 1968 בעמ</ManufactureName>
      <ManufactureCountry />
      <ManufactureItemDescription />
      <UnitQty>י"ח</UnitQty>
      <Quantity>400</Quantity>
      <UnitMeasure>ל  מ"ל</UnitMeasure>
      <BisWeighted>0</BisWeighted>
      <QtyInPackage>1</QtyInPackage>
      <ItemPrice>19.90</ItemPrice>
      <UnitOfMeasurePrice>4.98</UnitOfMeasurePrice>
      <AllowDiscount>1</AllowDiscount>
      <itemStatus>1</itemStatus>
      <LastUpdateDate />
      <LastUpdateTime />
    </Product>
    <Product>
      <PriceUpdateDate>2019/12/18 08:01</PriceUpdateDate>
      <ItemCode>8001090300454</ItemCode>
      <ItemType>1</ItemType>
      <ItemName>לנור כדוריות הריח חלומי 275ג.</ItemName>
      <ManufactureName>דיפלומט מפיצים 1968 בעמ</ManufactureName>
      <ManufactureCountry />
      <ManufactureItemDescription />
      <UnitQty>י"ח</UnitQty>
      <Quantity>275</Quantity>
      <UnitMeasure>ל  מ"ל</UnitMeasure>
      <BisWeighted>0</BisWeighted>
      <QtyInPackage>1</QtyInPackage>
      <ItemPrice>34.90</ItemPrice>
      <UnitOfMeasurePrice>12.69</UnitOfMeasurePrice>
      <AllowDiscount>1</AllowDiscount>
      <itemStatus>1</itemStatus>
      <LastUpdateDate />
      <LastUpdateTime />
    </Product>
    <Product>
      <PriceUpdateDate>2019/12/24 08:04</PriceUpdateDate>
      <ItemCode>8001090336354</ItemCode>
      <ItemType>1</ItemType>
      <ItemName>פמפרס ניו בייבי מידה 2 46יח</ItemName>
      <ManufactureName>דיפלומט מפיצים 1968 בעמ</ManufactureName>
      <ManufactureCountry />
      <ManufactureItemDescription />
      <UnitQty>י"ח</UnitQty>
      <Quantity>1</Quantity>
      <UnitMeasure />
      <BisWeighted>0</BisWeighted>
      <QtyInPackage>1</QtyInPackage>
      <ItemPrice>39.90</ItemPrice>
      <UnitOfMeasurePrice>39.90</UnitOfMeasurePrice>
      <AllowDiscount>1</AllowDiscount>
      <itemStatus>1</itemStatus>
      <LastUpdateDate />
      <LastUpdateTime />
    </Product>
    <Product>
      <PriceUpdateDate>2019/12/24 08:04</PriceUpdateDate>
      <ItemCode>8001090336408</ItemCode>
      <ItemType>1</ItemType>
      <ItemName>פמפרס אקטיב בייבי מידה 3 38יח</ItemName>
      <ManufactureName>דיפלומט מפיצים 1968 בעמ</ManufactureName>
      <ManufactureCountry />
      <ManufactureItemDescription />
      <UnitQty>י"ח</UnitQty>
      <Quantity>1</Quantity>
      <UnitMeasure />
      <BisWeighted>0</BisWeighted>
      <QtyInPackage>1</QtyInPackage>
      <ItemPrice>39.90</ItemPrice>
      <UnitOfMeasurePrice>39.90</UnitOfMeasurePrice>
      <AllowDiscount>1</AllowDiscount>
      <itemStatus>1</itemStatus>
      <LastUpdateDate />
      <LastUpdateTime />
    </Product>
    <Product>
      <PriceUpdateDate>2019/12/24 08:04</PriceUpdateDate>
      <ItemCode>8001090336446</ItemCode>
      <ItemType>1</ItemType>
      <ItemName>פמפרס אקטיב בייבי מידה 4 34יח</ItemName>
      <ManufactureName>דיפלומט מפיצים 1968 בעמ</ManufactureName>
      <ManufactureCountry />
      <ManufactureItemDescription />
      <UnitQty>י"ח</UnitQty>
      <Quantity>1</Quantity>
      <UnitMeasure />
      <BisWeighted>0</BisWeighted>
      <QtyInPackage>1</QtyInPackage>
      <ItemPrice>39.90</ItemPrice>
      <UnitOfMeasurePrice>39.90</UnitOfMeasurePrice>
      <AllowDiscount>1</AllowDiscount>
      <itemStatus>1</itemStatus>
      <LastUpdateDate />
      <LastUpdateTime />
    </Product>
    <Product>
      <PriceUpdateDate>2019/12/24 08:04</PriceUpdateDate>
      <ItemCode>8001090336491</ItemCode>
      <ItemType>1</ItemType>
      <ItemName>פמפרס אקטיב בייבי מידה 4+ 31יח</ItemName>
      <ManufactureName>דיפלומט מפיצים 1968 בעמ</ManufactureName>
      <ManufactureCountry />
      <ManufactureItemDescription />
      <UnitQty>י"ח</UnitQty>
      <Quantity>1</Quantity>
      <UnitMeasure />
      <BisWeighted>0</BisWeighted>
      <QtyInPackage>1</QtyInPackage>
      <ItemPrice>39.90</ItemPrice>
      <UnitOfMeasurePrice>39.90</UnitOfMeasurePrice>
      <AllowDiscount>1</AllowDiscount>
      <itemStatus>1</itemStatus>
      <LastUpdateDate />
      <LastUpdateTime />
    </Product>
    <Product>
      <PriceUpdateDate>2019/12/24 08:04</PriceUpdateDate>
      <ItemCode>8001090336521</ItemCode>
      <ItemType>1</ItemType>
      <ItemName>פמפרס אקטיב בייבי של5 30יח.</ItemName>
      <ManufactureName>דיפלומט מפיצים 1968 בעמ</ManufactureName>
      <ManufactureCountry />
      <ManufactureItemDescription />
      <UnitQty>י"ח</UnitQty>
      <Quantity>1</Quantity>
      <UnitMeasure />
      <BisWeighted>0</BisWeighted>
      <QtyInPackage>1</QtyInPackage>
      <ItemPrice>39.90</ItemPrice>
      <UnitOfMeasurePrice>39.90</UnitOfMeasurePrice>
      <AllowDiscount>1</AllowDiscount>
      <itemStatus>1</itemStatus>
      <LastUpdateDate />
      <LastUpdateTime />
    </Product>
    <Product>
      <PriceUpdateDate>2017/11/28 14:32</PriceUpdateDate>
      <ItemCode>8001090375186</ItemCode>
      <ItemType>1</ItemType>
      <ItemName>פנטן מרכך מרוכז 200מ"ל צבע מלא חיים</ItemName>
      <ManufactureName>דיפלומט מפיצים 1968 בעמ</ManufactureName>
      <ManufactureCountry />
      <ManufactureItemDescription />
      <UnitQty>י"ח</UnitQty>
      <Quantity>200</Quantity>
      <UnitMeasure>ל  מ"ל</UnitMeasure>
      <BisWeighted>0</BisWeighted>
      <QtyInPackage>1</QtyInPackage>
      <ItemPrice>21.90</ItemPrice>
      <UnitOfMeasurePrice>10.95</UnitOfMeasurePrice>
      <AllowDiscount>1</AllowDiscount>
      <itemStatus>1</itemStatus>
      <LastUpdateDate />
      <LastUpdateTime />
    </Product>
    <Product>
      <PriceUpdateDate>2017/11/28 14:32</PriceUpdateDate>
      <ItemCode>8001090375230</ItemCode>
      <ItemType>1</ItemType>
      <ItemName>פנטן מרכך מרוכז 200מ"ל לחות מוגברת</ItemName>
      <ManufactureName>דיפלומט מפיצים 1968 בעמ</ManufactureName>
      <ManufactureCountry />
      <ManufactureItemDescription />
      <UnitQty>י"ח</UnitQty>
      <Quantity>200</Quantity>
      <UnitMeasure>ל  מ"ל</UnitMeasure>
      <BisWeighted>0</BisWeighted>
      <QtyInPackage>1</QtyInPackage>
      <ItemPrice>21.90</ItemPrice>
      <UnitOfMeasurePrice>10.95</UnitOfMeasurePrice>
      <AllowDiscount>1</AllowDiscount>
      <itemStatus>1</itemStatus>
      <LastUpdateDate />
      <LastUpdateTime />
    </Product>
    <Product>
      <PriceUpdateDate>2017/11/28 14:32</PriceUpdateDate>
      <ItemCode>8001090375285</ItemCode>
      <ItemType>1</ItemType>
      <ItemName>פנטן מרכך מרוכז 200מ"ל למגע רך</ItemName>
      <ManufactureName>דיפלומט מפיצים 1968 בעמ</ManufactureName>
      <ManufactureCountry />
      <ManufactureItemDescription />
      <UnitQty>י"ח</UnitQty>
      <Quantity>200</Quantity>
      <UnitMeasure>ל  מ"ל</UnitMeasure>
      <BisWeighted>0</BisWeighted>
      <QtyInPackage>1</QtyInPackage>
      <ItemPrice>21.90</ItemPrice>
      <UnitOfMeasurePrice>10.95</UnitOfMeasurePrice>
      <AllowDiscount>1</AllowDiscount>
      <itemStatus>1</itemStatus>
      <LastUpdateDate />
      <LastUpdateTime />
    </Product>
    <Product>
      <PriceUpdateDate>2017/11/02 14:17</PriceUpdateDate>
      <ItemCode>8001090379276</ItemCode>
      <ItemType>1</ItemType>
      <ItemName>פמפרס פרמיום VP מידה 1 1/41</ItemName>
      <ManufactureName>דיפלומט מפיצים 1968 בעמ</ManufactureName>
      <ManufactureCountry />
      <ManufactureItemDescription />
      <UnitQty>י"ח</UnitQty>
      <Quantity>41</Quantity>
      <UnitMeasure>י"ח</UnitMeasure>
      <BisWeighted>0</BisWeighted>
      <QtyInPackage>1</QtyInPackage>
      <ItemPrice>34.90</ItemPrice>
      <UnitOfMeasurePrice>0.85</UnitOfMeasurePrice>
      <AllowDiscount>1</AllowDiscount>
      <itemStatus>1</itemStatus>
      <LastUpdateDate />
      <LastUpdateTime />
    </Product>
    <Product>
      <PriceUpdateDate>2017/11/02 14:17</PriceUpdateDate>
      <ItemCode>8001090379306</ItemCode>
      <ItemType>1</ItemType>
      <ItemName>פמפרס פרמיום VP מידה 2 1/38</ItemName>
      <ManufactureName>דיפלומט מפיצים 1968 בעמ</ManufactureName>
      <ManufactureCountry />
      <ManufactureItemDescription />
      <UnitQty>י"ח</UnitQty>
      <Quantity>38</Quantity>
      <UnitMeasure>י"ח</UnitMeasure>
      <BisWeighted>0</BisWeighted>
      <QtyInPackage>1</QtyInPackage>
      <ItemPrice>34.90</ItemPrice>
      <UnitOfMeasurePrice>0.92</UnitOfMeasurePrice>
      <AllowDiscount>1</AllowDiscount>
      <itemStatus>1</itemStatus>
      <LastUpdateDate />
      <LastUpdateTime />
    </Product>
    <Product>
      <PriceUpdateDate>2017/11/02 14:17</PriceUpdateDate>
      <ItemCode>8001090379337</ItemCode>
      <ItemType>1</ItemType>
      <ItemName>פמפרס פרמיום VP מידה 3  1/40</ItemName>
      <ManufactureName>דיפלומט מפיצים 1968 בעמ</ManufactureName>
      <ManufactureCountry />
      <ManufactureItemDescription />
      <UnitQty>י"ח</UnitQty>
      <Quantity>40</Quantity>
      <UnitMeasure>י"ח</UnitMeasure>
      <BisWeighted>0</BisWeighted>
      <QtyInPackage>1</QtyInPackage>
      <ItemPrice>34.90</ItemPrice>
      <UnitOfMeasurePrice>0.87</UnitOfMeasurePrice>
      <AllowDiscount>1</AllowDiscount>
      <itemStatus>1</itemStatus>
      <LastUpdateDate />
      <LastUpdateTime />
    </Product>
    <Product>
      <PriceUpdateDate>2017/11/02 14:17</PriceUpdateDate>
      <ItemCode>8001090379368</ItemCode>
      <ItemType>1</ItemType>
      <ItemName>פמפרס פרמיום VP מידה4  1/34</ItemName>
      <ManufactureName>דיפלומט מפיצים 1968 בעמ</ManufactureName>
      <ManufactureCountry />
      <ManufactureItemDescription />
      <UnitQty>י"ח</UnitQty>
      <Quantity>40</Quantity>
      <UnitMeasure>י"ח</UnitMeasure>
      <BisWeighted>0</BisWeighted>
      <QtyInPackage>1</QtyInPackage>
      <ItemPrice>34.90</ItemPrice>
      <UnitOfMeasurePrice>0.87</UnitOfMeasurePrice>
      <AllowDiscount>1</AllowDiscount>
      <itemStatus>1</itemStatus>
      <LastUpdateDate />
      <LastUpdateTime />
    </Product>
    <Product>
      <PriceUpdateDate>2017/11/02 14:17</PriceUpdateDate>
      <ItemCode>8001090379399</ItemCode>
      <ItemType>1</ItemType>
      <ItemName>פמפרס פרמיום VP מידה 5 1/30</ItemName>
      <ManufactureName>דיפלומט מפיצים 1968 בעמ</ManufactureName>
      <ManufactureCountry />
      <ManufactureItemDescription />
      <UnitQty>י"ח</UnitQty>
      <Quantity>30</Quantity>
      <UnitMeasure>י"ח</UnitMeasure>
      <BisWeighted>0</BisWeighted>
      <QtyInPackage>1</QtyInPackage>
      <ItemPrice>34.90</ItemPrice>
      <UnitOfMeasurePrice>1.16</UnitOfMeasurePrice>
      <AllowDiscount>1</AllowDiscount>
      <itemStatus>1</itemStatus>
      <LastUpdateDate />
      <LastUpdateTime />
    </Product>
    <Product>
      <PriceUpdateDate>2019/04/24 11:04</PriceUpdateDate>
      <ItemCode>8001090458322</ItemCode>
      <ItemType>1</ItemType>
      <ItemName>פיירי ורדים ומשי 1.015ל</ItemName>
      <ManufactureName>דיפלומט מפיצים 1968 בעמ</ManufactureName>
      <ManufactureCountry />
      <ManufactureItemDescription />
      <UnitQty>י"ח</UnitQty>
      <Quantity>1.01</Quantity>
      <UnitMeasure>ליטר</UnitMeasure>
      <BisWeighted>0</BisWeighted>
      <QtyInPackage>1</QtyInPackage>
      <ItemPrice>16.90</ItemPrice>
      <UnitOfMeasurePrice>16.73</UnitOfMeasurePrice>
      <AllowDiscount>1</AllowDiscount>
      <itemStatus>1</itemStatus>
      <LastUpdateDate />
      <LastUpdateTime />
    </Product>
    <Product>
      <PriceUpdateDate>2017/11/24 09:16</PriceUpdateDate>
      <ItemCode>8001090493637</ItemCode>
      <ItemType>1</ItemType>
      <ItemName>הד שולדרס שמפו אולטרא 450מ"ל</ItemName>
      <ManufactureName>דיפלומט מפיצים 1968 בעמ</ManufactureName>
      <ManufactureCountry />
      <ManufactureItemDescription />
      <UnitQty>י"ח</UnitQty>
      <Quantity>450</Quantity>
      <UnitMeasure>ל  מ"ל</UnitMeasure>
      <BisWeighted>0</BisWeighted>
      <QtyInPackage>1</QtyInPackage>
      <ItemPrice>21.90</ItemPrice>
      <UnitOfMeasurePrice>4.87</UnitOfMeasurePrice>
      <AllowDiscount>1</AllowDiscount>
      <itemStatus>1</itemStatus>
      <LastUpdateDate />
      <LastUpdateTime />
    </Product>
    <Product>
      <PriceUpdateDate>2018/03/19 09:28</PriceUpdateDate>
      <ItemCode>8001090493750</ItemCode>
      <ItemType>1</ItemType>
      <ItemName>הד שולדרס שמפו אולטרא נענע 450מ"ל</ItemName>
      <ManufactureName>דיפלומט מפיצים 1968 בעמ</ManufactureName>
      <ManufactureCountry />
      <ManufactureItemDescription />
      <UnitQty>י"ח</UnitQty>
      <Quantity>450</Quantity>
      <UnitMeasure>ל  מ"ל</UnitMeasure>
      <BisWeighted>0</BisWeighted>
      <QtyInPackage>1</QtyInPackage>
      <ItemPrice>21.90</ItemPrice>
      <UnitOfMeasurePrice>4.87</UnitOfMeasurePrice>
      <AllowDiscount>1</AllowDiscount>
      <itemStatus>1</itemStatus>
      <LastUpdateDate />
      <LastUpdateTime />
    </Product>
    <Product>
      <PriceUpdateDate>2020/01/14 09:59</PriceUpdateDate>
      <ItemCode>8001090540577</ItemCode>
      <ItemType>1</ItemType>
      <ItemName>אורל בי מי פה להלבנה 500מ"ל</ItemName>
      <ManufactureName>דיפלומט מפיצים 1968 בעמ</ManufactureName>
      <ManufactureCountry />
      <ManufactureItemDescription />
      <UnitQty>י"ח</UnitQty>
      <Quantity>500</Quantity>
      <UnitMeasure>ל  מ"ל</UnitMeasure>
      <BisWeighted>0</BisWeighted>
      <QtyInPackage>1</QtyInPackage>
      <ItemPrice>24.90</ItemPrice>
      <UnitOfMeasurePrice>4.98</UnitOfMeasurePrice>
      <AllowDiscount>1</AllowDiscount>
      <itemStatus>1</itemStatus>
      <LastUpdateDate />
      <LastUpdateTime />
    </Product>
    <Product>
      <PriceUpdateDate>2019/05/23 08:11</PriceUpdateDate>
      <ItemCode>8001090580122</ItemCode>
      <ItemType>1</ItemType>
      <ItemName>הד שולדרס שמפו סופרים משקם 400מ"ל</ItemName>
      <ManufactureName>דיפלומט מפיצים 1968 בעמ</ManufactureName>
      <ManufactureCountry />
      <ManufactureItemDescription />
      <UnitQty>י"ח</UnitQty>
      <Quantity>400</Quantity>
      <UnitMeasure>ל  מ"ל</UnitMeasure>
      <BisWeighted>0</BisWeighted>
      <QtyInPackage>1</QtyInPackage>
      <ItemPrice>19.20</ItemPrice>
      <UnitOfMeasurePrice>4.80</UnitOfMeasurePrice>
      <AllowDiscount>1</AllowDiscount>
      <itemStatus>1</itemStatus>
      <LastUpdateDate />
      <LastUpdateTime />
    </Product>
    <Product>
      <PriceUpdateDate>2020/02/24 08:25</PriceUpdateDate>
      <ItemCode>8001090645487</ItemCode>
      <ItemType>1</ItemType>
      <ItemName>הרבל אסנסס שמפו גינגר 400מ"ל</ItemName>
      <ManufactureName>דיפלומט מפיצים 1968 בעמ</ManufactureName>
      <ManufactureCountry />
      <ManufactureItemDescription />
      <UnitQty>י"ח</UnitQty>
      <Quantity>400</Quantity>
      <UnitMeasure>ל  מ"ל</UnitMeasure>
      <BisWeighted>0</BisWeighted>
      <QtyInPackage>1</QtyInPackage>
      <ItemPrice>19.90</ItemPrice>
      <UnitOfMeasurePrice>4.98</UnitOfMeasurePrice>
      <AllowDiscount>1</AllowDiscount>
      <itemStatus>1</itemStatus>
      <LastUpdateDate />
      <LastUpdateTime />
    </Product>
    <Product>
      <PriceUpdateDate>2020/02/24 08:25</PriceUpdateDate>
      <ItemCode>8001090645517</ItemCode>
      <ItemType>1</ItemType>
      <ItemName>הרבל אסנסס מרכך גינגר 400מ"ל</ItemName>
      <ManufactureName>דיפלומט מפיצים 1968 בעמ</ManufactureName>
      <ManufactureCountry />
      <ManufactureItemDescription />
      <UnitQty>י"ח</UnitQty>
      <Quantity>400</Quantity>
      <UnitMeasure>ל  מ"ל</UnitMeasure>
      <BisWeighted>0</BisWeighted>
      <QtyInPackage>1</QtyInPackage>
      <ItemPrice>19.90</ItemPrice>
      <UnitOfMeasurePrice>4.98</UnitOfMeasurePrice>
      <AllowDiscount>1</AllowDiscount>
      <itemStatus>1</itemStatus>
      <LastUpdateDate />
      <LastUpdateTime />
    </Product>
    <Product>
      <PriceUpdateDate>2019/02/14 08:31</PriceUpdateDate>
      <ItemCode>8001090678195</ItemCode>
      <ItemType>1</ItemType>
      <ItemName>הד שולדרס מרכך סופרים לחות 275מ"ל</ItemName>
      <ManufactureName>דיפלומט מפיצים 1968 בעמ</ManufactureName>
      <ManufactureCountry />
      <ManufactureItemDescription />
      <UnitQty>י"ח</UnitQty>
      <Quantity>275</Quantity>
      <UnitMeasure>ל  מ"ל</UnitMeasure>
      <BisWeighted>0</BisWeighted>
      <QtyInPackage>1</QtyInPackage>
      <ItemPrice>19.90</ItemPrice>
      <UnitOfMeasurePrice>7.24</UnitOfMeasurePrice>
      <AllowDiscount>1</AllowDiscount>
      <itemStatus>1</itemStatus>
      <LastUpdateDate />
      <LastUpdateTime />
    </Product>
    <Product>
      <PriceUpdateDate>2019/02/14 08:31</PriceUpdateDate>
      <ItemCode>8001090678225</ItemCode>
      <ItemType>1</ItemType>
      <ItemName>הד שולדרס מרכך סופרים משקם 275מ"ל</ItemName>
      <ManufactureName>דיפלומט מפיצים 1968 בעמ</ManufactureName>
      <ManufactureCountry />
      <ManufactureItemDescription />
      <UnitQty>י"ח</UnitQty>
      <Quantity>275</Quantity>
      <UnitMeasure>ל  מ"ל</UnitMeasure>
      <BisWeighted>0</BisWeighted>
      <QtyInPackage>1</QtyInPackage>
      <ItemPrice>19.90</ItemPrice>
      <UnitOfMeasurePrice>7.24</UnitOfMeasurePrice>
      <AllowDiscount>1</AllowDiscount>
      <itemStatus>1</itemStatus>
      <LastUpdateDate />
      <LastUpdateTime />
    </Product>
    <Product>
      <PriceUpdateDate>2019/02/14 08:31</PriceUpdateDate>
      <ItemCode>8001090678256</ItemCode>
      <ItemType>1</ItemType>
      <ItemName>הד שולדרס מרכך סופרים רך 275מ"ל</ItemName>
      <ManufactureName>דיפלומט מפיצים 1968 בעמ</ManufactureName>
      <ManufactureCountry />
      <ManufactureItemDescription />
      <UnitQty>י"ח</UnitQty>
      <Quantity>275</Quantity>
      <UnitMeasure>ל  מ"ל</UnitMeasure>
      <BisWeighted>0</BisWeighted>
      <QtyInPackage>1</QtyInPackage>
      <ItemPrice>19.90</ItemPrice>
      <UnitOfMeasurePrice>7.24</UnitOfMeasurePrice>
      <AllowDiscount>1</AllowDiscount>
      <itemStatus>1</itemStatus>
      <LastUpdateDate />
      <LastUpdateTime />
    </Product>
    <Product>
      <PriceUpdateDate>2019/05/23 08:11</PriceUpdateDate>
      <ItemCode>8001090678614</ItemCode>
      <ItemType>1</ItemType>
      <ItemName>הד שולדרס שמפו סופרים לחות 400מ"ל</ItemName>
      <ManufactureName>דיפלומט מפיצים 1968 בעמ</ManufactureName>
      <ManufactureCountry />
      <ManufactureItemDescription />
      <UnitQty>י"ח</UnitQty>
      <Quantity>400</Quantity>
      <UnitMeasure>ל  מ"ל</UnitMeasure>
      <BisWeighted>0</BisWeighted>
      <QtyInPackage>1</QtyInPackage>
      <ItemPrice>19.20</ItemPrice>
      <UnitOfMeasurePrice>4.80</UnitOfMeasurePrice>
      <AllowDiscount>1</AllowDiscount>
      <itemStatus>1</itemStatus>
      <LastUpdateDate />
      <LastUpdateTime />
    </Product>
    <Product>
      <PriceUpdateDate>2019/05/23 08:11</PriceUpdateDate>
      <ItemCode>8001090678645</ItemCode>
      <ItemType>1</ItemType>
      <ItemName>הד שולדרס שמפו סופרים רך כמשי 400מ"ל</ItemName>
      <ManufactureName>דיפלומט מפיצים 1968 בעמ</ManufactureName>
      <ManufactureCountry />
      <ManufactureItemDescription />
      <UnitQty>י"ח</UnitQty>
      <Quantity>400</Quantity>
      <UnitMeasure>ל  מ"ל</UnitMeasure>
      <BisWeighted>0</BisWeighted>
      <QtyInPackage>1</QtyInPackage>
      <ItemPrice>19.20</ItemPrice>
      <UnitOfMeasurePrice>4.80</UnitOfMeasurePrice>
      <AllowDiscount>1</AllowDiscount>
      <itemStatus>1</itemStatus>
      <LastUpdateDate />
      <LastUpdateTime />
    </Product>
    <Product>
      <PriceUpdateDate>2018/10/04 08:59</PriceUpdateDate>
      <ItemCode>8001090710048</ItemCode>
      <ItemType>1</ItemType>
      <ItemName>לנור כדוריות הריח מסתורי 180ג</ItemName>
      <ManufactureName>דיפלומט מפיצים 1968 בעמ</ManufactureName>
      <ManufactureCountry />
      <ManufactureItemDescription />
      <UnitQty>י"ח</UnitQty>
      <Quantity>180</Quantity>
      <UnitMeasure>ל  מ"ל</UnitMeasure>
      <BisWeighted>0</BisWeighted>
      <QtyInPackage>1</QtyInPackage>
      <ItemPrice>22.90</ItemPrice>
      <UnitOfMeasurePrice>12.72</UnitOfMeasurePrice>
      <AllowDiscount>1</AllowDiscount>
      <itemStatus>1</itemStatus>
      <LastUpdateDate />
      <LastUpdateTime />
    </Product>
    <Product>
      <PriceUpdateDate>2018/07/05 08:45</PriceUpdateDate>
      <ItemCode>8001090721099</ItemCode>
      <ItemType>1</ItemType>
      <ItemName>אריאל קפסולות לכביסה 27יח</ItemName>
      <ManufactureName>דיפלומט מפיצים 1968 בעמ</ManufactureName>
      <ManufactureCountry />
      <ManufactureItemDescription />
      <UnitQty>י"ח</UnitQty>
      <Quantity>28</Quantity>
      <UnitMeasure>י"ח</UnitMeasure>
      <BisWeighted>0</BisWeighted>
      <QtyInPackage>1</QtyInPackage>
      <ItemPrice>32.90</ItemPrice>
      <UnitOfMeasurePrice>1.18</UnitOfMeasurePrice>
      <AllowDiscount>1</AllowDiscount>
      <itemStatus>1</itemStatus>
      <LastUpdateDate />
      <LastUpdateTime />
    </Product>
    <Product>
      <PriceUpdateDate>2018/07/05 08:45</PriceUpdateDate>
      <ItemCode>8001090721129</ItemCode>
      <ItemType>1</ItemType>
      <ItemName>אריאל קפסולות לכביסה קולור 27 יח</ItemName>
      <ManufactureName>דיפלומט מפיצים 1968 בעמ</ManufactureName>
      <ManufactureCountry />
      <ManufactureItemDescription />
      <UnitQty>י"ח</UnitQty>
      <Quantity>28</Quantity>
      <UnitMeasure>י"ח</UnitMeasure>
      <BisWeighted>0</BisWeighted>
      <QtyInPackage>1</QtyInPackage>
      <ItemPrice>32.90</ItemPrice>
      <UnitOfMeasurePrice>1.18</UnitOfMeasurePrice>
      <AllowDiscount>1</AllowDiscount>
      <itemStatus>1</itemStatus>
      <LastUpdateDate />
      <LastUpdateTime />
    </Product>
    <Product>
      <PriceUpdateDate>2019/12/04 07:48</PriceUpdateDate>
      <ItemCode>8001090721150</ItemCode>
      <ItemType>1</ItemType>
      <ItemName>אריאל קפסולות לכביסה 40 יח</ItemName>
      <ManufactureName>דיפלומט מפיצים 1968 בעמ</ManufactureName>
      <ManufactureCountry />
      <ManufactureItemDescription />
      <UnitQty>י"ח</UnitQty>
      <Quantity>42</Quantity>
      <UnitMeasure>י"ח</UnitMeasure>
      <BisWeighted>0</BisWeighted>
      <QtyInPackage>1</QtyInPackage>
      <ItemPrice>42.90</ItemPrice>
      <UnitOfMeasurePrice>1.02</UnitOfMeasurePrice>
      <AllowDiscount>1</AllowDiscount>
      <itemStatus>1</itemStatus>
      <LastUpdateDate />
      <LastUpdateTime />
    </Product>
    <Product>
      <PriceUpdateDate>2018/05/21 08:02</PriceUpdateDate>
      <ItemCode>8001090734044</ItemCode>
      <ItemType>1</ItemType>
      <ItemName>אולדייז מגה פק נורמל פרש 78 יח`</ItemName>
      <ManufactureName>דיפלומט מפיצים 1968 בעמ</ManufactureName>
      <ManufactureCountry />
      <ManufactureItemDescription />
      <UnitQty>י"ח</UnitQty>
      <Quantity>78</Quantity>
      <UnitMeasure>י"ח</UnitMeasure>
      <BisWeighted>0</BisWeighted>
      <QtyInPackage>1</QtyInPackage>
      <ItemPrice>23.90</ItemPrice>
      <UnitOfMeasurePrice>0.31</UnitOfMeasurePrice>
      <AllowDiscount>1</AllowDiscount>
      <itemStatus>1</itemStatus>
      <LastUpdateDate />
      <LastUpdateTime />
    </Product>
    <Product>
      <PriceUpdateDate>2019/04/24 11:04</PriceUpdateDate>
      <ItemCode>8001090737809</ItemCode>
      <ItemType>1</ItemType>
      <ItemName>אולוייז טנגה סינגל 1/36</ItemName>
      <ManufactureName>דיפלומט מפיצים 1968 בעמ</ManufactureName>
      <ManufactureCountry />
      <ManufactureItemDescription />
      <UnitQty>י"ח</UnitQty>
      <Quantity>1</Quantity>
      <UnitMeasure />
      <BisWeighted>0</BisWeighted>
      <QtyInPackage>1</QtyInPackage>
      <ItemPrice>17.90</ItemPrice>
      <UnitOfMeasurePrice>17.90</UnitOfMeasurePrice>
      <AllowDiscount>1</AllowDiscount>
      <itemStatus>1</itemStatus>
      <LastUpdateDate />
      <LastUpdateTime />
    </Product>
    <Product>
      <PriceUpdateDate>2019/10/04 08:02</PriceUpdateDate>
      <ItemCode>8001090740717</ItemCode>
      <ItemType>1</ItemType>
      <ItemName>אולדייז מגה פק נורמל פרש 76 יח`</ItemName>
      <ManufactureName>דיפלומט מפיצים 1968 בעמ</ManufactureName>
      <ManufactureCountry />
      <ManufactureItemDescription />
      <UnitQty>י"ח</UnitQty>
      <Quantity>76</Quantity>
      <UnitMeasure>י"ח</UnitMeasure>
      <BisWeighted>0</BisWeighted>
      <QtyInPackage>1</QtyInPackage>
      <ItemPrice>23.90</ItemPrice>
      <UnitOfMeasurePrice>0.31</UnitOfMeasurePrice>
      <AllowDiscount>1</AllowDiscount>
      <itemStatus>1</itemStatus>
      <LastUpdateDate />
      <LastUpdateTime />
    </Product>
    <Product>
      <PriceUpdateDate>2019/06/07 09:10</PriceUpdateDate>
      <ItemCode>8001090748607</ItemCode>
      <ItemType>1</ItemType>
      <ItemName>לנור מרכך מרוכז מיסתרי 1 ליטר.</ItemName>
      <ManufactureName>דיפלומט מפיצים 1968 בעמ</ManufactureName>
      <ManufactureCountry />
      <ManufactureItemDescription />
      <UnitQty>ליטר</UnitQty>
      <Quantity>0</Quantity>
      <UnitMeasure>ליטר</UnitMeasure>
      <BisWeighted>0</BisWeighted>
      <QtyInPackage>1</QtyInPackage>
      <ItemPrice>29.90</ItemPrice>
      <UnitOfMeasurePrice>29.90</UnitOfMeasurePrice>
      <AllowDiscount>1</AllowDiscount>
      <itemStatus>1</itemStatus>
      <LastUpdateDate />
      <LastUpdateTime />
    </Product>
    <Product>
      <PriceUpdateDate>2019/06/07 09:10</PriceUpdateDate>
      <ItemCode>8001090748638</ItemCode>
      <ItemType>1</ItemType>
      <ItemName>לנור מרכך מרוכז קיס 1 ליטר</ItemName>
      <ManufactureName>דיפלומט מפיצים 1968 בעמ</ManufactureName>
      <ManufactureCountry />
      <ManufactureItemDescription />
      <UnitQty>ליטר</UnitQty>
      <Quantity>0</Quantity>
      <UnitMeasure>ליטר</UnitMeasure>
      <BisWeighted>0</BisWeighted>
      <QtyInPackage>1</QtyInPackage>
      <ItemPrice>29.90</ItemPrice>
      <UnitOfMeasurePrice>29.90</UnitOfMeasurePrice>
      <AllowDiscount>1</AllowDiscount>
      <itemStatus>1</itemStatus>
      <LastUpdateDate />
      <LastUpdateTime />
    </Product>
    <Product>
      <PriceUpdateDate>2019/11/17 14:22</PriceUpdateDate>
      <ItemCode>8001090784513</ItemCode>
      <ItemType>1</ItemType>
      <ItemName>פמפרס ניו בייבי 43 יח`</ItemName>
      <ManufactureName>דיפלומט מפיצים 1968 בעמ</ManufactureName>
      <ManufactureCountry />
      <ManufactureItemDescription />
      <UnitQty>י"ח</UnitQty>
      <Quantity>1</Quantity>
      <UnitMeasure />
      <BisWeighted>0</BisWeighted>
      <QtyInPackage>1</QtyInPackage>
      <ItemPrice>39.90</ItemPrice>
      <UnitOfMeasurePrice>39.90</UnitOfMeasurePrice>
      <AllowDiscount>1</AllowDiscount>
      <itemStatus>1</itemStatus>
      <LastUpdateDate />
      <LastUpdateTime />
    </Product>
    <Product>
      <PriceUpdateDate>2019/05/15 09:11</PriceUpdateDate>
      <ItemCode>8001090802385</ItemCode>
      <ItemType>1</ItemType>
      <ItemName>טייד קפסולות 26יח ניחוח לנור.</ItemName>
      <ManufactureName>דיפלומט מפיצים 1968 בעמ</ManufactureName>
      <ManufactureCountry />
      <ManufactureItemDescription />
      <UnitQty>י"ח</UnitQty>
      <Quantity>26</Quantity>
      <UnitMeasure>י"ח</UnitMeasure>
      <BisWeighted>0</BisWeighted>
      <QtyInPackage>1</QtyInPackage>
      <ItemPrice>29.90</ItemPrice>
      <UnitOfMeasurePrice>1.15</UnitOfMeasurePrice>
      <AllowDiscount>1</AllowDiscount>
      <itemStatus>1</itemStatus>
      <LastUpdateDate />
      <LastUpdateTime />
    </Product>
    <Product>
      <PriceUpdateDate>2018/10/23 12:36</PriceUpdateDate>
      <ItemCode>8001090810083</ItemCode>
      <ItemType>1</ItemType>
      <ItemName>פנטן מרכך נוסחה קלאסית 500מ"ל</ItemName>
      <ManufactureName>דיפלומט מפיצים 1968 בעמ</ManufactureName>
      <ManufactureCountry />
      <ManufactureItemDescription />
      <UnitQty>י"ח</UnitQty>
      <Quantity>500</Quantity>
      <UnitMeasure>ל  מ"ל</UnitMeasure>
      <BisWeighted>0</BisWeighted>
      <QtyInPackage>1</QtyInPackage>
      <ItemPrice>17.90</ItemPrice>
      <UnitOfMeasurePrice>3.58</UnitOfMeasurePrice>
      <AllowDiscount>1</AllowDiscount>
      <itemStatus>1</itemStatus>
      <LastUpdateDate />
      <LastUpdateTime />
    </Product>
    <Product>
      <PriceUpdateDate>2018/10/23 12:36</PriceUpdateDate>
      <ItemCode>8001090810120</ItemCode>
      <ItemType>1</ItemType>
      <ItemName>פנטן מרכך מרוקאי משקם 500מ"ל</ItemName>
      <ManufactureName>דיפלומט מפיצים 1968 בעמ</ManufactureName>
      <ManufactureCountry />
      <ManufactureItemDescription />
      <UnitQty>י"ח</UnitQty>
      <Quantity>500</Quantity>
      <UnitMeasure>ל  מ"ל</UnitMeasure>
      <BisWeighted>0</BisWeighted>
      <QtyInPackage>1</QtyInPackage>
      <ItemPrice>17.90</ItemPrice>
      <UnitOfMeasurePrice>3.58</UnitOfMeasurePrice>
      <AllowDiscount>1</AllowDiscount>
      <itemStatus>1</itemStatus>
      <LastUpdateDate />
      <LastUpdateTime />
    </Product>
    <Product>
      <PriceUpdateDate>2018/10/23 12:36</PriceUpdateDate>
      <ItemCode>8001090810205</ItemCode>
      <ItemType>1</ItemType>
      <ItemName>פנטן שמפו נוסחה קלאסית 500מ"ל</ItemName>
      <ManufactureName>דיפלומט מפיצים 1968 בעמ</ManufactureName>
      <ManufactureCountry />
      <ManufactureItemDescription />
      <UnitQty>י"ח</UnitQty>
      <Quantity>500</Quantity>
      <UnitMeasure>ל  מ"ל</UnitMeasure>
      <BisWeighted>0</BisWeighted>
      <QtyInPackage>1</QtyInPackage>
      <ItemPrice>17.90</ItemPrice>
      <UnitOfMeasurePrice>3.58</UnitOfMeasurePrice>
      <AllowDiscount>1</AllowDiscount>
      <itemStatus>1</itemStatus>
      <LastUpdateDate />
      <LastUpdateTime />
    </Product>
    <Product>
      <PriceUpdateDate>2019/06/16 09:47</PriceUpdateDate>
      <ItemCode>8001090810243</ItemCode>
      <ItemType>1</ItemType>
      <ItemName>פנטן שמפו 3ב1 קלאסית 500מ"ל</ItemName>
      <ManufactureName>דיפלומט מפיצים 1968 בעמ</ManufactureName>
      <ManufactureCountry />
      <ManufactureItemDescription />
      <UnitQty>י"ח</UnitQty>
      <Quantity>500</Quantity>
      <UnitMeasure>ל  מ"ל</UnitMeasure>
      <BisWeighted>0</BisWeighted>
      <QtyInPackage>1</QtyInPackage>
      <ItemPrice>17.90</ItemPrice>
      <UnitOfMeasurePrice>3.58</UnitOfMeasurePrice>
      <AllowDiscount>1</AllowDiscount>
      <itemStatus>1</itemStatus>
      <LastUpdateDate />
      <LastUpdateTime />
    </Product>
    <Product>
      <PriceUpdateDate>2018/10/23 12:36</PriceUpdateDate>
      <ItemCode>8001090810281</ItemCode>
      <ItemType>1</ItemType>
      <ItemName>פנטן שמפו שמן מרוקאי משקם 500מ"ל</ItemName>
      <ManufactureName>דיפלומט מפיצים 1968 בעמ</ManufactureName>
      <ManufactureCountry />
      <ManufactureItemDescription />
      <UnitQty>י"ח</UnitQty>
      <Quantity>500</Quantity>
      <UnitMeasure>ל  מ"ל</UnitMeasure>
      <BisWeighted>0</BisWeighted>
      <QtyInPackage>1</QtyInPackage>
      <ItemPrice>17.90</ItemPrice>
      <UnitOfMeasurePrice>3.58</UnitOfMeasurePrice>
      <AllowDiscount>1</AllowDiscount>
      <itemStatus>1</itemStatus>
      <LastUpdateDate />
      <LastUpdateTime />
    </Product>
    <Product>
      <PriceUpdateDate>2019/06/16 09:47</PriceUpdateDate>
      <ItemCode>8001090810366</ItemCode>
      <ItemType>1</ItemType>
      <ItemName>פנטן שמפו 3ב1 לחות מוגברת   500מ"ל</ItemName>
      <ManufactureName>דיפלומט מפיצים 1968 בעמ</ManufactureName>
      <ManufactureCountry />
      <ManufactureItemDescription />
      <UnitQty>י"ח</UnitQty>
      <Quantity>500</Quantity>
      <UnitMeasure>ל  מ"ל</UnitMeasure>
      <BisWeighted>0</BisWeighted>
      <QtyInPackage>1</QtyInPackage>
      <ItemPrice>17.90</ItemPrice>
      <UnitOfMeasurePrice>3.58</UnitOfMeasurePrice>
      <AllowDiscount>1</AllowDiscount>
      <itemStatus>1</itemStatus>
      <LastUpdateDate />
      <LastUpdateTime />
    </Product>
    <Product>
      <PriceUpdateDate>2018/10/23 12:36</PriceUpdateDate>
      <ItemCode>8001090810403</ItemCode>
      <ItemType>1</ItemType>
      <ItemName>פנטן שמפו למגע רך כמשי 500מ"ל</ItemName>
      <ManufactureName>דיפלומט מפיצים 1968 בעמ</ManufactureName>
      <ManufactureCountry />
      <ManufactureItemDescription />
      <UnitQty>י"ח</UnitQty>
      <Quantity>500</Quantity>
      <UnitMeasure>ל  מ"ל</UnitMeasure>
      <BisWeighted>0</BisWeighted>
      <QtyInPackage>1</QtyInPackage>
      <ItemPrice>17.90</ItemPrice>
      <UnitOfMeasurePrice>3.58</UnitOfMeasurePrice>
      <AllowDiscount>1</AllowDiscount>
      <itemStatus>1</itemStatus>
      <LastUpdateDate />
      <LastUpdateTime />
    </Product>
    <Product>
      <PriceUpdateDate>2018/03/27 09:14</PriceUpdateDate>
      <ItemCode>8001090812094</ItemCode>
      <ItemType>1</ItemType>
      <ItemName>הד שולדרס שמפו אולטרא מן 2ב1  450מ"ל</ItemName>
      <ManufactureName>דיפלומט מפיצים 1968 בעמ</ManufactureName>
      <ManufactureCountry />
      <ManufactureItemDescription />
      <UnitQty>י"ח</UnitQty>
      <Quantity>450</Quantity>
      <UnitMeasure>ל  מ"ל</UnitMeasure>
      <BisWeighted>0</BisWeighted>
      <QtyInPackage>1</QtyInPackage>
      <ItemPrice>21.90</ItemPrice>
      <UnitOfMeasurePrice>4.87</UnitOfMeasurePrice>
      <AllowDiscount>1</AllowDiscount>
      <itemStatus>1</itemStatus>
      <LastUpdateDate />
      <LastUpdateTime />
    </Product>
    <Product>
      <PriceUpdateDate>2018/12/04 08:20</PriceUpdateDate>
      <ItemCode>8001090833259</ItemCode>
      <ItemType>1</ItemType>
      <ItemName>אריאל גל 3.74ל ניחוח הרים</ItemName>
      <ManufactureName>דיפלומט מפיצים 1968 בעמ</ManufactureName>
      <ManufactureCountry />
      <ManufactureItemDescription />
      <UnitQty>י"ח</UnitQty>
      <Quantity>3.74</Quantity>
      <UnitMeasure>ליטר</UnitMeasure>
      <BisWeighted>0</BisWeighted>
      <QtyInPackage>1</QtyInPackage>
      <ItemPrice>42.90</ItemPrice>
      <UnitOfMeasurePrice>11.47</UnitOfMeasurePrice>
      <AllowDiscount>1</AllowDiscount>
      <itemStatus>1</itemStatus>
      <LastUpdateDate />
      <LastUpdateTime />
    </Product>
    <Product>
      <PriceUpdateDate>2018/12/17 10:51</PriceUpdateDate>
      <ItemCode>8001090833310</ItemCode>
      <ItemType>1</ItemType>
      <ItemName>טייד גל כביסה 5.005ליטר</ItemName>
      <ManufactureName>דיפלומט מפיצים 1968 בעמ</ManufactureName>
      <ManufactureCountry />
      <ManufactureItemDescription />
      <UnitQty>י"ח</UnitQty>
      <Quantity>5.0050</Quantity>
      <UnitMeasure>ק"ג</UnitMeasure>
      <BisWeighted>0</BisWeighted>
      <QtyInPackage>1</QtyInPackage>
      <ItemPrice>48.90</ItemPrice>
      <UnitOfMeasurePrice>9.77</UnitOfMeasurePrice>
      <AllowDiscount>1</AllowDiscount>
      <itemStatus>1</itemStatus>
      <LastUpdateDate />
      <LastUpdateTime />
    </Product>
    <Product>
      <PriceUpdateDate>2019/10/23 13:23</PriceUpdateDate>
      <ItemCode>8001090850713</ItemCode>
      <ItemType>1</ItemType>
      <ItemName>לנור כדוריות הריח רענן  140ג</ItemName>
      <ManufactureName>דיפלומט מפיצים 1968 בעמ</ManufactureName>
      <ManufactureCountry />
      <ManufactureItemDescription />
      <UnitQty>י"ח</UnitQty>
      <Quantity>180</Quantity>
      <UnitMeasure>ל  מ"ל</UnitMeasure>
      <BisWeighted>0</BisWeighted>
      <QtyInPackage>1</QtyInPackage>
      <ItemPrice>22.90</ItemPrice>
      <UnitOfMeasurePrice>12.72</UnitOfMeasurePrice>
      <AllowDiscount>1</AllowDiscount>
      <itemStatus>1</itemStatus>
      <LastUpdateDate />
      <LastUpdateTime />
    </Product>
    <Product>
      <PriceUpdateDate>2019/10/23 13:23</PriceUpdateDate>
      <ItemCode>8001090850744</ItemCode>
      <ItemType>1</ItemType>
      <ItemName>לנור כדוריות הריח רענן 210ג</ItemName>
      <ManufactureName>דיפלומט מפיצים 1968 בעמ</ManufactureName>
      <ManufactureCountry />
      <ManufactureItemDescription />
      <UnitQty>י"ח</UnitQty>
      <Quantity>210</Quantity>
      <UnitMeasure>ל  מ"ל</UnitMeasure>
      <BisWeighted>0</BisWeighted>
      <QtyInPackage>1</QtyInPackage>
      <ItemPrice>34.90</ItemPrice>
      <UnitOfMeasurePrice>16.62</UnitOfMeasurePrice>
      <AllowDiscount>1</AllowDiscount>
      <itemStatus>1</itemStatus>
      <LastUpdateDate />
      <LastUpdateTime />
    </Product>
    <Product>
      <PriceUpdateDate>2019/06/12 11:08</PriceUpdateDate>
      <ItemCode>8001090850836</ItemCode>
      <ItemType>1</ItemType>
      <ItemName>לנור כדוריות בניחוח אביבי  210ג</ItemName>
      <ManufactureName>דיפלומט מפיצים 1968 בעמ</ManufactureName>
      <ManufactureCountry />
      <ManufactureItemDescription />
      <UnitQty>י"ח</UnitQty>
      <Quantity>210</Quantity>
      <UnitMeasure>ל  גרם</UnitMeasure>
      <BisWeighted>0</BisWeighted>
      <QtyInPackage>1</QtyInPackage>
      <ItemPrice>33.90</ItemPrice>
      <UnitOfMeasurePrice>16.14</UnitOfMeasurePrice>
      <AllowDiscount>1</AllowDiscount>
      <itemStatus>1</itemStatus>
      <LastUpdateDate />
      <LastUpdateTime />
    </Product>
    <Product>
      <PriceUpdateDate>2019/06/07 09:10</PriceUpdateDate>
      <ItemCode>8001090886460</ItemCode>
      <ItemType>1</ItemType>
      <ItemName>לנור כדוריות בניחוח אביבי 140ג</ItemName>
      <ManufactureName>דיפלומט מפיצים 1968 בעמ</ManufactureName>
      <ManufactureCountry />
      <ManufactureItemDescription />
      <UnitQty>י"ח</UnitQty>
      <Quantity>140</Quantity>
      <UnitMeasure>ל  גרם</UnitMeasure>
      <BisWeighted>0</BisWeighted>
      <QtyInPackage>1</QtyInPackage>
      <ItemPrice>22.90</ItemPrice>
      <UnitOfMeasurePrice>16.36</UnitOfMeasurePrice>
      <AllowDiscount>1</AllowDiscount>
      <itemStatus>1</itemStatus>
      <LastUpdateDate />
      <LastUpdateTime />
    </Product>
    <Product>
      <PriceUpdateDate>2019/06/07 09:10</PriceUpdateDate>
      <ItemCode>8001090890832</ItemCode>
      <ItemType>1</ItemType>
      <ItemName>לנור כדוריות בניחוח חלומי 140ג</ItemName>
      <ManufactureName>דיפלומט מפיצים 1968 בעמ</ManufactureName>
      <ManufactureCountry />
      <ManufactureItemDescription />
      <UnitQty>י"ח</UnitQty>
      <Quantity>140</Quantity>
      <UnitMeasure>ל  גרם</UnitMeasure>
      <BisWeighted>0</BisWeighted>
      <QtyInPackage>1</QtyInPackage>
      <ItemPrice>22.90</ItemPrice>
      <UnitOfMeasurePrice>16.36</UnitOfMeasurePrice>
      <AllowDiscount>1</AllowDiscount>
      <itemStatus>1</itemStatus>
      <LastUpdateDate />
      <LastUpdateTime />
    </Product>
    <Product>
      <PriceUpdateDate>2019/06/12 11:08</PriceUpdateDate>
      <ItemCode>8001090890863</ItemCode>
      <ItemType>1</ItemType>
      <ItemName>לנור כדוריות בניחוח חלומי 210ג</ItemName>
      <ManufactureName>דיפלומט מפיצים 1968 בעמ</ManufactureName>
      <ManufactureCountry />
      <ManufactureItemDescription />
      <UnitQty>י"ח</UnitQty>
      <Quantity>210</Quantity>
      <UnitMeasure>ל  גרם</UnitMeasure>
      <BisWeighted>0</BisWeighted>
      <QtyInPackage>1</QtyInPackage>
      <ItemPrice>33.90</ItemPrice>
      <UnitOfMeasurePrice>16.14</UnitOfMeasurePrice>
      <AllowDiscount>1</AllowDiscount>
      <itemStatus>1</itemStatus>
      <LastUpdateDate />
      <LastUpdateTime />
    </Product>
    <Product>
      <PriceUpdateDate>2019/01/17 07:55</PriceUpdateDate>
      <ItemCode>8001090890955</ItemCode>
      <ItemType>1</ItemType>
      <ItemName>לנור ספורט כדוריות 140ג</ItemName>
      <ManufactureName>דיפלומט מפיצים 1968 בעמ</ManufactureName>
      <ManufactureCountry />
      <ManufactureItemDescription />
      <UnitQty>י"ח</UnitQty>
      <Quantity>140</Quantity>
      <UnitMeasure>ל  מ"ל</UnitMeasure>
      <BisWeighted>0</BisWeighted>
      <QtyInPackage>1</QtyInPackage>
      <ItemPrice>22.90</ItemPrice>
      <UnitOfMeasurePrice>16.36</UnitOfMeasurePrice>
      <AllowDiscount>1</AllowDiscount>
      <itemStatus>1</itemStatus>
      <LastUpdateDate />
      <LastUpdateTime />
    </Product>
    <Product>
      <PriceUpdateDate>2019/01/17 07:55</PriceUpdateDate>
      <ItemCode>8001090890986</ItemCode>
      <ItemType>1</ItemType>
      <ItemName>לנור ספורט  כדוריות 210ג</ItemName>
      <ManufactureName>דיפלומט מפיצים 1968 בעמ</ManufactureName>
      <ManufactureCountry />
      <ManufactureItemDescription />
      <UnitQty>י"ח</UnitQty>
      <Quantity>210</Quantity>
      <UnitMeasure>ל  מ"ל</UnitMeasure>
      <BisWeighted>0</BisWeighted>
      <QtyInPackage>1</QtyInPackage>
      <ItemPrice>34.90</ItemPrice>
      <UnitOfMeasurePrice>16.62</UnitOfMeasurePrice>
      <AllowDiscount>1</AllowDiscount>
      <itemStatus>1</itemStatus>
      <LastUpdateDate />
      <LastUpdateTime />
    </Product>
    <Product>
      <PriceUpdateDate>2019/07/29 11:22</PriceUpdateDate>
      <ItemCode>8001090893277</ItemCode>
      <ItemType>1</ItemType>
      <ItemName>אולוויז דיסקרט תחתונים XL1/9</ItemName>
      <ManufactureName>דיפלומט מפיצים 1968 בעמ</ManufactureName>
      <ManufactureCountry />
      <ManufactureItemDescription />
      <UnitQty>י"ח</UnitQty>
      <Quantity>9</Quantity>
      <UnitMeasure>י"ח</UnitMeasure>
      <BisWeighted>0</BisWeighted>
      <QtyInPackage>1</QtyInPackage>
      <ItemPrice>34.90</ItemPrice>
      <UnitOfMeasurePrice>3.88</UnitOfMeasurePrice>
      <AllowDiscount>1</AllowDiscount>
      <itemStatus>1</itemStatus>
      <LastUpdateDate />
      <LastUpdateTime />
    </Product>
    <Product>
      <PriceUpdateDate>2019/10/23 13:23</PriceUpdateDate>
      <ItemCode>8001090899194</ItemCode>
      <ItemType>1</ItemType>
      <ItemName>תחבושות אולוויז פלטינום נורמל</ItemName>
      <ManufactureName>דיפלומט מפיצים 1968 בעמ</ManufactureName>
      <ManufactureCountry />
      <ManufactureItemDescription />
      <UnitQty>י"ח</UnitQty>
      <Quantity>1</Quantity>
      <UnitMeasure />
      <BisWeighted>0</BisWeighted>
      <QtyInPackage>1</QtyInPackage>
      <ItemPrice>28.90</ItemPrice>
      <UnitOfMeasurePrice>28.90</UnitOfMeasurePrice>
      <AllowDiscount>1</AllowDiscount>
      <itemStatus>1</itemStatus>
      <LastUpdateDate />
      <LastUpdateTime />
    </Product>
    <Product>
      <PriceUpdateDate>2019/10/23 13:23</PriceUpdateDate>
      <ItemCode>8001090899224</ItemCode>
      <ItemType>1</ItemType>
      <ItemName>תחבושות אולוויז פלטינום לונג</ItemName>
      <ManufactureName>דיפלומט מפיצים 1968 בעמ</ManufactureName>
      <ManufactureCountry />
      <ManufactureItemDescription />
      <UnitQty>י"ח</UnitQty>
      <Quantity>1</Quantity>
      <UnitMeasure />
      <BisWeighted>0</BisWeighted>
      <QtyInPackage>1</QtyInPackage>
      <ItemPrice>28.90</ItemPrice>
      <UnitOfMeasurePrice>28.90</UnitOfMeasurePrice>
      <AllowDiscount>1</AllowDiscount>
      <itemStatus>1</itemStatus>
      <LastUpdateDate />
      <LastUpdateTime />
    </Product>
    <Product>
      <PriceUpdateDate>2019/10/23 13:23</PriceUpdateDate>
      <ItemCode>8001090899255</ItemCode>
      <ItemType>1</ItemType>
      <ItemName>תחבושות אולוויז פלטינום לילה</ItemName>
      <ManufactureName>דיפלומט מפיצים 1968 בעמ</ManufactureName>
      <ManufactureCountry />
      <ManufactureItemDescription />
      <UnitQty>י"ח</UnitQty>
      <Quantity>1</Quantity>
      <UnitMeasure />
      <BisWeighted>0</BisWeighted>
      <QtyInPackage>1</QtyInPackage>
      <ItemPrice>28.90</ItemPrice>
      <UnitOfMeasurePrice>28.90</UnitOfMeasurePrice>
      <AllowDiscount>1</AllowDiscount>
      <itemStatus>1</itemStatus>
      <LastUpdateDate />
      <LastUpdateTime />
    </Product>
    <Product>
      <PriceUpdateDate>2019/10/23 13:23</PriceUpdateDate>
      <ItemCode>8001090899286</ItemCode>
      <ItemType>1</ItemType>
      <ItemName>תחבושות אולוויז פלטינום לילה בטוח</ItemName>
      <ManufactureName>דיפלומט מפיצים 1968 בעמ</ManufactureName>
      <ManufactureCountry />
      <ManufactureItemDescription />
      <UnitQty>י"ח</UnitQty>
      <Quantity>1</Quantity>
      <UnitMeasure />
      <BisWeighted>0</BisWeighted>
      <QtyInPackage>1</QtyInPackage>
      <ItemPrice>28.90</ItemPrice>
      <UnitOfMeasurePrice>28.90</UnitOfMeasurePrice>
      <AllowDiscount>1</AllowDiscount>
      <itemStatus>1</itemStatus>
      <LastUpdateDate />
      <LastUpdateTime />
    </Product>
    <Product>
      <PriceUpdateDate>2018/10/23 12:36</PriceUpdateDate>
      <ItemCode>8001090910120</ItemCode>
      <ItemType>1</ItemType>
      <ItemName>פנטן מרכך מרוקאי משקם  500מ"ל</ItemName>
      <ManufactureName>דיפלומט מפיצים 1968 בעמ</ManufactureName>
      <ManufactureCountry />
      <ManufactureItemDescription />
      <UnitQty>י"ח</UnitQty>
      <Quantity>500</Quantity>
      <UnitMeasure>ל  מ"ל</UnitMeasure>
      <BisWeighted>0</BisWeighted>
      <QtyInPackage>1</QtyInPackage>
      <ItemPrice>17.90</ItemPrice>
      <UnitOfMeasurePrice>3.58</UnitOfMeasurePrice>
      <AllowDiscount>1</AllowDiscount>
      <itemStatus>1</itemStatus>
      <LastUpdateDate />
      <LastUpdateTime />
    </Product>
    <Product>
      <PriceUpdateDate>2019/04/24 11:04</PriceUpdateDate>
      <ItemCode>8001090943095</ItemCode>
      <ItemType>1</ItemType>
      <ItemName>פיירי אנטי בקטריאלי 1.015ל</ItemName>
      <ManufactureName>דיפלומט מפיצים 1968 בעמ</ManufactureName>
      <ManufactureCountry />
      <ManufactureItemDescription />
      <UnitQty>י"ח</UnitQty>
      <Quantity>1.01</Quantity>
      <UnitMeasure>ליטר</UnitMeasure>
      <BisWeighted>0</BisWeighted>
      <QtyInPackage>1</QtyInPackage>
      <ItemPrice>16.90</ItemPrice>
      <UnitOfMeasurePrice>16.73</UnitOfMeasurePrice>
      <AllowDiscount>1</AllowDiscount>
      <itemStatus>1</itemStatus>
      <LastUpdateDate />
      <LastUpdateTime />
    </Product>
    <Product>
      <PriceUpdateDate>2019/12/24 08:04</PriceUpdateDate>
      <ItemCode>8001090967657</ItemCode>
      <ItemType>1</ItemType>
      <ItemName>פמפרס מכנסונים שלב 4 29יח</ItemName>
      <ManufactureName>דיפלומט מפיצים 1968 בעמ</ManufactureName>
      <ManufactureCountry />
      <ManufactureItemDescription />
      <UnitQty>י"ח</UnitQty>
      <Quantity>1</Quantity>
      <UnitMeasure />
      <BisWeighted>0</BisWeighted>
      <QtyInPackage>1</QtyInPackage>
      <ItemPrice>44.90</ItemPrice>
      <UnitOfMeasurePrice>44.90</UnitOfMeasurePrice>
      <AllowDiscount>1</AllowDiscount>
      <itemStatus>1</itemStatus>
      <LastUpdateDate />
      <LastUpdateTime />
    </Product>
    <Product>
      <PriceUpdateDate>2019/12/24 08:04</PriceUpdateDate>
      <ItemCode>8001090967688</ItemCode>
      <ItemType>1</ItemType>
      <ItemName>פמפרס מכנסונים שלב 5 26יח</ItemName>
      <ManufactureName>דיפלומט מפיצים 1968 בעמ</ManufactureName>
      <ManufactureCountry />
      <ManufactureItemDescription />
      <UnitQty>י"ח</UnitQty>
      <Quantity>1</Quantity>
      <UnitMeasure />
      <BisWeighted>0</BisWeighted>
      <QtyInPackage>1</QtyInPackage>
      <ItemPrice>44.90</ItemPrice>
      <UnitOfMeasurePrice>44.90</UnitOfMeasurePrice>
      <AllowDiscount>1</AllowDiscount>
      <itemStatus>1</itemStatus>
      <LastUpdateDate />
      <LastUpdateTime />
    </Product>
    <Product>
      <PriceUpdateDate>2019/12/24 08:04</PriceUpdateDate>
      <ItemCode>8001090967718</ItemCode>
      <ItemType>1</ItemType>
      <ItemName>פמפרס מכנסונים שלב 6 23יח</ItemName>
      <ManufactureName>דיפלומט מפיצים 1968 בעמ</ManufactureName>
      <ManufactureCountry />
      <ManufactureItemDescription />
      <UnitQty>י"ח</UnitQty>
      <Quantity>1</Quantity>
      <UnitMeasure />
      <BisWeighted>0</BisWeighted>
      <QtyInPackage>1</QtyInPackage>
      <ItemPrice>44.90</ItemPrice>
      <UnitOfMeasurePrice>44.90</UnitOfMeasurePrice>
      <AllowDiscount>1</AllowDiscount>
      <itemStatus>1</itemStatus>
      <LastUpdateDate />
      <LastUpdateTime />
    </Product>
    <Product>
      <PriceUpdateDate>2018/10/23 12:36</PriceUpdateDate>
      <ItemCode>8001090988362</ItemCode>
      <ItemType>1</ItemType>
      <ItemName>פנטן שמפו לחות מוגברת 500מ"ל</ItemName>
      <ManufactureName>דיפלומט מפיצים 1968 בעמ</ManufactureName>
      <ManufactureCountry />
      <ManufactureItemDescription />
      <UnitQty>י"ח</UnitQty>
      <Quantity>500</Quantity>
      <UnitMeasure>ל  מ"ל</UnitMeasure>
      <BisWeighted>0</BisWeighted>
      <QtyInPackage>1</QtyInPackage>
      <ItemPrice>17.90</ItemPrice>
      <UnitOfMeasurePrice>3.58</UnitOfMeasurePrice>
      <AllowDiscount>1</AllowDiscount>
      <itemStatus>1</itemStatus>
      <LastUpdateDate />
      <LastUpdateTime />
    </Product>
    <Product>
      <PriceUpdateDate>2018/10/23 12:36</PriceUpdateDate>
      <ItemCode>8001090988409</ItemCode>
      <ItemType>1</ItemType>
      <ItemName>פנטן שמפו לשיקום שיער צבוע 500מ"ל</ItemName>
      <ManufactureName>דיפלומט מפיצים 1968 בעמ</ManufactureName>
      <ManufactureCountry />
      <ManufactureItemDescription />
      <UnitQty>י"ח</UnitQty>
      <Quantity>500</Quantity>
      <UnitMeasure>ל  מ"ל</UnitMeasure>
      <BisWeighted>0</BisWeighted>
      <QtyInPackage>1</QtyInPackage>
      <ItemPrice>17.90</ItemPrice>
      <UnitOfMeasurePrice>3.58</UnitOfMeasurePrice>
      <AllowDiscount>1</AllowDiscount>
      <itemStatus>1</itemStatus>
      <LastUpdateDate />
      <LastUpdateTime />
    </Product>
    <Product>
      <PriceUpdateDate>2018/10/23 12:36</PriceUpdateDate>
      <ItemCode>8001090988447</ItemCode>
      <ItemType>1</ItemType>
      <ItemName>פנטן מרכך לתלתלים מושלמים  500מ"ל</ItemName>
      <ManufactureName>דיפלומט מפיצים 1968 בעמ</ManufactureName>
      <ManufactureCountry />
      <ManufactureItemDescription />
      <UnitQty>י"ח</UnitQty>
      <Quantity>500</Quantity>
      <UnitMeasure>ל  מ"ל</UnitMeasure>
      <BisWeighted>0</BisWeighted>
      <QtyInPackage>1</QtyInPackage>
      <ItemPrice>17.90</ItemPrice>
      <UnitOfMeasurePrice>3.58</UnitOfMeasurePrice>
      <AllowDiscount>1</AllowDiscount>
      <itemStatus>1</itemStatus>
      <LastUpdateDate />
      <LastUpdateTime />
    </Product>
    <Product>
      <PriceUpdateDate>2018/10/23 12:36</PriceUpdateDate>
      <ItemCode>8001090988768</ItemCode>
      <ItemType>1</ItemType>
      <ItemName>פנטן שמפו הזנת קרטין 500מ"ל</ItemName>
      <ManufactureName>דיפלומט מפיצים 1968 בעמ</ManufactureName>
      <ManufactureCountry />
      <ManufactureItemDescription />
      <UnitQty>י"ח</UnitQty>
      <Quantity>500</Quantity>
      <UnitMeasure>ל  מ"ל</UnitMeasure>
      <BisWeighted>0</BisWeighted>
      <QtyInPackage>1</QtyInPackage>
      <ItemPrice>17.90</ItemPrice>
      <UnitOfMeasurePrice>3.58</UnitOfMeasurePrice>
      <AllowDiscount>1</AllowDiscount>
      <itemStatus>1</itemStatus>
      <LastUpdateDate />
      <LastUpdateTime />
    </Product>
    <Product>
      <PriceUpdateDate>2018/10/23 12:36</PriceUpdateDate>
      <ItemCode>8001090988843</ItemCode>
      <ItemType>1</ItemType>
      <ItemName>פנטן מרכך לחות מוגברת 500מ"ל</ItemName>
      <ManufactureName>דיפלומט מפיצים 1968 בעמ</ManufactureName>
      <ManufactureCountry />
      <ManufactureItemDescription />
      <UnitQty>י"ח</UnitQty>
      <Quantity>500</Quantity>
      <UnitMeasure>ל  מ"ל</UnitMeasure>
      <BisWeighted>0</BisWeighted>
      <QtyInPackage>1</QtyInPackage>
      <ItemPrice>17.90</ItemPrice>
      <UnitOfMeasurePrice>3.58</UnitOfMeasurePrice>
      <AllowDiscount>1</AllowDiscount>
      <itemStatus>1</itemStatus>
      <LastUpdateDate />
      <LastUpdateTime />
    </Product>
    <Product>
      <PriceUpdateDate>2018/10/23 12:36</PriceUpdateDate>
      <ItemCode>8001090988881</ItemCode>
      <ItemType>1</ItemType>
      <ItemName>פנטן מרכך למגע רך כמשי 500מ"ל</ItemName>
      <ManufactureName>דיפלומט מפיצים 1968 בעמ</ManufactureName>
      <ManufactureCountry />
      <ManufactureItemDescription />
      <UnitQty>י"ח</UnitQty>
      <Quantity>500</Quantity>
      <UnitMeasure>ל  מ"ל</UnitMeasure>
      <BisWeighted>0</BisWeighted>
      <QtyInPackage>1</QtyInPackage>
      <ItemPrice>17.90</ItemPrice>
      <UnitOfMeasurePrice>3.58</UnitOfMeasurePrice>
      <AllowDiscount>1</AllowDiscount>
      <itemStatus>1</itemStatus>
      <LastUpdateDate />
      <LastUpdateTime />
    </Product>
    <Product>
      <PriceUpdateDate>2018/10/23 12:36</PriceUpdateDate>
      <ItemCode>8001090988928</ItemCode>
      <ItemType>1</ItemType>
      <ItemName>פנטן מרכך לשיקום שיער צבוע 500מ"ל</ItemName>
      <ManufactureName>דיפלומט מפיצים 1968 בעמ</ManufactureName>
      <ManufactureCountry />
      <ManufactureItemDescription />
      <UnitQty>י"ח</UnitQty>
      <Quantity>500</Quantity>
      <UnitMeasure>ל  מ"ל</UnitMeasure>
      <BisWeighted>0</BisWeighted>
      <QtyInPackage>1</QtyInPackage>
      <ItemPrice>17.90</ItemPrice>
      <UnitOfMeasurePrice>3.58</UnitOfMeasurePrice>
      <AllowDiscount>1</AllowDiscount>
      <itemStatus>1</itemStatus>
      <LastUpdateDate />
      <LastUpdateTime />
    </Product>
    <Product>
      <PriceUpdateDate>2018/10/23 12:36</PriceUpdateDate>
      <ItemCode>8001090988966</ItemCode>
      <ItemType>1</ItemType>
      <ItemName>פנטן שמפו לתלתלים מושלים 500מ"ל</ItemName>
      <ManufactureName>דיפלומט מפיצים 1968 בעמ</ManufactureName>
      <ManufactureCountry />
      <ManufactureItemDescription />
      <UnitQty>י"ח</UnitQty>
      <Quantity>500</Quantity>
      <UnitMeasure>ל  מ"ל</UnitMeasure>
      <BisWeighted>0</BisWeighted>
      <QtyInPackage>1</QtyInPackage>
      <ItemPrice>17.90</ItemPrice>
      <UnitOfMeasurePrice>3.58</UnitOfMeasurePrice>
      <AllowDiscount>1</AllowDiscount>
      <itemStatus>1</itemStatus>
      <LastUpdateDate />
      <LastUpdateTime />
    </Product>
    <Product>
      <PriceUpdateDate>2018/10/23 12:36</PriceUpdateDate>
      <ItemCode>8001090989000</ItemCode>
      <ItemType>1</ItemType>
      <ItemName>פנטן מרכך הזנת קרטין  500מ"ל</ItemName>
      <ManufactureName>דיפלומט מפיצים 1968 בעמ</ManufactureName>
      <ManufactureCountry />
      <ManufactureItemDescription />
      <UnitQty>י"ח</UnitQty>
      <Quantity>500</Quantity>
      <UnitMeasure>ל  מ"ל</UnitMeasure>
      <BisWeighted>0</BisWeighted>
      <QtyInPackage>1</QtyInPackage>
      <ItemPrice>17.90</ItemPrice>
      <UnitOfMeasurePrice>3.58</UnitOfMeasurePrice>
      <AllowDiscount>1</AllowDiscount>
      <itemStatus>1</itemStatus>
      <LastUpdateDate />
      <LastUpdateTime />
    </Product>
    <Product>
      <PriceUpdateDate>2019/11/19 08:41</PriceUpdateDate>
      <ItemCode>8001618991867</ItemCode>
      <ItemType>1</ItemType>
      <ItemName>רוג`ר מאפה במילוי קרם בטעם שוקולד 210גר</ItemName>
      <ManufactureName>מור ים מרקטינג בעמ</ManufactureName>
      <ManufactureCountry />
      <ManufactureItemDescription />
      <UnitQty>י"ח</UnitQty>
      <Quantity>210</Quantity>
      <UnitMeasure>ל  גרם</UnitMeasure>
      <BisWeighted>0</BisWeighted>
      <QtyInPackage>1</QtyInPackage>
      <ItemPrice>13.90</ItemPrice>
      <UnitOfMeasurePrice>6.62</UnitOfMeasurePrice>
      <AllowDiscount>1</AllowDiscount>
      <itemStatus>1</itemStatus>
      <LastUpdateDate />
      <LastUpdateTime />
    </Product>
    <Product>
      <PriceUpdateDate>2019/11/19 08:41</PriceUpdateDate>
      <ItemCode>8001618991874</ItemCode>
      <ItemType>1</ItemType>
      <ItemName>רוג`ר מאפה במילוי קרם בטעם וניל 210גר</ItemName>
      <ManufactureName>מור ים מרקטינג בעמ</ManufactureName>
      <ManufactureCountry />
      <ManufactureItemDescription />
      <UnitQty>י"ח</UnitQty>
      <Quantity>210</Quantity>
      <UnitMeasure>ל  גרם</UnitMeasure>
      <BisWeighted>0</BisWeighted>
      <QtyInPackage>1</QtyInPackage>
      <ItemPrice>13.90</ItemPrice>
      <UnitOfMeasurePrice>6.62</UnitOfMeasurePrice>
      <AllowDiscount>1</AllowDiscount>
      <itemStatus>1</itemStatus>
      <LastUpdateDate />
      <LastUpdateTime />
    </Product>
    <Product>
      <PriceUpdateDate>2013/06/09 11:44</PriceUpdateDate>
      <ItemCode>8001620011935</ItemCode>
      <ItemType>1</ItemType>
      <ItemName>סן בנדטו שישיה 0.5 ל מוגז עדין</ItemName>
      <ManufactureName>טמפו משקאות בעמ</ManufactureName>
      <ManufactureCountry />
      <ManufactureItemDescription />
      <UnitQty>י"ח</UnitQty>
      <Quantity>3</Quantity>
      <UnitMeasure>ליטר</UnitMeasure>
      <BisWeighted>0</BisWeighted>
      <QtyInPackage>1</QtyInPackage>
      <ItemPrice>14.50</ItemPrice>
      <UnitOfMeasurePrice>4.23</UnitOfMeasurePrice>
      <AllowDiscount>1</AllowDiscount>
      <itemStatus>1</itemStatus>
      <LastUpdateDate />
      <LastUpdateTime />
    </Product>
    <Product>
      <PriceUpdateDate>2019/05/12 09:04</PriceUpdateDate>
      <ItemCode>8001620018248</ItemCode>
      <ItemType>1</ItemType>
      <ItemName>סן בנדטו פקק ספורט בקבוק 750מ"ל</ItemName>
      <ManufactureName>טמפו משקאות בעמ</ManufactureName>
      <ManufactureCountry />
      <ManufactureItemDescription />
      <UnitQty>י"ח</UnitQty>
      <Quantity>750</Quantity>
      <UnitMeasure>ל  מ"ל</UnitMeasure>
      <BisWeighted>0</BisWeighted>
      <QtyInPackage>1</QtyInPackage>
      <ItemPrice>3.50</ItemPrice>
      <UnitOfMeasurePrice>0.43</UnitOfMeasurePrice>
      <AllowDiscount>1</AllowDiscount>
      <itemStatus>1</itemStatus>
      <LastUpdateDate />
      <LastUpdateTime />
    </Product>
    <Product>
      <PriceUpdateDate>2019/10/23 13:23</PriceUpdateDate>
      <ItemCode>8001841006512</ItemCode>
      <ItemType>1</ItemType>
      <ItemName>לנור כדוריות בניחוח אוקיינוס 210ג</ItemName>
      <ManufactureName>דיפלומט מפיצים 1968 בעמ</ManufactureName>
      <ManufactureCountry />
      <ManufactureItemDescription />
      <UnitQty>י"ח</UnitQty>
      <Quantity>210</Quantity>
      <UnitMeasure>ל  גרם</UnitMeasure>
      <BisWeighted>0</BisWeighted>
      <QtyInPackage>1</QtyInPackage>
      <ItemPrice>33.90</ItemPrice>
      <UnitOfMeasurePrice>16.14</UnitOfMeasurePrice>
      <AllowDiscount>1</AllowDiscount>
      <itemStatus>1</itemStatus>
      <LastUpdateDate />
      <LastUpdateTime />
    </Product>
    <Product>
      <PriceUpdateDate>2019/10/23 13:23</PriceUpdateDate>
      <ItemCode>8001841006635</ItemCode>
      <ItemType>1</ItemType>
      <ItemName>לנור כדוריות בניחוח סחלב 210ג</ItemName>
      <ManufactureName>דיפלומט מפיצים 1968 בעמ</ManufactureName>
      <ManufactureCountry />
      <ManufactureItemDescription />
      <UnitQty>י"ח</UnitQty>
      <Quantity>210</Quantity>
      <UnitMeasure>ל  גרם</UnitMeasure>
      <BisWeighted>0</BisWeighted>
      <QtyInPackage>1</QtyInPackage>
      <ItemPrice>33.90</ItemPrice>
      <UnitOfMeasurePrice>16.14</UnitOfMeasurePrice>
      <AllowDiscount>1</AllowDiscount>
      <itemStatus>1</itemStatus>
      <LastUpdateDate />
      <LastUpdateTime />
    </Product>
    <Product>
      <PriceUpdateDate>2019/01/10 08:51</PriceUpdateDate>
      <ItemCode>8001841053646</ItemCode>
      <ItemType>1</ItemType>
      <ItemName>אולוייז עבה נורמל פלוס 16יח</ItemName>
      <ManufactureName>דיפלומט מפיצים 1968 בעמ</ManufactureName>
      <ManufactureCountry />
      <ManufactureItemDescription />
      <UnitQty>י"ח</UnitQty>
      <Quantity>1</Quantity>
      <UnitMeasure />
      <BisWeighted>0</BisWeighted>
      <QtyInPackage>1</QtyInPackage>
      <ItemPrice>12.90</ItemPrice>
      <UnitOfMeasurePrice>12.90</UnitOfMeasurePrice>
      <AllowDiscount>1</AllowDiscount>
      <itemStatus>1</itemStatus>
      <LastUpdateDate />
      <LastUpdateTime />
    </Product>
    <Product>
      <PriceUpdateDate>2019/01/10 08:51</PriceUpdateDate>
      <ItemCode>8001841053684</ItemCode>
      <ItemType>1</ItemType>
      <ItemName>אולוויז עבה לונג פלוס 15יח</ItemName>
      <ManufactureName>דיפלומט מפיצים 1968 בעמ</ManufactureName>
      <ManufactureCountry />
      <ManufactureItemDescription />
      <UnitQty>י"ח</UnitQty>
      <Quantity>1</Quantity>
      <UnitMeasure />
      <BisWeighted>0</BisWeighted>
      <QtyInPackage>1</QtyInPackage>
      <ItemPrice>12.90</ItemPrice>
      <UnitOfMeasurePrice>12.90</UnitOfMeasurePrice>
      <AllowDiscount>1</AllowDiscount>
      <itemStatus>1</itemStatus>
      <LastUpdateDate />
      <LastUpdateTime />
    </Product>
    <Product>
      <PriceUpdateDate>2019/01/10 08:51</PriceUpdateDate>
      <ItemCode>8001841053806</ItemCode>
      <ItemType>1</ItemType>
      <ItemName>אולוייז עבה לילה  12יח</ItemName>
      <ManufactureName>דיפלומט מפיצים 1968 בעמ</ManufactureName>
      <ManufactureCountry />
      <ManufactureItemDescription />
      <UnitQty>י"ח</UnitQty>
      <Quantity>1</Quantity>
      <UnitMeasure />
      <BisWeighted>0</BisWeighted>
      <QtyInPackage>1</QtyInPackage>
      <ItemPrice>12.90</ItemPrice>
      <UnitOfMeasurePrice>12.90</UnitOfMeasurePrice>
      <AllowDiscount>1</AllowDiscount>
      <itemStatus>1</itemStatus>
      <LastUpdateDate />
      <LastUpdateTime />
    </Product>
    <Product>
      <PriceUpdateDate>2019/05/23 08:11</PriceUpdateDate>
      <ItemCode>8001841104751</ItemCode>
      <ItemType>1</ItemType>
      <ItemName>פמפרס פרמיום VP מידה 1 1/52</ItemName>
      <ManufactureName>דיפלומט מפיצים 1968 בעמ</ManufactureName>
      <ManufactureCountry />
      <ManufactureItemDescription />
      <UnitQty>י"ח</UnitQty>
      <Quantity>41</Quantity>
      <UnitMeasure>י"ח</UnitMeasure>
      <BisWeighted>0</BisWeighted>
      <QtyInPackage>1</QtyInPackage>
      <ItemPrice>34.90</ItemPrice>
      <UnitOfMeasurePrice>0.85</UnitOfMeasurePrice>
      <AllowDiscount>1</AllowDiscount>
      <itemStatus>1</itemStatus>
      <LastUpdateDate />
      <LastUpdateTime />
    </Product>
    <Product>
      <PriceUpdateDate>2019/05/23 08:11</PriceUpdateDate>
      <ItemCode>8001841104799</ItemCode>
      <ItemType>1</ItemType>
      <ItemName>פמפרס פרמיום VP מידה 2 1/46</ItemName>
      <ManufactureName>דיפלומט מפיצים 1968 בעמ</ManufactureName>
      <ManufactureCountry />
      <ManufactureItemDescription />
      <UnitQty>י"ח</UnitQty>
      <Quantity>41</Quantity>
      <UnitMeasure>י"ח</UnitMeasure>
      <BisWeighted>0</BisWeighted>
      <QtyInPackage>1</QtyInPackage>
      <ItemPrice>34.90</ItemPrice>
      <UnitOfMeasurePrice>0.85</UnitOfMeasurePrice>
      <AllowDiscount>1</AllowDiscount>
      <itemStatus>1</itemStatus>
      <LastUpdateDate />
      <LastUpdateTime />
    </Product>
    <Product>
      <PriceUpdateDate>2019/05/23 08:11</PriceUpdateDate>
      <ItemCode>8001841105093</ItemCode>
      <ItemType>1</ItemType>
      <ItemName>פמפרס פרמיום VP מידה 6 1/26</ItemName>
      <ManufactureName>דיפלומט מפיצים 1968 בעמ</ManufactureName>
      <ManufactureCountry />
      <ManufactureItemDescription />
      <UnitQty>י"ח</UnitQty>
      <Quantity>41</Quantity>
      <UnitMeasure>י"ח</UnitMeasure>
      <BisWeighted>0</BisWeighted>
      <QtyInPackage>1</QtyInPackage>
      <ItemPrice>34.90</ItemPrice>
      <UnitOfMeasurePrice>0.85</UnitOfMeasurePrice>
      <AllowDiscount>1</AllowDiscount>
      <itemStatus>1</itemStatus>
      <LastUpdateDate />
      <LastUpdateTime />
    </Product>
    <Product>
      <PriceUpdateDate>2019/10/23 13:23</PriceUpdateDate>
      <ItemCode>8001841137179</ItemCode>
      <ItemType>1</ItemType>
      <ItemName>הד שולדרס מרכך קלאסי  275מ"ל</ItemName>
      <ManufactureName>דיפלומט מפיצים 1968 בעמ</ManufactureName>
      <ManufactureCountry />
      <ManufactureItemDescription />
      <UnitQty>י"ח</UnitQty>
      <Quantity>275</Quantity>
      <UnitMeasure>ל  מ"ל</UnitMeasure>
      <BisWeighted>0</BisWeighted>
      <QtyInPackage>1</QtyInPackage>
      <ItemPrice>19.20</ItemPrice>
      <UnitOfMeasurePrice>6.98</UnitOfMeasurePrice>
      <AllowDiscount>1</AllowDiscount>
      <itemStatus>1</itemStatus>
      <LastUpdateDate />
      <LastUpdateTime />
    </Product>
    <Product>
      <PriceUpdateDate>2019/10/23 13:23</PriceUpdateDate>
      <ItemCode>8001841137216</ItemCode>
      <ItemType>1</ItemType>
      <ItemName>הד שולדרס מרכך משי  275מ"ל</ItemName>
      <ManufactureName>דיפלומט מפיצים 1968 בעמ</ManufactureName>
      <ManufactureCountry />
      <ManufactureItemDescription />
      <UnitQty>י"ח</UnitQty>
      <Quantity>275</Quantity>
      <UnitMeasure>ל  מ"ל</UnitMeasure>
      <BisWeighted>0</BisWeighted>
      <QtyInPackage>1</QtyInPackage>
      <ItemPrice>19.20</ItemPrice>
      <UnitOfMeasurePrice>6.98</UnitOfMeasurePrice>
      <AllowDiscount>1</AllowDiscount>
      <itemStatus>1</itemStatus>
      <LastUpdateDate />
      <LastUpdateTime />
    </Product>
    <Product>
      <PriceUpdateDate>2019/12/24 08:04</PriceUpdateDate>
      <ItemCode>8001841198248</ItemCode>
      <ItemType>1</ItemType>
      <ItemName>דאודרנט ספריי AI גילט 150מ"ל</ItemName>
      <ManufactureName>דיפלומט מפיצים 1968 בעמ</ManufactureName>
      <ManufactureCountry />
      <ManufactureItemDescription />
      <UnitQty>י"ח</UnitQty>
      <Quantity>150</Quantity>
      <UnitMeasure>ל  מ"ל</UnitMeasure>
      <BisWeighted>0</BisWeighted>
      <QtyInPackage>1</QtyInPackage>
      <ItemPrice>22.90</ItemPrice>
      <UnitOfMeasurePrice>15.27</UnitOfMeasurePrice>
      <AllowDiscount>1</AllowDiscount>
      <itemStatus>1</itemStatus>
      <LastUpdateDate />
      <LastUpdateTime />
    </Product>
    <Product>
      <PriceUpdateDate>2019/12/24 08:04</PriceUpdateDate>
      <ItemCode>8001841198347</ItemCode>
      <ItemType>1</ItemType>
      <ItemName>דאודרנט ספריי CW גילט 150מ"ל</ItemName>
      <ManufactureName>דיפלומט מפיצים 1968 בעמ</ManufactureName>
      <ManufactureCountry />
      <ManufactureItemDescription />
      <UnitQty>י"ח</UnitQty>
      <Quantity>150</Quantity>
      <UnitMeasure>ל  מ"ל</UnitMeasure>
      <BisWeighted>0</BisWeighted>
      <QtyInPackage>1</QtyInPackage>
      <ItemPrice>22.90</ItemPrice>
      <UnitOfMeasurePrice>15.27</UnitOfMeasurePrice>
      <AllowDiscount>1</AllowDiscount>
      <itemStatus>1</itemStatus>
      <LastUpdateDate />
      <LastUpdateTime />
    </Product>
    <Product>
      <PriceUpdateDate>2019/12/24 08:04</PriceUpdateDate>
      <ItemCode>8001841198446</ItemCode>
      <ItemType>1</ItemType>
      <ItemName>דאודרנט ספריי PR גילט 150מ"ל</ItemName>
      <ManufactureName>דיפלומט מפיצים 1968 בעמ</ManufactureName>
      <ManufactureCountry />
      <ManufactureItemDescription />
      <UnitQty>י"ח</UnitQty>
      <Quantity>150</Quantity>
      <UnitMeasure>ל  מ"ל</UnitMeasure>
      <BisWeighted>0</BisWeighted>
      <QtyInPackage>1</QtyInPackage>
      <ItemPrice>22.90</ItemPrice>
      <UnitOfMeasurePrice>15.27</UnitOfMeasurePrice>
      <AllowDiscount>1</AllowDiscount>
      <itemStatus>1</itemStatus>
      <LastUpdateDate />
      <LastUpdateTime />
    </Product>
    <Product>
      <PriceUpdateDate>2019/10/23 13:23</PriceUpdateDate>
      <ItemCode>8001841212845</ItemCode>
      <ItemType>1</ItemType>
      <ItemName>הד שולדרס מרכך תפוח  275מ"ל</ItemName>
      <ManufactureName>דיפלומט מפיצים 1968 בעמ</ManufactureName>
      <ManufactureCountry />
      <ManufactureItemDescription />
      <UnitQty>י"ח</UnitQty>
      <Quantity>275</Quantity>
      <UnitMeasure>ל  מ"ל</UnitMeasure>
      <BisWeighted>0</BisWeighted>
      <QtyInPackage>1</QtyInPackage>
      <ItemPrice>19.20</ItemPrice>
      <UnitOfMeasurePrice>6.98</UnitOfMeasurePrice>
      <AllowDiscount>1</AllowDiscount>
      <itemStatus>1</itemStatus>
      <LastUpdateDate />
      <LastUpdateTime />
    </Product>
    <Product>
      <PriceUpdateDate>2019/10/23 13:23</PriceUpdateDate>
      <ItemCode>8001841312118</ItemCode>
      <ItemType>1</ItemType>
      <ItemName>לנור כדוריות בניחוח יסמין 210ג</ItemName>
      <ManufactureName>דיפלומט מפיצים 1968 בעמ</ManufactureName>
      <ManufactureCountry />
      <ManufactureItemDescription />
      <UnitQty>י"ח</UnitQty>
      <Quantity>210</Quantity>
      <UnitMeasure>ל  גרם</UnitMeasure>
      <BisWeighted>0</BisWeighted>
      <QtyInPackage>1</QtyInPackage>
      <ItemPrice>33.90</ItemPrice>
      <UnitOfMeasurePrice>16.14</UnitOfMeasurePrice>
      <AllowDiscount>1</AllowDiscount>
      <itemStatus>1</itemStatus>
      <LastUpdateDate />
      <LastUpdateTime />
    </Product>
    <Product>
      <PriceUpdateDate>2020/02/26 08:38</PriceUpdateDate>
      <ItemCode>8001841625287</ItemCode>
      <ItemType>1</ItemType>
      <ItemName>פיירי פלטינום לימון 1.015ל</ItemName>
      <ManufactureName>דיפלומט מפיצים 1968 בעמ</ManufactureName>
      <ManufactureCountry />
      <ManufactureItemDescription />
      <UnitQty>י"ח</UnitQty>
      <Quantity>1.01</Quantity>
      <UnitMeasure>ליטר</UnitMeasure>
      <BisWeighted>0</BisWeighted>
      <QtyInPackage>1</QtyInPackage>
      <ItemPrice>15.90</ItemPrice>
      <UnitOfMeasurePrice>15.74</UnitOfMeasurePrice>
      <AllowDiscount>1</AllowDiscount>
      <itemStatus>1</itemStatus>
      <LastUpdateDate />
      <LastUpdateTime />
    </Product>
    <Product>
      <PriceUpdateDate>2019/12/19 08:16</PriceUpdateDate>
      <ItemCode>8002270866524</ItemCode>
      <ItemType>1</ItemType>
      <ItemName>מים סן פלגרינו 1ליטר בקבוק פלסטיק</ItemName>
      <ManufactureName>טמפו משקאות בעמ</ManufactureName>
      <ManufactureCountry />
      <ManufactureItemDescription />
      <UnitQty>י"ח</UnitQty>
      <Quantity>1</Quantity>
      <UnitMeasure>ליטר</UnitMeasure>
      <BisWeighted>0</BisWeighted>
      <QtyInPackage>1</QtyInPackage>
      <ItemPrice>8.90</ItemPrice>
      <UnitOfMeasurePrice>8.90</UnitOfMeasurePrice>
      <AllowDiscount>1</AllowDiscount>
      <itemStatus>1</itemStatus>
      <LastUpdateDate />
      <LastUpdateTime />
    </Product>
    <Product>
      <PriceUpdateDate>2020/04/06 08:06</PriceUpdateDate>
      <ItemCode>8002459900605</ItemCode>
      <ItemType>1</ItemType>
      <ItemName>פסטה מחיטה דורום ספגטי 500ג</ItemName>
      <ManufactureName>מזרח ומערב יבוא ושיווק</ManufactureName>
      <ManufactureCountry />
      <ManufactureItemDescription />
      <UnitQty>י"ח</UnitQty>
      <Quantity>500</Quantity>
      <UnitMeasure>ל  גרם</UnitMeasure>
      <BisWeighted>0</BisWeighted>
      <QtyInPackage>1</QtyInPackage>
      <ItemPrice>10.90</ItemPrice>
      <UnitOfMeasurePrice>2.18</UnitOfMeasurePrice>
      <AllowDiscount>1</AllowDiscount>
      <itemStatus>1</itemStatus>
      <LastUpdateDate />
      <LastUpdateTime />
    </Product>
    <Product>
      <PriceUpdateDate>2020/04/06 08:06</PriceUpdateDate>
      <ItemCode>8002459900612</ItemCode>
      <ItemType>1</ItemType>
      <ItemName>פסטה מחיטה דורום לינגוויני  500ג</ItemName>
      <ManufactureName>מזרח ומערב יבוא ושיווק</ManufactureName>
      <ManufactureCountry />
      <ManufactureItemDescription />
      <UnitQty>י"ח</UnitQty>
      <Quantity>500</Quantity>
      <UnitMeasure>ל  גרם</UnitMeasure>
      <BisWeighted>0</BisWeighted>
      <QtyInPackage>1</QtyInPackage>
      <ItemPrice>10.90</ItemPrice>
      <UnitOfMeasurePrice>2.18</UnitOfMeasurePrice>
      <AllowDiscount>1</AllowDiscount>
      <itemStatus>1</itemStatus>
      <LastUpdateDate />
      <LastUpdateTime />
    </Product>
    <Product>
      <PriceUpdateDate>2020/04/06 08:06</PriceUpdateDate>
      <ItemCode>8002459900674</ItemCode>
      <ItemType>1</ItemType>
      <ItemName>פסטה מחיטה דורום פנה 500ג</ItemName>
      <ManufactureName>מזרח ומערב יבוא ושיווק</ManufactureName>
      <ManufactureCountry />
      <ManufactureItemDescription />
      <UnitQty>י"ח</UnitQty>
      <Quantity>500</Quantity>
      <UnitMeasure>ל  גרם</UnitMeasure>
      <BisWeighted>0</BisWeighted>
      <QtyInPackage>1</QtyInPackage>
      <ItemPrice>10.90</ItemPrice>
      <UnitOfMeasurePrice>2.18</UnitOfMeasurePrice>
      <AllowDiscount>1</AllowDiscount>
      <itemStatus>1</itemStatus>
      <LastUpdateDate />
      <LastUpdateTime />
    </Product>
    <Product>
      <PriceUpdateDate>2020/04/06 08:06</PriceUpdateDate>
      <ItemCode>8002459901091</ItemCode>
      <ItemType>1</ItemType>
      <ItemName>פסטה מחיטה דורום בוקטיני  500ג</ItemName>
      <ManufactureName>מזרח ומערב יבוא ושיווק</ManufactureName>
      <ManufactureCountry />
      <ManufactureItemDescription />
      <UnitQty>י"ח</UnitQty>
      <Quantity>500</Quantity>
      <UnitMeasure>ל  גרם</UnitMeasure>
      <BisWeighted>0</BisWeighted>
      <QtyInPackage>1</QtyInPackage>
      <ItemPrice>10.90</ItemPrice>
      <UnitOfMeasurePrice>2.18</UnitOfMeasurePrice>
      <AllowDiscount>1</AllowDiscount>
      <itemStatus>1</itemStatus>
      <LastUpdateDate />
      <LastUpdateTime />
    </Product>
    <Product>
      <PriceUpdateDate>2020/04/06 08:06</PriceUpdateDate>
      <ItemCode>8002459901473</ItemCode>
      <ItemType>1</ItemType>
      <ItemName>פסטה מחיטה דורום פרפלה 500ג</ItemName>
      <ManufactureName>מזרח ומערב יבוא ושיווק</ManufactureName>
      <ManufactureCountry />
      <ManufactureItemDescription />
      <UnitQty>י"ח</UnitQty>
      <Quantity>500</Quantity>
      <UnitMeasure>ל  גרם</UnitMeasure>
      <BisWeighted>0</BisWeighted>
      <QtyInPackage>1</QtyInPackage>
      <ItemPrice>10.90</ItemPrice>
      <UnitOfMeasurePrice>2.18</UnitOfMeasurePrice>
      <AllowDiscount>1</AllowDiscount>
      <itemStatus>1</itemStatus>
      <LastUpdateDate />
      <LastUpdateTime />
    </Product>
    <Product>
      <PriceUpdateDate>2019/08/12 09:39</PriceUpdateDate>
      <ItemCode>8002910028381</ItemCode>
      <ItemType>1</ItemType>
      <ItemName>פיניש ג ל לימון 600 מל</ItemName>
      <ManufactureName>רקיט בנקיזר (ניר איסט) בעמ</ManufactureName>
      <ManufactureCountry />
      <ManufactureItemDescription />
      <UnitQty>י"ח</UnitQty>
      <Quantity>650</Quantity>
      <UnitMeasure>ל  מ"ל</UnitMeasure>
      <BisWeighted>0</BisWeighted>
      <QtyInPackage>1</QtyInPackage>
      <ItemPrice>34.90</ItemPrice>
      <UnitOfMeasurePrice>5.37</UnitOfMeasurePrice>
      <AllowDiscount>1</AllowDiscount>
      <itemStatus>1</itemStatus>
      <LastUpdateDate />
      <LastUpdateTime />
    </Product>
    <Product>
      <PriceUpdateDate>2017/11/19 08:54</PriceUpdateDate>
      <ItemCode>8002910043476</ItemCode>
      <ItemType>1</ItemType>
      <ItemName>ויט רצועות שעווה לקו ביקיני ובית השחי</ItemName>
      <ManufactureName>רקיט בנקיזר (ניר איסט) בעמ</ManufactureName>
      <ManufactureCountry />
      <ManufactureItemDescription />
      <UnitQty>י"ח</UnitQty>
      <Quantity>1</Quantity>
      <UnitMeasure>י"ח</UnitMeasure>
      <BisWeighted>0</BisWeighted>
      <QtyInPackage>1</QtyInPackage>
      <ItemPrice>29.90</ItemPrice>
      <UnitOfMeasurePrice>29.90</UnitOfMeasurePrice>
      <AllowDiscount>1</AllowDiscount>
      <itemStatus>1</itemStatus>
      <LastUpdateDate />
      <LastUpdateTime />
    </Product>
    <Product>
      <PriceUpdateDate>2019/12/17 10:06</PriceUpdateDate>
      <ItemCode>8003753900438</ItemCode>
      <ItemType>1</ItemType>
      <ItemName>אספרסו טחון 250 גרם</ItemName>
      <ManufactureName>קבוצת אוסם סחר-שות.מוגבלת</ManufactureName>
      <ManufactureCountry />
      <ManufactureItemDescription />
      <UnitQty>י"ח</UnitQty>
      <Quantity>250</Quantity>
      <UnitMeasure>ל  גרם</UnitMeasure>
      <BisWeighted>0</BisWeighted>
      <QtyInPackage>1</QtyInPackage>
      <ItemPrice>39.90</ItemPrice>
      <UnitOfMeasurePrice>15.96</UnitOfMeasurePrice>
      <AllowDiscount>1</AllowDiscount>
      <itemStatus>1</itemStatus>
      <LastUpdateDate />
      <LastUpdateTime />
    </Product>
    <Product>
      <PriceUpdateDate>2019/12/17 10:06</PriceUpdateDate>
      <ItemCode>8003753900469</ItemCode>
      <ItemType>1</ItemType>
      <ItemName>אילי אספרסו טחון 250גר`</ItemName>
      <ManufactureName>קבוצת אוסם סחר-שות.מוגבלת</ManufactureName>
      <ManufactureCountry />
      <ManufactureItemDescription />
      <UnitQty>י"ח</UnitQty>
      <Quantity>250</Quantity>
      <UnitMeasure>ל  גרם</UnitMeasure>
      <BisWeighted>0</BisWeighted>
      <QtyInPackage>1</QtyInPackage>
      <ItemPrice>39.90</ItemPrice>
      <UnitOfMeasurePrice>15.96</UnitOfMeasurePrice>
      <AllowDiscount>1</AllowDiscount>
      <itemStatus>1</itemStatus>
      <LastUpdateDate />
      <LastUpdateTime />
    </Product>
    <Product>
      <PriceUpdateDate>2020/02/02 09:21</PriceUpdateDate>
      <ItemCode>8004030044005</ItemCode>
      <ItemType>1</ItemType>
      <ItemName>טונה ריו בשמן זית</ItemName>
      <ManufactureName>ש.שסטוביץ בעמ</ManufactureName>
      <ManufactureCountry />
      <ManufactureItemDescription />
      <UnitQty>י"ח</UnitQty>
      <Quantity>160</Quantity>
      <UnitMeasure>ל  גרם</UnitMeasure>
      <BisWeighted>0</BisWeighted>
      <QtyInPackage>1</QtyInPackage>
      <ItemPrice>16.90</ItemPrice>
      <UnitOfMeasurePrice>10.56</UnitOfMeasurePrice>
      <AllowDiscount>1</AllowDiscount>
      <itemStatus>1</itemStatus>
      <LastUpdateDate />
      <LastUpdateTime />
    </Product>
    <Product>
      <PriceUpdateDate>2020/02/02 09:21</PriceUpdateDate>
      <ItemCode>8004030081024</ItemCode>
      <ItemType>1</ItemType>
      <ItemName>טונה ריו בשמן זית שום ופלפל</ItemName>
      <ManufactureName>ש.שסטוביץ בעמ</ManufactureName>
      <ManufactureCountry />
      <ManufactureItemDescription />
      <UnitQty>י"ח</UnitQty>
      <Quantity>160</Quantity>
      <UnitMeasure>ל  גרם</UnitMeasure>
      <BisWeighted>0</BisWeighted>
      <QtyInPackage>1</QtyInPackage>
      <ItemPrice>16.90</ItemPrice>
      <UnitOfMeasurePrice>10.56</UnitOfMeasurePrice>
      <AllowDiscount>1</AllowDiscount>
      <itemStatus>1</itemStatus>
      <LastUpdateDate />
      <LastUpdateTime />
    </Product>
    <Product>
      <PriceUpdateDate>2016/03/27 07:53</PriceUpdateDate>
      <ItemCode>8005200156573</ItemCode>
      <ItemType>1</ItemType>
      <ItemName>נסטי בטעם  ענבים 0.5ל</ItemName>
      <ManufactureName>טמפו משקאות בעמ</ManufactureName>
      <ManufactureCountry />
      <ManufactureItemDescription />
      <UnitQty>י"ח</UnitQty>
      <Quantity>50</Quantity>
      <UnitMeasure>ל  מ"ל</UnitMeasure>
      <BisWeighted>0</BisWeighted>
      <QtyInPackage>1</QtyInPackage>
      <ItemPrice>5.30</ItemPrice>
      <UnitOfMeasurePrice>10</UnitOfMeasurePrice>
      <AllowDiscount>1</AllowDiscount>
      <itemStatus>1</itemStatus>
      <LastUpdateDate />
      <LastUpdateTime />
    </Product>
    <Product>
      <PriceUpdateDate>2018/12/12 13:31</PriceUpdateDate>
      <ItemCode>8005200176564</ItemCode>
      <ItemType>1</ItemType>
      <ItemName>נסטי מוגז טעם תפוח 1.5ל</ItemName>
      <ManufactureName>טמפו משקאות בעמ</ManufactureName>
      <ManufactureCountry />
      <ManufactureItemDescription />
      <UnitQty>י"ח</UnitQty>
      <Quantity>1.50</Quantity>
      <UnitMeasure>ליטר</UnitMeasure>
      <BisWeighted>0</BisWeighted>
      <QtyInPackage>1</QtyInPackage>
      <ItemPrice>6.20</ItemPrice>
      <UnitOfMeasurePrice>4.13</UnitOfMeasurePrice>
      <AllowDiscount>1</AllowDiscount>
      <itemStatus>1</itemStatus>
      <LastUpdateDate />
      <LastUpdateTime />
    </Product>
    <Product>
      <PriceUpdateDate>2013/06/09 15:16</PriceUpdateDate>
      <ItemCode>8005200486526</ItemCode>
      <ItemType>1</ItemType>
      <ItemName>נסטי בטעם אפרסק 0.5ל</ItemName>
      <ManufactureName>טמפו משקאות בעמ</ManufactureName>
      <ManufactureCountry />
      <ManufactureItemDescription />
      <UnitQty>י"ח</UnitQty>
      <Quantity>50</Quantity>
      <UnitMeasure>ל  מ"ל</UnitMeasure>
      <BisWeighted>0</BisWeighted>
      <QtyInPackage>1</QtyInPackage>
      <ItemPrice>5.30</ItemPrice>
      <UnitOfMeasurePrice>10</UnitOfMeasurePrice>
      <AllowDiscount>1</AllowDiscount>
      <itemStatus>1</itemStatus>
      <LastUpdateDate />
      <LastUpdateTime />
    </Product>
    <Product>
      <PriceUpdateDate>2018/12/12 13:31</PriceUpdateDate>
      <ItemCode>8005200496525</ItemCode>
      <ItemType>1</ItemType>
      <ItemName>נסטי בטעם אפרסק 1.5ל</ItemName>
      <ManufactureName>טמפו משקאות בעמ</ManufactureName>
      <ManufactureCountry />
      <ManufactureItemDescription />
      <UnitQty>י"ח</UnitQty>
      <Quantity>1.50</Quantity>
      <UnitMeasure>ליטר</UnitMeasure>
      <BisWeighted>0</BisWeighted>
      <QtyInPackage>1</QtyInPackage>
      <ItemPrice>6.20</ItemPrice>
      <UnitOfMeasurePrice>4.13</UnitOfMeasurePrice>
      <AllowDiscount>1</AllowDiscount>
      <itemStatus>1</itemStatus>
      <LastUpdateDate />
      <LastUpdateTime />
    </Product>
    <Product>
      <PriceUpdateDate>2018/12/12 13:31</PriceUpdateDate>
      <ItemCode>8005200516520</ItemCode>
      <ItemType>1</ItemType>
      <ItemName>נסטי דיאט בטעם אפרסק 1.5ל</ItemName>
      <ManufactureName>טמפו משקאות בעמ</ManufactureName>
      <ManufactureCountry />
      <ManufactureItemDescription />
      <UnitQty>י"ח</UnitQty>
      <Quantity>1.50</Quantity>
      <UnitMeasure>ליטר</UnitMeasure>
      <BisWeighted>0</BisWeighted>
      <QtyInPackage>1</QtyInPackage>
      <ItemPrice>6.20</ItemPrice>
      <UnitOfMeasurePrice>4.13</UnitOfMeasurePrice>
      <AllowDiscount>1</AllowDiscount>
      <itemStatus>1</itemStatus>
      <LastUpdateDate />
      <LastUpdateTime />
    </Product>
    <Product>
      <PriceUpdateDate>2013/06/09 15:16</PriceUpdateDate>
      <ItemCode>8005200526527</ItemCode>
      <ItemType>1</ItemType>
      <ItemName>נסטי  0.5ל</ItemName>
      <ManufactureName>קבוצת אוסם סחר-שות.מוגבלת</ManufactureName>
      <ManufactureCountry />
      <ManufactureItemDescription />
      <UnitQty>י"ח</UnitQty>
      <Quantity>50</Quantity>
      <UnitMeasure>ל  מ"ל</UnitMeasure>
      <BisWeighted>0</BisWeighted>
      <QtyInPackage>1</QtyInPackage>
      <ItemPrice>5</ItemPrice>
      <UnitOfMeasurePrice>10</UnitOfMeasurePrice>
      <AllowDiscount>1</AllowDiscount>
      <itemStatus>1</itemStatus>
      <LastUpdateDate />
      <LastUpdateTime />
    </Product>
    <Product>
      <PriceUpdateDate>2013/06/09 15:16</PriceUpdateDate>
      <ItemCode>8005200526529</ItemCode>
      <ItemType>1</ItemType>
      <ItemName>נסטי בטעם אמנגו אננס 0.5ל</ItemName>
      <ManufactureName>טמפו משקאות בעמ</ManufactureName>
      <ManufactureCountry />
      <ManufactureItemDescription />
      <UnitQty>י"ח</UnitQty>
      <Quantity>50</Quantity>
      <UnitMeasure>ל  מ"ל</UnitMeasure>
      <BisWeighted>0</BisWeighted>
      <QtyInPackage>1</QtyInPackage>
      <ItemPrice>5.30</ItemPrice>
      <UnitOfMeasurePrice>10</UnitOfMeasurePrice>
      <AllowDiscount>1</AllowDiscount>
      <itemStatus>1</itemStatus>
      <LastUpdateDate />
      <LastUpdateTime />
    </Product>
    <Product>
      <PriceUpdateDate>2018/12/12 13:31</PriceUpdateDate>
      <ItemCode>8005200536528</ItemCode>
      <ItemType>1</ItemType>
      <ItemName>נסטי בטעם מנגו אננס  1.5ל</ItemName>
      <ManufactureName>טמפו משקאות בעמ</ManufactureName>
      <ManufactureCountry />
      <ManufactureItemDescription />
      <UnitQty>י"ח</UnitQty>
      <Quantity>1.50</Quantity>
      <UnitMeasure>ליטר</UnitMeasure>
      <BisWeighted>0</BisWeighted>
      <QtyInPackage>1</QtyInPackage>
      <ItemPrice>6.20</ItemPrice>
      <UnitOfMeasurePrice>4.13</UnitOfMeasurePrice>
      <AllowDiscount>1</AllowDiscount>
      <itemStatus>1</itemStatus>
      <LastUpdateDate />
      <LastUpdateTime />
    </Product>
    <Product>
      <PriceUpdateDate>2013/06/09 15:16</PriceUpdateDate>
      <ItemCode>8005200546527</ItemCode>
      <ItemType>1</ItemType>
      <ItemName>נסטי  0.5ל</ItemName>
      <ManufactureName>קבוצת אוסם סחר-שות.מוגבלת</ManufactureName>
      <ManufactureCountry />
      <ManufactureItemDescription />
      <UnitQty>י"ח</UnitQty>
      <Quantity>50</Quantity>
      <UnitMeasure>ל  מ"ל</UnitMeasure>
      <BisWeighted>0</BisWeighted>
      <QtyInPackage>1</QtyInPackage>
      <ItemPrice>5.30</ItemPrice>
      <UnitOfMeasurePrice>10</UnitOfMeasurePrice>
      <AllowDiscount>1</AllowDiscount>
      <itemStatus>1</itemStatus>
      <LastUpdateDate />
      <LastUpdateTime />
    </Product>
    <Product>
      <PriceUpdateDate>2018/12/12 13:31</PriceUpdateDate>
      <ItemCode>8005200556526</ItemCode>
      <ItemType>1</ItemType>
      <ItemName>נסטי בטעם לימון 1.5ל</ItemName>
      <ManufactureName>טמפו משקאות בעמ</ManufactureName>
      <ManufactureCountry />
      <ManufactureItemDescription />
      <UnitQty>י"ח</UnitQty>
      <Quantity>1.50</Quantity>
      <UnitMeasure>ליטר</UnitMeasure>
      <BisWeighted>0</BisWeighted>
      <QtyInPackage>1</QtyInPackage>
      <ItemPrice>6.20</ItemPrice>
      <UnitOfMeasurePrice>4.13</UnitOfMeasurePrice>
      <AllowDiscount>1</AllowDiscount>
      <itemStatus>1</itemStatus>
      <LastUpdateDate />
      <LastUpdateTime />
    </Product>
    <Product>
      <PriceUpdateDate>2018/12/12 13:31</PriceUpdateDate>
      <ItemCode>8005200786527</ItemCode>
      <ItemType>1</ItemType>
      <ItemName>נסטי בטעם תפוח 1.5ל</ItemName>
      <ManufactureName>טמפו משקאות בעמ</ManufactureName>
      <ManufactureCountry />
      <ManufactureItemDescription />
      <UnitQty>י"ח</UnitQty>
      <Quantity>1.50</Quantity>
      <UnitMeasure>ליטר</UnitMeasure>
      <BisWeighted>0</BisWeighted>
      <QtyInPackage>1</QtyInPackage>
      <ItemPrice>6.20</ItemPrice>
      <UnitOfMeasurePrice>4.13</UnitOfMeasurePrice>
      <AllowDiscount>1</AllowDiscount>
      <itemStatus>1</itemStatus>
      <LastUpdateDate />
      <LastUpdateTime />
    </Product>
    <Product>
      <PriceUpdateDate>2015/05/15 09:22</PriceUpdateDate>
      <ItemCode>8005200816538</ItemCode>
      <ItemType>1</ItemType>
      <ItemName>נסטי מוגז טעם אפרסק  0.5ל</ItemName>
      <ManufactureName>קבוצת אוסם סחר-שות.מוגבלת</ManufactureName>
      <ManufactureCountry />
      <ManufactureItemDescription />
      <UnitQty>י"ח</UnitQty>
      <Quantity>50</Quantity>
      <UnitMeasure>ל  מ"ל</UnitMeasure>
      <BisWeighted>0</BisWeighted>
      <QtyInPackage>1</QtyInPackage>
      <ItemPrice>5.50</ItemPrice>
      <UnitOfMeasurePrice>10.40</UnitOfMeasurePrice>
      <AllowDiscount>1</AllowDiscount>
      <itemStatus>1</itemStatus>
      <LastUpdateDate />
      <LastUpdateTime />
    </Product>
    <Product>
      <PriceUpdateDate>2015/05/15 09:22</PriceUpdateDate>
      <ItemCode>8005200856534</ItemCode>
      <ItemType>1</ItemType>
      <ItemName>נסטי מוגז טעם דיאט אפרסק  0.5ל</ItemName>
      <ManufactureName>קבוצת אוסם סחר-שות.מוגבלת</ManufactureName>
      <ManufactureCountry />
      <ManufactureItemDescription />
      <UnitQty>י"ח</UnitQty>
      <Quantity>50</Quantity>
      <UnitMeasure>ל  מ"ל</UnitMeasure>
      <BisWeighted>0</BisWeighted>
      <QtyInPackage>1</QtyInPackage>
      <ItemPrice>5.20</ItemPrice>
      <UnitOfMeasurePrice>10.40</UnitOfMeasurePrice>
      <AllowDiscount>1</AllowDiscount>
      <itemStatus>1</itemStatus>
      <LastUpdateDate />
      <LastUpdateTime />
    </Product>
    <Product>
      <PriceUpdateDate>2018/12/12 13:31</PriceUpdateDate>
      <ItemCode>8005217176557</ItemCode>
      <ItemType>1</ItemType>
      <ItemName>נסטי בטעם ענבים  1.5ל</ItemName>
      <ManufactureName>טמפו משקאות בעמ</ManufactureName>
      <ManufactureCountry />
      <ManufactureItemDescription />
      <UnitQty>י"ח</UnitQty>
      <Quantity>1.50</Quantity>
      <UnitMeasure>ליטר</UnitMeasure>
      <BisWeighted>0</BisWeighted>
      <QtyInPackage>1</QtyInPackage>
      <ItemPrice>6.20</ItemPrice>
      <UnitOfMeasurePrice>4.13</UnitOfMeasurePrice>
      <AllowDiscount>1</AllowDiscount>
      <itemStatus>1</itemStatus>
      <LastUpdateDate />
      <LastUpdateTime />
    </Product>
    <Product>
      <PriceUpdateDate>2017/01/26 13:54</PriceUpdateDate>
      <ItemCode>8005803010357</ItemCode>
      <ItemType>1</ItemType>
      <ItemName>גריסיני מקלות אפויים קלאסי 125ג</ItemName>
      <ManufactureName>ליימן שליסל</ManufactureName>
      <ManufactureCountry />
      <ManufactureItemDescription />
      <UnitQty>י"ח</UnitQty>
      <Quantity>125</Quantity>
      <UnitMeasure>ל  גרם</UnitMeasure>
      <BisWeighted>0</BisWeighted>
      <QtyInPackage>1</QtyInPackage>
      <ItemPrice>7.90</ItemPrice>
      <UnitOfMeasurePrice>6.32</UnitOfMeasurePrice>
      <AllowDiscount>1</AllowDiscount>
      <itemStatus>1</itemStatus>
      <LastUpdateDate />
      <LastUpdateTime />
    </Product>
    <Product>
      <PriceUpdateDate>2017/01/26 13:54</PriceUpdateDate>
      <ItemCode>8005803010371</ItemCode>
      <ItemType>1</ItemType>
      <ItemName>גריסיני מקלות אפויים רוזמרין 125ג</ItemName>
      <ManufactureName>ליימן שליסל</ManufactureName>
      <ManufactureCountry />
      <ManufactureItemDescription />
      <UnitQty>י"ח</UnitQty>
      <Quantity>125</Quantity>
      <UnitMeasure>ל  גרם</UnitMeasure>
      <BisWeighted>0</BisWeighted>
      <QtyInPackage>1</QtyInPackage>
      <ItemPrice>7.90</ItemPrice>
      <UnitOfMeasurePrice>6.32</UnitOfMeasurePrice>
      <AllowDiscount>1</AllowDiscount>
      <itemStatus>1</itemStatus>
      <LastUpdateDate />
      <LastUpdateTime />
    </Product>
    <Product>
      <PriceUpdateDate>2017/01/26 13:54</PriceUpdateDate>
      <ItemCode>8005803010586</ItemCode>
      <ItemType>1</ItemType>
      <ItemName>גריסיני מקלות אפויים פיצה 125ג</ItemName>
      <ManufactureName>ליימן שליסל</ManufactureName>
      <ManufactureCountry />
      <ManufactureItemDescription />
      <UnitQty>י"ח</UnitQty>
      <Quantity>125</Quantity>
      <UnitMeasure>ל  גרם</UnitMeasure>
      <BisWeighted>0</BisWeighted>
      <QtyInPackage>1</QtyInPackage>
      <ItemPrice>7.90</ItemPrice>
      <UnitOfMeasurePrice>6.32</UnitOfMeasurePrice>
      <AllowDiscount>1</AllowDiscount>
      <itemStatus>1</itemStatus>
      <LastUpdateDate />
      <LastUpdateTime />
    </Product>
    <Product>
      <PriceUpdateDate>2017/01/26 13:54</PriceUpdateDate>
      <ItemCode>8005803010661</ItemCode>
      <ItemType>1</ItemType>
      <ItemName>גריסיני מקלות אפויים שומשום 125ג</ItemName>
      <ManufactureName>ליימן שליסל</ManufactureName>
      <ManufactureCountry />
      <ManufactureItemDescription />
      <UnitQty>י"ח</UnitQty>
      <Quantity>125</Quantity>
      <UnitMeasure>ל  גרם</UnitMeasure>
      <BisWeighted>0</BisWeighted>
      <QtyInPackage>1</QtyInPackage>
      <ItemPrice>7.90</ItemPrice>
      <UnitOfMeasurePrice>6.32</UnitOfMeasurePrice>
      <AllowDiscount>1</AllowDiscount>
      <itemStatus>1</itemStatus>
      <LastUpdateDate />
      <LastUpdateTime />
    </Product>
    <Product>
      <PriceUpdateDate>2016/07/18 08:47</PriceUpdateDate>
      <ItemCode>8008660210014</ItemCode>
      <ItemType>1</ItemType>
      <ItemName>מעדן משמש  300ג</ItemName>
      <ManufactureName>תה ויסוצקי (ישראל)בעמ</ManufactureName>
      <ManufactureCountry />
      <ManufactureItemDescription />
      <UnitQty>י"ח</UnitQty>
      <Quantity>300</Quantity>
      <UnitMeasure>ל  גרם</UnitMeasure>
      <BisWeighted>0</BisWeighted>
      <QtyInPackage>1</QtyInPackage>
      <ItemPrice>17.90</ItemPrice>
      <UnitOfMeasurePrice>5.97</UnitOfMeasurePrice>
      <AllowDiscount>1</AllowDiscount>
      <itemStatus>1</itemStatus>
      <LastUpdateDate />
      <LastUpdateTime />
    </Product>
    <Product>
      <PriceUpdateDate>2016/07/18 08:47</PriceUpdateDate>
      <ItemCode>8008660210021</ItemCode>
      <ItemType>1</ItemType>
      <ItemName>מעדן דובדבן 300ג</ItemName>
      <ManufactureName>תה ויסוצקי (ישראל)בעמ</ManufactureName>
      <ManufactureCountry />
      <ManufactureItemDescription />
      <UnitQty>י"ח</UnitQty>
      <Quantity>300</Quantity>
      <UnitMeasure>ל  גרם</UnitMeasure>
      <BisWeighted>0</BisWeighted>
      <QtyInPackage>1</QtyInPackage>
      <ItemPrice>17.90</ItemPrice>
      <UnitOfMeasurePrice>5.97</UnitOfMeasurePrice>
      <AllowDiscount>1</AllowDiscount>
      <itemStatus>1</itemStatus>
      <LastUpdateDate />
      <LastUpdateTime />
    </Product>
    <Product>
      <PriceUpdateDate>2016/07/18 08:47</PriceUpdateDate>
      <ItemCode>8008660210038</ItemCode>
      <ItemType>1</ItemType>
      <ItemName>מעדן תות שדה   300ג</ItemName>
      <ManufactureName>תה ויסוצקי (ישראל)בעמ</ManufactureName>
      <ManufactureCountry />
      <ManufactureItemDescription />
      <UnitQty>י"ח</UnitQty>
      <Quantity>300</Quantity>
      <UnitMeasure>ל  גרם</UnitMeasure>
      <BisWeighted>0</BisWeighted>
      <QtyInPackage>1</QtyInPackage>
      <ItemPrice>17.90</ItemPrice>
      <UnitOfMeasurePrice>5.97</UnitOfMeasurePrice>
      <AllowDiscount>1</AllowDiscount>
      <itemStatus>1</itemStatus>
      <LastUpdateDate />
      <LastUpdateTime />
    </Product>
    <Product>
      <PriceUpdateDate>2016/07/18 08:47</PriceUpdateDate>
      <ItemCode>8008660210045</ItemCode>
      <ItemType>1</ItemType>
      <ItemName>מעדן פירות יער   300ג</ItemName>
      <ManufactureName>תה ויסוצקי (ישראל)בעמ</ManufactureName>
      <ManufactureCountry />
      <ManufactureItemDescription />
      <UnitQty>י"ח</UnitQty>
      <Quantity>300</Quantity>
      <UnitMeasure>ל  גרם</UnitMeasure>
      <BisWeighted>0</BisWeighted>
      <QtyInPackage>1</QtyInPackage>
      <ItemPrice>17.90</ItemPrice>
      <UnitOfMeasurePrice>5.97</UnitOfMeasurePrice>
      <AllowDiscount>1</AllowDiscount>
      <itemStatus>1</itemStatus>
      <LastUpdateDate />
      <LastUpdateTime />
    </Product>
    <Product>
      <PriceUpdateDate>2018/11/23 08:39</PriceUpdateDate>
      <ItemCode>8008660210052</ItemCode>
      <ItemType>1</ItemType>
      <ItemName>מעדן פרי תפוז  320ג</ItemName>
      <ManufactureName>תה ויסוצקי (ישראל)בעמ</ManufactureName>
      <ManufactureCountry />
      <ManufactureItemDescription />
      <UnitQty>י"ח</UnitQty>
      <Quantity>320</Quantity>
      <UnitMeasure>ל  גרם</UnitMeasure>
      <BisWeighted>0</BisWeighted>
      <QtyInPackage>1</QtyInPackage>
      <ItemPrice>17.90</ItemPrice>
      <UnitOfMeasurePrice>5.59</UnitOfMeasurePrice>
      <AllowDiscount>1</AllowDiscount>
      <itemStatus>1</itemStatus>
      <LastUpdateDate />
      <LastUpdateTime />
    </Product>
    <Product>
      <PriceUpdateDate>2018/11/23 08:39</PriceUpdateDate>
      <ItemCode>8008660210069</ItemCode>
      <ItemType>1</ItemType>
      <ItemName>מעדן פרי אפרסק פסיפלורה  320ג</ItemName>
      <ManufactureName>תה ויסוצקי (ישראל)בעמ</ManufactureName>
      <ManufactureCountry />
      <ManufactureItemDescription />
      <UnitQty>י"ח</UnitQty>
      <Quantity>320</Quantity>
      <UnitMeasure>ל  גרם</UnitMeasure>
      <BisWeighted>0</BisWeighted>
      <QtyInPackage>1</QtyInPackage>
      <ItemPrice>17.90</ItemPrice>
      <UnitOfMeasurePrice>5.59</UnitOfMeasurePrice>
      <AllowDiscount>1</AllowDiscount>
      <itemStatus>1</itemStatus>
      <LastUpdateDate />
      <LastUpdateTime />
    </Product>
    <Product>
      <PriceUpdateDate>2017/07/30 08:19</PriceUpdateDate>
      <ItemCode>8008920150104</ItemCode>
      <ItemType>1</ItemType>
      <ItemName>למברוסקו אדום חצי יבש</ItemName>
      <ManufactureName>היכל היין שקד גולן בעמ</ManufactureName>
      <ManufactureCountry />
      <ManufactureItemDescription />
      <UnitQty>י"ח</UnitQty>
      <Quantity>1</Quantity>
      <UnitMeasure />
      <BisWeighted>0</BisWeighted>
      <QtyInPackage>1</QtyInPackage>
      <ItemPrice>26.90</ItemPrice>
      <UnitOfMeasurePrice>26.90</UnitOfMeasurePrice>
      <AllowDiscount>1</AllowDiscount>
      <itemStatus>1</itemStatus>
      <LastUpdateDate />
      <LastUpdateTime />
    </Product>
    <Product>
      <PriceUpdateDate>2017/07/30 08:19</PriceUpdateDate>
      <ItemCode>8008920150111</ItemCode>
      <ItemType>1</ItemType>
      <ItemName>למברוסקו רוזה חצי יבש</ItemName>
      <ManufactureName>היכל היין שקד גולן בעמ</ManufactureName>
      <ManufactureCountry />
      <ManufactureItemDescription />
      <UnitQty>י"ח</UnitQty>
      <Quantity>1</Quantity>
      <UnitMeasure />
      <BisWeighted>0</BisWeighted>
      <QtyInPackage>1</QtyInPackage>
      <ItemPrice>26.90</ItemPrice>
      <UnitOfMeasurePrice>26.90</UnitOfMeasurePrice>
      <AllowDiscount>1</AllowDiscount>
      <itemStatus>1</itemStatus>
      <LastUpdateDate />
      <LastUpdateTime />
    </Product>
    <Product>
      <PriceUpdateDate>2017/07/30 08:19</PriceUpdateDate>
      <ItemCode>8008920150128</ItemCode>
      <ItemType>1</ItemType>
      <ItemName>למברוסקו לבן חצי יבש</ItemName>
      <ManufactureName>היכל היין שקד גולן בעמ</ManufactureName>
      <ManufactureCountry />
      <ManufactureItemDescription />
      <UnitQty>י"ח</UnitQty>
      <Quantity>1</Quantity>
      <UnitMeasure />
      <BisWeighted>0</BisWeighted>
      <QtyInPackage>1</QtyInPackage>
      <ItemPrice>26.90</ItemPrice>
      <UnitOfMeasurePrice>26.90</UnitOfMeasurePrice>
      <AllowDiscount>1</AllowDiscount>
      <itemStatus>1</itemStatus>
      <LastUpdateDate />
      <LastUpdateTime />
    </Product>
    <Product>
      <PriceUpdateDate>2015/12/22 08:10</PriceUpdateDate>
      <ItemCode>8011033011279</ItemCode>
      <ItemType>1</ItemType>
      <ItemName>קוסקוס 1ק"ג דין</ItemName>
      <ManufactureName>דין שיווק וקליהבעמ</ManufactureName>
      <ManufactureCountry />
      <ManufactureItemDescription />
      <UnitQty>י"ח</UnitQty>
      <Quantity>1</Quantity>
      <UnitMeasure>ק"ג</UnitMeasure>
      <BisWeighted>0</BisWeighted>
      <QtyInPackage>1</QtyInPackage>
      <ItemPrice>10.90</ItemPrice>
      <UnitOfMeasurePrice>10.90</UnitOfMeasurePrice>
      <AllowDiscount>1</AllowDiscount>
      <itemStatus>1</itemStatus>
      <LastUpdateDate />
      <LastUpdateTime />
    </Product>
    <Product>
      <PriceUpdateDate>2019/08/16 09:21</PriceUpdateDate>
      <ItemCode>8020340031030</ItemCode>
      <ItemType>1</ItemType>
      <ItemName>פסטה ספגטי אורגנית 500 גרם</ItemName>
      <ManufactureName>גורי מוצרי צריכה בעמ</ManufactureName>
      <ManufactureCountry />
      <ManufactureItemDescription />
      <UnitQty>י"ח</UnitQty>
      <Quantity>1</Quantity>
      <UnitMeasure />
      <BisWeighted>0</BisWeighted>
      <QtyInPackage>1</QtyInPackage>
      <ItemPrice>8.90</ItemPrice>
      <UnitOfMeasurePrice>8.90</UnitOfMeasurePrice>
      <AllowDiscount>1</AllowDiscount>
      <itemStatus>1</itemStatus>
      <LastUpdateDate />
      <LastUpdateTime />
    </Product>
    <Product>
      <PriceUpdateDate>2019/08/16 09:21</PriceUpdateDate>
      <ItemCode>8020340031191</ItemCode>
      <ItemType>1</ItemType>
      <ItemName>פסטה פנה אורגנית 500 גרם</ItemName>
      <ManufactureName>גורי מוצרי צריכה בעמ</ManufactureName>
      <ManufactureCountry />
      <ManufactureItemDescription />
      <UnitQty>י"ח</UnitQty>
      <Quantity>1</Quantity>
      <UnitMeasure />
      <BisWeighted>0</BisWeighted>
      <QtyInPackage>1</QtyInPackage>
      <ItemPrice>8.90</ItemPrice>
      <UnitOfMeasurePrice>8.90</UnitOfMeasurePrice>
      <AllowDiscount>1</AllowDiscount>
      <itemStatus>1</itemStatus>
      <LastUpdateDate />
      <LastUpdateTime />
    </Product>
    <Product>
      <PriceUpdateDate>2020/04/07 11:36</PriceUpdateDate>
      <ItemCode>8020340031290</ItemCode>
      <ItemType>1</ItemType>
      <ItemName>פסטה פוזילי אורגנית 500גר</ItemName>
      <ManufactureName>גורי מוצרי צריכה בעמ</ManufactureName>
      <ManufactureCountry />
      <ManufactureItemDescription />
      <UnitQty>י"ח</UnitQty>
      <Quantity>500</Quantity>
      <UnitMeasure>ל  גרם</UnitMeasure>
      <BisWeighted>0</BisWeighted>
      <QtyInPackage>1</QtyInPackage>
      <ItemPrice>8.90</ItemPrice>
      <UnitOfMeasurePrice>1.78</UnitOfMeasurePrice>
      <AllowDiscount>1</AllowDiscount>
      <itemStatus>1</itemStatus>
      <LastUpdateDate />
      <LastUpdateTime />
    </Product>
    <Product>
      <PriceUpdateDate>2020/04/07 11:36</PriceUpdateDate>
      <ItemCode>8020340032037</ItemCode>
      <ItemType>1</ItemType>
      <ItemName>פסטה ספגטי מחיטה מלאה אורגנית 500 גרם</ItemName>
      <ManufactureName>גורי מוצרי צריכה בעמ</ManufactureName>
      <ManufactureCountry />
      <ManufactureItemDescription />
      <UnitQty>י"ח</UnitQty>
      <Quantity>500</Quantity>
      <UnitMeasure>ל  גרם</UnitMeasure>
      <BisWeighted>0</BisWeighted>
      <QtyInPackage>1</QtyInPackage>
      <ItemPrice>8.90</ItemPrice>
      <UnitOfMeasurePrice>1.78</UnitOfMeasurePrice>
      <AllowDiscount>1</AllowDiscount>
      <itemStatus>1</itemStatus>
      <LastUpdateDate />
      <LastUpdateTime />
    </Product>
    <Product>
      <PriceUpdateDate>2020/04/07 11:36</PriceUpdateDate>
      <ItemCode>8020340032198</ItemCode>
      <ItemType>1</ItemType>
      <ItemName>פסטה פנה מחיטה מלאה אורגנית 500 גרם</ItemName>
      <ManufactureName>גורי מוצרי צריכה בעמ</ManufactureName>
      <ManufactureCountry />
      <ManufactureItemDescription />
      <UnitQty>י"ח</UnitQty>
      <Quantity>1</Quantity>
      <UnitMeasure />
      <BisWeighted>0</BisWeighted>
      <QtyInPackage>1</QtyInPackage>
      <ItemPrice>8.90</ItemPrice>
      <UnitOfMeasurePrice>8.90</UnitOfMeasurePrice>
      <AllowDiscount>1</AllowDiscount>
      <itemStatus>1</itemStatus>
      <LastUpdateDate />
      <LastUpdateTime />
    </Product>
    <Product>
      <PriceUpdateDate>2019/08/16 09:21</PriceUpdateDate>
      <ItemCode>8020340032297</ItemCode>
      <ItemType>1</ItemType>
      <ItemName>פסטה פוזילי מחיטה אורגנית</ItemName>
      <ManufactureName>גורי מוצרי צריכה בעמ</ManufactureName>
      <ManufactureCountry />
      <ManufactureItemDescription />
      <UnitQty>י"ח</UnitQty>
      <Quantity>1</Quantity>
      <UnitMeasure />
      <BisWeighted>0</BisWeighted>
      <QtyInPackage>1</QtyInPackage>
      <ItemPrice>8.90</ItemPrice>
      <UnitOfMeasurePrice>8.90</UnitOfMeasurePrice>
      <AllowDiscount>1</AllowDiscount>
      <itemStatus>1</itemStatus>
      <LastUpdateDate />
      <LastUpdateTime />
    </Product>
    <Product>
      <PriceUpdateDate>2019/12/22 13:17</PriceUpdateDate>
      <ItemCode>8032793344087</ItemCode>
      <ItemType>1</ItemType>
      <ItemName>רוטב שקשוקה 700 גרם</ItemName>
      <ManufactureName>גורי מוצרי צריכה בעמ</ManufactureName>
      <ManufactureCountry />
      <ManufactureItemDescription />
      <UnitQty>י"ח</UnitQty>
      <Quantity>700</Quantity>
      <UnitMeasure>ל  גרם</UnitMeasure>
      <BisWeighted>0</BisWeighted>
      <QtyInPackage>1</QtyInPackage>
      <ItemPrice>14.90</ItemPrice>
      <UnitOfMeasurePrice>2.13</UnitOfMeasurePrice>
      <AllowDiscount>1</AllowDiscount>
      <itemStatus>1</itemStatus>
      <LastUpdateDate />
      <LastUpdateTime />
    </Product>
    <Product>
      <PriceUpdateDate>2019/12/22 13:17</PriceUpdateDate>
      <ItemCode>8032793344094</ItemCode>
      <ItemType>1</ItemType>
      <ItemName>רוטב שקשוקה פיקנטי 700 גרם</ItemName>
      <ManufactureName>גורי מוצרי צריכה בעמ</ManufactureName>
      <ManufactureCountry />
      <ManufactureItemDescription />
      <UnitQty>י"ח</UnitQty>
      <Quantity>700</Quantity>
      <UnitMeasure>ל  גרם</UnitMeasure>
      <BisWeighted>0</BisWeighted>
      <QtyInPackage>1</QtyInPackage>
      <ItemPrice>14.90</ItemPrice>
      <UnitOfMeasurePrice>2.13</UnitOfMeasurePrice>
      <AllowDiscount>1</AllowDiscount>
      <itemStatus>1</itemStatus>
      <LastUpdateDate />
      <LastUpdateTime />
    </Product>
    <Product>
      <PriceUpdateDate>2016/05/31 12:41</PriceUpdateDate>
      <ItemCode>8076800195019</ItemCode>
      <ItemType>1</ItemType>
      <ItemName>ברילה פסטה קפליני</ItemName>
      <ManufactureName>ש.שסטוביץ בעמ</ManufactureName>
      <ManufactureCountry />
      <ManufactureItemDescription />
      <UnitQty>י"ח</UnitQty>
      <Quantity>500</Quantity>
      <UnitMeasure>ל  גרם</UnitMeasure>
      <BisWeighted>0</BisWeighted>
      <QtyInPackage>1</QtyInPackage>
      <ItemPrice>6.90</ItemPrice>
      <UnitOfMeasurePrice>1.38</UnitOfMeasurePrice>
      <AllowDiscount>1</AllowDiscount>
      <itemStatus>1</itemStatus>
      <LastUpdateDate />
      <LastUpdateTime />
    </Product>
    <Product>
      <PriceUpdateDate>2016/05/31 12:41</PriceUpdateDate>
      <ItemCode>8076800195033</ItemCode>
      <ItemType>1</ItemType>
      <ItemName>ברילה ספגטי מס3.</ItemName>
      <ManufactureName>ש.שסטוביץ בעמ</ManufactureName>
      <ManufactureCountry />
      <ManufactureItemDescription />
      <UnitQty>י"ח</UnitQty>
      <Quantity>500</Quantity>
      <UnitMeasure>ל  גרם</UnitMeasure>
      <BisWeighted>0</BisWeighted>
      <QtyInPackage>1</QtyInPackage>
      <ItemPrice>6.90</ItemPrice>
      <UnitOfMeasurePrice>1.38</UnitOfMeasurePrice>
      <AllowDiscount>1</AllowDiscount>
      <itemStatus>1</itemStatus>
      <LastUpdateDate />
      <LastUpdateTime />
    </Product>
    <Product>
      <PriceUpdateDate>2016/05/31 12:41</PriceUpdateDate>
      <ItemCode>8076800195057</ItemCode>
      <ItemType>1</ItemType>
      <ItemName>ברילה ספגטיני מס  5</ItemName>
      <ManufactureName>ש.שסטוביץ בעמ</ManufactureName>
      <ManufactureCountry />
      <ManufactureItemDescription />
      <UnitQty>י"ח</UnitQty>
      <Quantity>500</Quantity>
      <UnitMeasure>ל  גרם</UnitMeasure>
      <BisWeighted>0</BisWeighted>
      <QtyInPackage>1</QtyInPackage>
      <ItemPrice>6.90</ItemPrice>
      <UnitOfMeasurePrice>1.38</UnitOfMeasurePrice>
      <AllowDiscount>1</AllowDiscount>
      <itemStatus>1</itemStatus>
      <LastUpdateDate />
      <LastUpdateTime />
    </Product>
    <Product>
      <PriceUpdateDate>2016/05/31 12:41</PriceUpdateDate>
      <ItemCode>8076800195132</ItemCode>
      <ItemType>1</ItemType>
      <ItemName>ברילה פסטה בבטה 13</ItemName>
      <ManufactureName>ש.שסטוביץ בעמ</ManufactureName>
      <ManufactureCountry />
      <ManufactureItemDescription />
      <UnitQty>י"ח</UnitQty>
      <Quantity>500</Quantity>
      <UnitMeasure>ל  גרם</UnitMeasure>
      <BisWeighted>0</BisWeighted>
      <QtyInPackage>1</QtyInPackage>
      <ItemPrice>6.90</ItemPrice>
      <UnitOfMeasurePrice>1.38</UnitOfMeasurePrice>
      <AllowDiscount>1</AllowDiscount>
      <itemStatus>1</itemStatus>
      <LastUpdateDate />
      <LastUpdateTime />
    </Product>
    <Product>
      <PriceUpdateDate>2016/05/31 12:41</PriceUpdateDate>
      <ItemCode>8076800315097</ItemCode>
      <ItemType>1</ItemType>
      <ItemName>ברילה בוקטיני 9</ItemName>
      <ManufactureName>ש.שסטוביץ בעמ</ManufactureName>
      <ManufactureCountry />
      <ManufactureItemDescription />
      <UnitQty>י"ח</UnitQty>
      <Quantity>500</Quantity>
      <UnitMeasure>ל  גרם</UnitMeasure>
      <BisWeighted>0</BisWeighted>
      <QtyInPackage>1</QtyInPackage>
      <ItemPrice>6.90</ItemPrice>
      <UnitOfMeasurePrice>1.38</UnitOfMeasurePrice>
      <AllowDiscount>1</AllowDiscount>
      <itemStatus>1</itemStatus>
      <LastUpdateDate />
      <LastUpdateTime />
    </Product>
    <Product>
      <PriceUpdateDate>2014/01/19 10:40</PriceUpdateDate>
      <ItemCode>8076800315271</ItemCode>
      <ItemType>1</ItemType>
      <ItemName>ברילה סטלינה 500ג</ItemName>
      <ManufactureName>ש.שסטוביץ בעמ</ManufactureName>
      <ManufactureCountry />
      <ManufactureItemDescription />
      <UnitQty>י"ח</UnitQty>
      <Quantity>500</Quantity>
      <UnitMeasure>ל  גרם</UnitMeasure>
      <BisWeighted>0</BisWeighted>
      <QtyInPackage>1</QtyInPackage>
      <ItemPrice>11</ItemPrice>
      <UnitOfMeasurePrice>2.20</UnitOfMeasurePrice>
      <AllowDiscount>1</AllowDiscount>
      <itemStatus>1</itemStatus>
      <LastUpdateDate />
      <LastUpdateTime />
    </Product>
    <Product>
      <PriceUpdateDate>2016/05/31 12:41</PriceUpdateDate>
      <ItemCode>8076800315479</ItemCode>
      <ItemType>1</ItemType>
      <ItemName>ברילה פסטה דיטלוני ריגטוני 500ג</ItemName>
      <ManufactureName>ש.שסטוביץ בעמ</ManufactureName>
      <ManufactureCountry />
      <ManufactureItemDescription />
      <UnitQty>י"ח</UnitQty>
      <Quantity>500</Quantity>
      <UnitMeasure>ל  גרם</UnitMeasure>
      <BisWeighted>0</BisWeighted>
      <QtyInPackage>1</QtyInPackage>
      <ItemPrice>6.90</ItemPrice>
      <UnitOfMeasurePrice>1.38</UnitOfMeasurePrice>
      <AllowDiscount>1</AllowDiscount>
      <itemStatus>1</itemStatus>
      <LastUpdateDate />
      <LastUpdateTime />
    </Product>
    <Product>
      <PriceUpdateDate>2016/05/31 12:41</PriceUpdateDate>
      <ItemCode>8076802085738</ItemCode>
      <ItemType>1</ItemType>
      <ItemName>ברילה פנה רגטה 73</ItemName>
      <ManufactureName>ש.שסטוביץ בעמ</ManufactureName>
      <ManufactureCountry />
      <ManufactureItemDescription />
      <UnitQty>י"ח</UnitQty>
      <Quantity>500</Quantity>
      <UnitMeasure>ל  גרם</UnitMeasure>
      <BisWeighted>0</BisWeighted>
      <QtyInPackage>1</QtyInPackage>
      <ItemPrice>6.90</ItemPrice>
      <UnitOfMeasurePrice>1.38</UnitOfMeasurePrice>
      <AllowDiscount>1</AllowDiscount>
      <itemStatus>1</itemStatus>
      <LastUpdateDate />
      <LastUpdateTime />
    </Product>
    <Product>
      <PriceUpdateDate>2016/05/31 12:41</PriceUpdateDate>
      <ItemCode>8076802085837</ItemCode>
      <ItemType>1</ItemType>
      <ItemName>ברילה פסטה טורטיליוני</ItemName>
      <ManufactureName>ש.שסטוביץ בעמ</ManufactureName>
      <ManufactureCountry />
      <ManufactureItemDescription />
      <UnitQty>י"ח</UnitQty>
      <Quantity>500</Quantity>
      <UnitMeasure>ל  גרם</UnitMeasure>
      <BisWeighted>0</BisWeighted>
      <QtyInPackage>1</QtyInPackage>
      <ItemPrice>6.90</ItemPrice>
      <UnitOfMeasurePrice>1.38</UnitOfMeasurePrice>
      <AllowDiscount>1</AllowDiscount>
      <itemStatus>1</itemStatus>
      <LastUpdateDate />
      <LastUpdateTime />
    </Product>
    <Product>
      <PriceUpdateDate>2016/05/31 12:41</PriceUpdateDate>
      <ItemCode>8076802085936</ItemCode>
      <ItemType>1</ItemType>
      <ItemName>ברילה קונציליאה מס3.</ItemName>
      <ManufactureName>ש.שסטוביץ בעמ</ManufactureName>
      <ManufactureCountry />
      <ManufactureItemDescription />
      <UnitQty>י"ח</UnitQty>
      <Quantity>500</Quantity>
      <UnitMeasure>ל  גרם</UnitMeasure>
      <BisWeighted>0</BisWeighted>
      <QtyInPackage>1</QtyInPackage>
      <ItemPrice>6.90</ItemPrice>
      <UnitOfMeasurePrice>1.38</UnitOfMeasurePrice>
      <AllowDiscount>1</AllowDiscount>
      <itemStatus>1</itemStatus>
      <LastUpdateDate />
      <LastUpdateTime />
    </Product>
    <Product>
      <PriceUpdateDate>2016/05/31 12:41</PriceUpdateDate>
      <ItemCode>8076804765546</ItemCode>
      <ItemType>1</ItemType>
      <ItemName>ברילה פסטה מיסטה 500ג</ItemName>
      <ManufactureName>ש.שסטוביץ בעמ</ManufactureName>
      <ManufactureCountry />
      <ManufactureItemDescription />
      <UnitQty>י"ח</UnitQty>
      <Quantity>500</Quantity>
      <UnitMeasure>ל  גרם</UnitMeasure>
      <BisWeighted>0</BisWeighted>
      <QtyInPackage>1</QtyInPackage>
      <ItemPrice>6.90</ItemPrice>
      <UnitOfMeasurePrice>1.38</UnitOfMeasurePrice>
      <AllowDiscount>1</AllowDiscount>
      <itemStatus>1</itemStatus>
      <LastUpdateDate />
      <LastUpdateTime />
    </Product>
    <Product>
      <PriceUpdateDate>2016/05/31 12:41</PriceUpdateDate>
      <ItemCode>8076808050440</ItemCode>
      <ItemType>1</ItemType>
      <ItemName>ברילה מקרוני-44</ItemName>
      <ManufactureName>ש.שסטוביץ בעמ</ManufactureName>
      <ManufactureCountry />
      <ManufactureItemDescription />
      <UnitQty>י"ח</UnitQty>
      <Quantity>500</Quantity>
      <UnitMeasure>ל  גרם</UnitMeasure>
      <BisWeighted>0</BisWeighted>
      <QtyInPackage>1</QtyInPackage>
      <ItemPrice>6.90</ItemPrice>
      <UnitOfMeasurePrice>1.38</UnitOfMeasurePrice>
      <AllowDiscount>1</AllowDiscount>
      <itemStatus>1</itemStatus>
      <LastUpdateDate />
      <LastUpdateTime />
    </Product>
    <Product>
      <PriceUpdateDate>2016/05/31 12:41</PriceUpdateDate>
      <ItemCode>8076808060654</ItemCode>
      <ItemType>1</ItemType>
      <ItemName>ברילה פרפלה-65</ItemName>
      <ManufactureName>ש.שסטוביץ בעמ</ManufactureName>
      <ManufactureCountry />
      <ManufactureItemDescription />
      <UnitQty>י"ח</UnitQty>
      <Quantity>500</Quantity>
      <UnitMeasure>ל  גרם</UnitMeasure>
      <BisWeighted>0</BisWeighted>
      <QtyInPackage>1</QtyInPackage>
      <ItemPrice>6.90</ItemPrice>
      <UnitOfMeasurePrice>1.38</UnitOfMeasurePrice>
      <AllowDiscount>1</AllowDiscount>
      <itemStatus>1</itemStatus>
      <LastUpdateDate />
      <LastUpdateTime />
    </Product>
    <Product>
      <PriceUpdateDate>2016/05/31 12:41</PriceUpdateDate>
      <ItemCode>8076808150072</ItemCode>
      <ItemType>1</ItemType>
      <ItemName>ברילה ספגטי-7</ItemName>
      <ManufactureName>ש.שסטוביץ בעמ</ManufactureName>
      <ManufactureCountry />
      <ManufactureItemDescription />
      <UnitQty>י"ח</UnitQty>
      <Quantity>500</Quantity>
      <UnitMeasure>ל  גרם</UnitMeasure>
      <BisWeighted>0</BisWeighted>
      <QtyInPackage>1</QtyInPackage>
      <ItemPrice>6.90</ItemPrice>
      <UnitOfMeasurePrice>1.38</UnitOfMeasurePrice>
      <AllowDiscount>1</AllowDiscount>
      <itemStatus>1</itemStatus>
      <LastUpdateDate />
      <LastUpdateTime />
    </Product>
    <Product>
      <PriceUpdateDate>2016/05/31 12:41</PriceUpdateDate>
      <ItemCode>8076809512268</ItemCode>
      <ItemType>1</ItemType>
      <ItemName>ברילה גירנדולה-בורג-34</ItemName>
      <ManufactureName>ש.שסטוביץ בעמ</ManufactureName>
      <ManufactureCountry />
      <ManufactureItemDescription />
      <UnitQty>י"ח</UnitQty>
      <Quantity>500</Quantity>
      <UnitMeasure>ל  גרם</UnitMeasure>
      <BisWeighted>0</BisWeighted>
      <QtyInPackage>1</QtyInPackage>
      <ItemPrice>6.90</ItemPrice>
      <UnitOfMeasurePrice>1.38</UnitOfMeasurePrice>
      <AllowDiscount>1</AllowDiscount>
      <itemStatus>1</itemStatus>
      <LastUpdateDate />
      <LastUpdateTime />
    </Product>
    <Product>
      <PriceUpdateDate>2019/02/03 09:34</PriceUpdateDate>
      <ItemCode>8076809513388</ItemCode>
      <ItemType>1</ItemType>
      <ItemName>רוטב ברילה ארביאטה</ItemName>
      <ManufactureName>ש.שסטוביץ בעמ</ManufactureName>
      <ManufactureCountry />
      <ManufactureItemDescription />
      <UnitQty>י"ח</UnitQty>
      <Quantity>400</Quantity>
      <UnitMeasure>ל  גרם</UnitMeasure>
      <BisWeighted>0</BisWeighted>
      <QtyInPackage>1</QtyInPackage>
      <ItemPrice>13.90</ItemPrice>
      <UnitOfMeasurePrice>3.48</UnitOfMeasurePrice>
      <AllowDiscount>1</AllowDiscount>
      <itemStatus>1</itemStatus>
      <LastUpdateDate />
      <LastUpdateTime />
    </Product>
    <Product>
      <PriceUpdateDate>2019/02/03 09:34</PriceUpdateDate>
      <ItemCode>8076809513395</ItemCode>
      <ItemType>1</ItemType>
      <ItemName>רוטב ברילה פומודורו</ItemName>
      <ManufactureName>ש.שסטוביץ בעמ</ManufactureName>
      <ManufactureCountry />
      <ManufactureItemDescription />
      <UnitQty>י"ח</UnitQty>
      <Quantity>400</Quantity>
      <UnitMeasure>ל  גרם</UnitMeasure>
      <BisWeighted>0</BisWeighted>
      <QtyInPackage>1</QtyInPackage>
      <ItemPrice>13.90</ItemPrice>
      <UnitOfMeasurePrice>3.48</UnitOfMeasurePrice>
      <AllowDiscount>1</AllowDiscount>
      <itemStatus>1</itemStatus>
      <LastUpdateDate />
      <LastUpdateTime />
    </Product>
    <Product>
      <PriceUpdateDate>2019/05/13 08:15</PriceUpdateDate>
      <ItemCode>8076809513449</ItemCode>
      <ItemType>1</ItemType>
      <ItemName>רוטב ברילה זיתים 400ג</ItemName>
      <ManufactureName>ש.שסטוביץ בעמ</ManufactureName>
      <ManufactureCountry />
      <ManufactureItemDescription />
      <UnitQty>י"ח</UnitQty>
      <Quantity>400</Quantity>
      <UnitMeasure>ל  גרם</UnitMeasure>
      <BisWeighted>0</BisWeighted>
      <QtyInPackage>1</QtyInPackage>
      <ItemPrice>13.90</ItemPrice>
      <UnitOfMeasurePrice>3.48</UnitOfMeasurePrice>
      <AllowDiscount>1</AllowDiscount>
      <itemStatus>1</itemStatus>
      <LastUpdateDate />
      <LastUpdateTime />
    </Product>
    <Product>
      <PriceUpdateDate>2019/02/03 09:34</PriceUpdateDate>
      <ItemCode>8076809513654</ItemCode>
      <ItemType>1</ItemType>
      <ItemName>רוטב ברילה בסיס בלונז</ItemName>
      <ManufactureName>ש.שסטוביץ בעמ</ManufactureName>
      <ManufactureCountry />
      <ManufactureItemDescription />
      <UnitQty>י"ח</UnitQty>
      <Quantity>400</Quantity>
      <UnitMeasure>ל  גרם</UnitMeasure>
      <BisWeighted>0</BisWeighted>
      <QtyInPackage>1</QtyInPackage>
      <ItemPrice>13.90</ItemPrice>
      <UnitOfMeasurePrice>3.48</UnitOfMeasurePrice>
      <AllowDiscount>1</AllowDiscount>
      <itemStatus>1</itemStatus>
      <LastUpdateDate />
      <LastUpdateTime />
    </Product>
    <Product>
      <PriceUpdateDate>2019/02/03 09:34</PriceUpdateDate>
      <ItemCode>8076809513692</ItemCode>
      <ItemType>1</ItemType>
      <ItemName>רוטב ברילה  נפוליטנה</ItemName>
      <ManufactureName>ש.שסטוביץ בעמ</ManufactureName>
      <ManufactureCountry />
      <ManufactureItemDescription />
      <UnitQty>י"ח</UnitQty>
      <Quantity>400</Quantity>
      <UnitMeasure>ל  גרם</UnitMeasure>
      <BisWeighted>0</BisWeighted>
      <QtyInPackage>1</QtyInPackage>
      <ItemPrice>13.90</ItemPrice>
      <UnitOfMeasurePrice>3.48</UnitOfMeasurePrice>
      <AllowDiscount>1</AllowDiscount>
      <itemStatus>1</itemStatus>
      <LastUpdateDate />
      <LastUpdateTime />
    </Product>
    <Product>
      <PriceUpdateDate>2019/05/24 09:31</PriceUpdateDate>
      <ItemCode>8076809513715</ItemCode>
      <ItemType>1</ItemType>
      <ItemName>רוטב ברילה זיתים 400ג</ItemName>
      <ManufactureName>ש.שסטוביץ בעמ</ManufactureName>
      <ManufactureCountry />
      <ManufactureItemDescription />
      <UnitQty>י"ח</UnitQty>
      <Quantity>400</Quantity>
      <UnitMeasure>ל  גרם</UnitMeasure>
      <BisWeighted>0</BisWeighted>
      <QtyInPackage>1</QtyInPackage>
      <ItemPrice>13.90</ItemPrice>
      <UnitOfMeasurePrice>3.48</UnitOfMeasurePrice>
      <AllowDiscount>1</AllowDiscount>
      <itemStatus>1</itemStatus>
      <LastUpdateDate />
      <LastUpdateTime />
    </Product>
    <Product>
      <PriceUpdateDate>2019/02/03 09:34</PriceUpdateDate>
      <ItemCode>8076809513739</ItemCode>
      <ItemType>1</ItemType>
      <ItemName>רוטב ברילה בזיליקום</ItemName>
      <ManufactureName>ש.שסטוביץ בעמ</ManufactureName>
      <ManufactureCountry />
      <ManufactureItemDescription />
      <UnitQty>י"ח</UnitQty>
      <Quantity>400</Quantity>
      <UnitMeasure>ל  גרם</UnitMeasure>
      <BisWeighted>0</BisWeighted>
      <QtyInPackage>1</QtyInPackage>
      <ItemPrice>13.90</ItemPrice>
      <UnitOfMeasurePrice>3.48</UnitOfMeasurePrice>
      <AllowDiscount>1</AllowDiscount>
      <itemStatus>1</itemStatus>
      <LastUpdateDate />
      <LastUpdateTime />
    </Product>
    <Product>
      <PriceUpdateDate>2019/02/03 09:34</PriceUpdateDate>
      <ItemCode>8076809523561</ItemCode>
      <ItemType>1</ItemType>
      <ItemName>רוטב ברילה טעם פיצה</ItemName>
      <ManufactureName>ש.שסטוביץ בעמ</ManufactureName>
      <ManufactureCountry />
      <ManufactureItemDescription />
      <UnitQty>י"ח</UnitQty>
      <Quantity>1</Quantity>
      <UnitMeasure />
      <BisWeighted>0</BisWeighted>
      <QtyInPackage>1</QtyInPackage>
      <ItemPrice>13.90</ItemPrice>
      <UnitOfMeasurePrice>13.90</UnitOfMeasurePrice>
      <AllowDiscount>1</AllowDiscount>
      <itemStatus>1</itemStatus>
      <LastUpdateDate />
      <LastUpdateTime />
    </Product>
    <Product>
      <PriceUpdateDate>2016/05/31 12:41</PriceUpdateDate>
      <ItemCode>8076809537100</ItemCode>
      <ItemType>1</ItemType>
      <ItemName>ברילה סלנטיני 500גר</ItemName>
      <ManufactureName>ש.שסטוביץ בעמ</ManufactureName>
      <ManufactureCountry />
      <ManufactureItemDescription />
      <UnitQty>י"ח</UnitQty>
      <Quantity>500</Quantity>
      <UnitMeasure>ל  גרם</UnitMeasure>
      <BisWeighted>0</BisWeighted>
      <QtyInPackage>1</QtyInPackage>
      <ItemPrice>6.90</ItemPrice>
      <UnitOfMeasurePrice>1.38</UnitOfMeasurePrice>
      <AllowDiscount>1</AllowDiscount>
      <itemStatus>1</itemStatus>
      <LastUpdateDate />
      <LastUpdateTime />
    </Product>
    <Product>
      <PriceUpdateDate>2020/03/24 09:47</PriceUpdateDate>
      <ItemCode>8076809547956</ItemCode>
      <ItemType>1</ItemType>
      <ItemName>ברילה צ`יפרי 500גר</ItemName>
      <ManufactureName>ש.שסטוביץ בעמ</ManufactureName>
      <ManufactureCountry />
      <ManufactureItemDescription />
      <UnitQty>י"ח</UnitQty>
      <Quantity>500</Quantity>
      <UnitMeasure>ל  גרם</UnitMeasure>
      <BisWeighted>0</BisWeighted>
      <QtyInPackage>1</QtyInPackage>
      <ItemPrice>6.90</ItemPrice>
      <UnitOfMeasurePrice>1.38</UnitOfMeasurePrice>
      <AllowDiscount>1</AllowDiscount>
      <itemStatus>1</itemStatus>
      <LastUpdateDate />
      <LastUpdateTime />
    </Product>
    <Product>
      <PriceUpdateDate>2019/11/26 07:54</PriceUpdateDate>
      <ItemCode>8121300206946</ItemCode>
      <ItemType>1</ItemType>
      <ItemName>סטיביה ממתיק 80 שקיקים טרוביה</ItemName>
      <ManufactureName>גורי ע.ע.ע. בעמ</ManufactureName>
      <ManufactureCountry />
      <ManufactureItemDescription />
      <UnitQty>י"ח</UnitQty>
      <Quantity>80</Quantity>
      <UnitMeasure>ל  מ"ל</UnitMeasure>
      <BisWeighted>0</BisWeighted>
      <QtyInPackage>1</QtyInPackage>
      <ItemPrice>29.90</ItemPrice>
      <UnitOfMeasurePrice>37.38</UnitOfMeasurePrice>
      <AllowDiscount>1</AllowDiscount>
      <itemStatus>1</itemStatus>
      <LastUpdateDate />
      <LastUpdateTime />
    </Product>
    <Product>
      <PriceUpdateDate>2019/11/26 07:54</PriceUpdateDate>
      <ItemCode>8121300207004</ItemCode>
      <ItemType>1</ItemType>
      <ItemName>סטיביה ממתיק בצנצנת טרוביה 270 גרם</ItemName>
      <ManufactureName>גורי ע.ע.ע. בעמ</ManufactureName>
      <ManufactureCountry />
      <ManufactureItemDescription />
      <UnitQty>י"ח</UnitQty>
      <Quantity>80</Quantity>
      <UnitMeasure>ל  מ"ל</UnitMeasure>
      <BisWeighted>0</BisWeighted>
      <QtyInPackage>1</QtyInPackage>
      <ItemPrice>34.90</ItemPrice>
      <UnitOfMeasurePrice>43.63</UnitOfMeasurePrice>
      <AllowDiscount>1</AllowDiscount>
      <itemStatus>1</itemStatus>
      <LastUpdateDate />
      <LastUpdateTime />
    </Product>
    <Product>
      <PriceUpdateDate>2019/11/26 07:54</PriceUpdateDate>
      <ItemCode>8121300207172</ItemCode>
      <ItemType>1</ItemType>
      <ItemName>סטיביה תערובת סוכר קנים טרוביה 500גרם</ItemName>
      <ManufactureName>גורי ע.ע.ע. בעמ</ManufactureName>
      <ManufactureCountry />
      <ManufactureItemDescription />
      <UnitQty>י"ח</UnitQty>
      <Quantity>50</Quantity>
      <UnitMeasure>ל  מ"ל</UnitMeasure>
      <BisWeighted>0</BisWeighted>
      <QtyInPackage>1</QtyInPackage>
      <ItemPrice>34.90</ItemPrice>
      <UnitOfMeasurePrice>69.80</UnitOfMeasurePrice>
      <AllowDiscount>1</AllowDiscount>
      <itemStatus>1</itemStatus>
      <LastUpdateDate />
      <LastUpdateTime />
    </Product>
    <Product>
      <PriceUpdateDate>2016/07/29 10:04</PriceUpdateDate>
      <ItemCode>8410076600622</ItemCode>
      <ItemType>1</ItemType>
      <ItemName>חטיפי ניצ`ר ואלי קראנצי שבבי שוקולד מריר</ItemName>
      <ManufactureName>ליימן שליסל</ManufactureName>
      <ManufactureCountry />
      <ManufactureItemDescription />
      <UnitQty>י"ח</UnitQty>
      <Quantity>210</Quantity>
      <UnitMeasure>ל  גרם</UnitMeasure>
      <BisWeighted>0</BisWeighted>
      <QtyInPackage>1</QtyInPackage>
      <ItemPrice>19.90</ItemPrice>
      <UnitOfMeasurePrice>9.48</UnitOfMeasurePrice>
      <AllowDiscount>1</AllowDiscount>
      <itemStatus>1</itemStatus>
      <LastUpdateDate />
      <LastUpdateTime />
    </Product>
    <Product>
      <PriceUpdateDate>2017/01/04 11:53</PriceUpdateDate>
      <ItemCode>8410076610492</ItemCode>
      <ItemType>1</ItemType>
      <ItemName>נייטשר ואלי פרוטאין בוטנים וש. שוק.1/4</ItemName>
      <ManufactureName>ליימן שליסל</ManufactureName>
      <ManufactureCountry />
      <ManufactureItemDescription />
      <UnitQty>י"ח</UnitQty>
      <Quantity>4</Quantity>
      <UnitMeasure>י"ח</UnitMeasure>
      <BisWeighted>0</BisWeighted>
      <QtyInPackage>1</QtyInPackage>
      <ItemPrice>19.90</ItemPrice>
      <UnitOfMeasurePrice>4.98</UnitOfMeasurePrice>
      <AllowDiscount>1</AllowDiscount>
      <itemStatus>1</itemStatus>
      <LastUpdateDate />
      <LastUpdateTime />
    </Product>
    <Product>
      <PriceUpdateDate>2016/12/28 09:04</PriceUpdateDate>
      <ItemCode>8410076610508</ItemCode>
      <ItemType>1</ItemType>
      <ItemName>חטיף שיבולת שועל מלאה  בוטנים ושקדים</ItemName>
      <ManufactureName>ליימן שליסל</ManufactureName>
      <ManufactureCountry />
      <ManufactureItemDescription />
      <UnitQty>י"ח</UnitQty>
      <Quantity>5</Quantity>
      <UnitMeasure>י"ח</UnitMeasure>
      <BisWeighted>0</BisWeighted>
      <QtyInPackage>1</QtyInPackage>
      <ItemPrice>19.90</ItemPrice>
      <UnitOfMeasurePrice>3.98</UnitOfMeasurePrice>
      <AllowDiscount>1</AllowDiscount>
      <itemStatus>1</itemStatus>
      <LastUpdateDate />
      <LastUpdateTime />
    </Product>
    <Product>
      <PriceUpdateDate>2016/04/06 09:47</PriceUpdateDate>
      <ItemCode>8410076620057</ItemCode>
      <ItemType>1</ItemType>
      <ItemName>חטיף פייבר 1 בטעם שוקולד חמישייה</ItemName>
      <ManufactureName>ליימן שליסל</ManufactureName>
      <ManufactureCountry />
      <ManufactureItemDescription />
      <UnitQty>י"ח</UnitQty>
      <Quantity>210</Quantity>
      <UnitMeasure>ל  גרם</UnitMeasure>
      <BisWeighted>0</BisWeighted>
      <QtyInPackage>1</QtyInPackage>
      <ItemPrice>19.90</ItemPrice>
      <UnitOfMeasurePrice>9.48</UnitOfMeasurePrice>
      <AllowDiscount>1</AllowDiscount>
      <itemStatus>1</itemStatus>
      <LastUpdateDate />
      <LastUpdateTime />
    </Product>
    <Product>
      <PriceUpdateDate>2016/04/06 09:47</PriceUpdateDate>
      <ItemCode>8410076620064</ItemCode>
      <ItemType>1</ItemType>
      <ItemName>חטיף פייבר 1 בטעם לימון חמישייה</ItemName>
      <ManufactureName>ליימן שליסל</ManufactureName>
      <ManufactureCountry />
      <ManufactureItemDescription />
      <UnitQty>י"ח</UnitQty>
      <Quantity>210</Quantity>
      <UnitMeasure>ל  גרם</UnitMeasure>
      <BisWeighted>0</BisWeighted>
      <QtyInPackage>1</QtyInPackage>
      <ItemPrice>19.90</ItemPrice>
      <UnitOfMeasurePrice>9.48</UnitOfMeasurePrice>
      <AllowDiscount>1</AllowDiscount>
      <itemStatus>1</itemStatus>
      <LastUpdateDate />
      <LastUpdateTime />
    </Product>
    <Product>
      <PriceUpdateDate>2017/03/23 14:53</PriceUpdateDate>
      <ItemCode>8410076620231</ItemCode>
      <ItemType>1</ItemType>
      <ItemName>חטיף פייבר 1 בטעם קרמל מלוח  1/5</ItemName>
      <ManufactureName>ליימן שליסל</ManufactureName>
      <ManufactureCountry />
      <ManufactureItemDescription />
      <UnitQty>י"ח</UnitQty>
      <Quantity>210</Quantity>
      <UnitMeasure>ל  גרם</UnitMeasure>
      <BisWeighted>0</BisWeighted>
      <QtyInPackage>1</QtyInPackage>
      <ItemPrice>19.90</ItemPrice>
      <UnitOfMeasurePrice>9.48</UnitOfMeasurePrice>
      <AllowDiscount>1</AllowDiscount>
      <itemStatus>1</itemStatus>
      <LastUpdateDate />
      <LastUpdateTime />
    </Product>
    <Product>
      <PriceUpdateDate>2017/10/10 11:52</PriceUpdateDate>
      <ItemCode>8410076620354</ItemCode>
      <ItemType>1</ItemType>
      <ItemName>נייטשר נאט קרים חמאת בוטנים 1/4</ItemName>
      <ManufactureName>ליימן שליסל</ManufactureName>
      <ManufactureCountry />
      <ManufactureItemDescription />
      <UnitQty>י"ח</UnitQty>
      <Quantity>210</Quantity>
      <UnitMeasure>ל  גרם</UnitMeasure>
      <BisWeighted>0</BisWeighted>
      <QtyInPackage>1</QtyInPackage>
      <ItemPrice>19.90</ItemPrice>
      <UnitOfMeasurePrice>9.48</UnitOfMeasurePrice>
      <AllowDiscount>1</AllowDiscount>
      <itemStatus>1</itemStatus>
      <LastUpdateDate />
      <LastUpdateTime />
    </Product>
    <Product>
      <PriceUpdateDate>2017/10/10 11:52</PriceUpdateDate>
      <ItemCode>8410076620361</ItemCode>
      <ItemType>1</ItemType>
      <ItemName>נייטשר נאט קרים שקדים 1/4</ItemName>
      <ManufactureName>ליימן שליסל</ManufactureName>
      <ManufactureCountry />
      <ManufactureItemDescription />
      <UnitQty>י"ח</UnitQty>
      <Quantity>210</Quantity>
      <UnitMeasure>ל  גרם</UnitMeasure>
      <BisWeighted>0</BisWeighted>
      <QtyInPackage>1</QtyInPackage>
      <ItemPrice>19.90</ItemPrice>
      <UnitOfMeasurePrice>9.48</UnitOfMeasurePrice>
      <AllowDiscount>1</AllowDiscount>
      <itemStatus>1</itemStatus>
      <LastUpdateDate />
      <LastUpdateTime />
    </Product>
    <Product>
      <PriceUpdateDate>2017/12/17 11:06</PriceUpdateDate>
      <ItemCode>8410076620378</ItemCode>
      <ItemType>1</ItemType>
      <ItemName>חטיף פייבר 1 בטעם קינמון 1/5</ItemName>
      <ManufactureName>ליימן שליסל</ManufactureName>
      <ManufactureCountry />
      <ManufactureItemDescription />
      <UnitQty>י"ח</UnitQty>
      <Quantity>210</Quantity>
      <UnitMeasure>ל  גרם</UnitMeasure>
      <BisWeighted>0</BisWeighted>
      <QtyInPackage>1</QtyInPackage>
      <ItemPrice>19.90</ItemPrice>
      <UnitOfMeasurePrice>9.48</UnitOfMeasurePrice>
      <AllowDiscount>1</AllowDiscount>
      <itemStatus>1</itemStatus>
      <LastUpdateDate />
      <LastUpdateTime />
    </Product>
    <Product>
      <PriceUpdateDate>2018/11/04 10:37</PriceUpdateDate>
      <ItemCode>8410076620507</ItemCode>
      <ItemType>1</ItemType>
      <ItemName>נייטשר נאט קרים שוקולד 1/4</ItemName>
      <ManufactureName>ליימן שליסל</ManufactureName>
      <ManufactureCountry />
      <ManufactureItemDescription />
      <UnitQty>י"ח</UnitQty>
      <Quantity>210</Quantity>
      <UnitMeasure>ל  גרם</UnitMeasure>
      <BisWeighted>0</BisWeighted>
      <QtyInPackage>1</QtyInPackage>
      <ItemPrice>19.90</ItemPrice>
      <UnitOfMeasurePrice>9.48</UnitOfMeasurePrice>
      <AllowDiscount>1</AllowDiscount>
      <itemStatus>1</itemStatus>
      <LastUpdateDate />
      <LastUpdateTime />
    </Product>
    <Product>
      <PriceUpdateDate>2019/01/10 08:51</PriceUpdateDate>
      <ItemCode>8410076620538</ItemCode>
      <ItemType>1</ItemType>
      <ItemName>חטיף פייבר 1 קייק שוקולד   1/4</ItemName>
      <ManufactureName>ליימן שליסל</ManufactureName>
      <ManufactureCountry />
      <ManufactureItemDescription />
      <UnitQty>י"ח</UnitQty>
      <Quantity>210</Quantity>
      <UnitMeasure>ל  גרם</UnitMeasure>
      <BisWeighted>0</BisWeighted>
      <QtyInPackage>1</QtyInPackage>
      <ItemPrice>19.90</ItemPrice>
      <UnitOfMeasurePrice>9.48</UnitOfMeasurePrice>
      <AllowDiscount>1</AllowDiscount>
      <itemStatus>1</itemStatus>
      <LastUpdateDate />
      <LastUpdateTime />
    </Product>
    <Product>
      <PriceUpdateDate>2019/01/10 08:51</PriceUpdateDate>
      <ItemCode>8410076620545</ItemCode>
      <ItemType>1</ItemType>
      <ItemName>חטיף פייבר 1 קייק גזר  1/4</ItemName>
      <ManufactureName>ליימן שליסל</ManufactureName>
      <ManufactureCountry />
      <ManufactureItemDescription />
      <UnitQty>י"ח</UnitQty>
      <Quantity>210</Quantity>
      <UnitMeasure>ל  גרם</UnitMeasure>
      <BisWeighted>0</BisWeighted>
      <QtyInPackage>1</QtyInPackage>
      <ItemPrice>19.90</ItemPrice>
      <UnitOfMeasurePrice>9.48</UnitOfMeasurePrice>
      <AllowDiscount>1</AllowDiscount>
      <itemStatus>1</itemStatus>
      <LastUpdateDate />
      <LastUpdateTime />
    </Product>
    <Product>
      <PriceUpdateDate>2018/11/14 09:23</PriceUpdateDate>
      <ItemCode>8410076620613</ItemCode>
      <ItemType>1</ItemType>
      <ItemName>נייטשר נאט קרים קאפס בוטנים 1/4</ItemName>
      <ManufactureName>ליימן שליסל</ManufactureName>
      <ManufactureCountry />
      <ManufactureItemDescription />
      <UnitQty>י"ח</UnitQty>
      <Quantity>210</Quantity>
      <UnitMeasure>ל  גרם</UnitMeasure>
      <BisWeighted>0</BisWeighted>
      <QtyInPackage>1</QtyInPackage>
      <ItemPrice>19.90</ItemPrice>
      <UnitOfMeasurePrice>9.48</UnitOfMeasurePrice>
      <AllowDiscount>1</AllowDiscount>
      <itemStatus>1</itemStatus>
      <LastUpdateDate />
      <LastUpdateTime />
    </Product>
    <Product>
      <PriceUpdateDate>2018/11/14 09:23</PriceUpdateDate>
      <ItemCode>8410076620620</ItemCode>
      <ItemType>1</ItemType>
      <ItemName>נייטשר נאט קרים קאפס שקדים 1/4</ItemName>
      <ManufactureName>ליימן שליסל</ManufactureName>
      <ManufactureCountry />
      <ManufactureItemDescription />
      <UnitQty>י"ח</UnitQty>
      <Quantity>210</Quantity>
      <UnitMeasure>ל  גרם</UnitMeasure>
      <BisWeighted>0</BisWeighted>
      <QtyInPackage>1</QtyInPackage>
      <ItemPrice>19.90</ItemPrice>
      <UnitOfMeasurePrice>9.48</UnitOfMeasurePrice>
      <AllowDiscount>1</AllowDiscount>
      <itemStatus>1</itemStatus>
      <LastUpdateDate />
      <LastUpdateTime />
    </Product>
    <Product>
      <PriceUpdateDate>2019/09/11 08:15</PriceUpdateDate>
      <ItemCode>8410076620941</ItemCode>
      <ItemType>1</ItemType>
      <ItemName>נייטשר נאט קרים קאפס שוקולד</ItemName>
      <ManufactureName>ליימן שליסל</ManufactureName>
      <ManufactureCountry />
      <ManufactureItemDescription />
      <UnitQty>י"ח</UnitQty>
      <Quantity>210</Quantity>
      <UnitMeasure>ל  גרם</UnitMeasure>
      <BisWeighted>0</BisWeighted>
      <QtyInPackage>1</QtyInPackage>
      <ItemPrice>19.90</ItemPrice>
      <UnitOfMeasurePrice>9.48</UnitOfMeasurePrice>
      <AllowDiscount>1</AllowDiscount>
      <itemStatus>1</itemStatus>
      <LastUpdateDate />
      <LastUpdateTime />
    </Product>
    <Product>
      <PriceUpdateDate>2018/09/27 09:06</PriceUpdateDate>
      <ItemCode>8410076720665</ItemCode>
      <ItemType>1</ItemType>
      <ItemName>חטיף שיבולת שועל קרם אגוזי לוז וקקאו</ItemName>
      <ManufactureName>ליימן שליסל</ManufactureName>
      <ManufactureCountry />
      <ManufactureItemDescription />
      <UnitQty>י"ח</UnitQty>
      <Quantity>210</Quantity>
      <UnitMeasure>ל  גרם</UnitMeasure>
      <BisWeighted>0</BisWeighted>
      <QtyInPackage>1</QtyInPackage>
      <ItemPrice>19.90</ItemPrice>
      <UnitOfMeasurePrice>9.48</UnitOfMeasurePrice>
      <AllowDiscount>1</AllowDiscount>
      <itemStatus>1</itemStatus>
      <LastUpdateDate />
      <LastUpdateTime />
    </Product>
    <Product>
      <PriceUpdateDate>2016/11/22 14:10</PriceUpdateDate>
      <ItemCode>8410104425906</ItemCode>
      <ItemType>1</ItemType>
      <ItemName>ויט שעווה חמה 250</ItemName>
      <ManufactureName>רקיט בנקיזר (ניר איסט) בעמ</ManufactureName>
      <ManufactureCountry />
      <ManufactureItemDescription />
      <UnitQty>י"ח</UnitQty>
      <Quantity>250</Quantity>
      <UnitMeasure>ל  מ"ל</UnitMeasure>
      <BisWeighted>0</BisWeighted>
      <QtyInPackage>1</QtyInPackage>
      <ItemPrice>29.90</ItemPrice>
      <UnitOfMeasurePrice>11.96</UnitOfMeasurePrice>
      <AllowDiscount>1</AllowDiscount>
      <itemStatus>1</itemStatus>
      <LastUpdateDate />
      <LastUpdateTime />
    </Product>
    <Product>
      <PriceUpdateDate>2016/11/22 14:10</PriceUpdateDate>
      <ItemCode>8410104511340</ItemCode>
      <ItemType>1</ItemType>
      <ItemName>ויט רצועות שעווה יבש</ItemName>
      <ManufactureName>רקיט בנקיזר (ניר איסט) בעמ</ManufactureName>
      <ManufactureCountry />
      <ManufactureItemDescription />
      <UnitQty>י"ח</UnitQty>
      <Quantity>1</Quantity>
      <UnitMeasure>י"ח</UnitMeasure>
      <BisWeighted>0</BisWeighted>
      <QtyInPackage>1</QtyInPackage>
      <ItemPrice>29.90</ItemPrice>
      <UnitOfMeasurePrice>29.90</UnitOfMeasurePrice>
      <AllowDiscount>1</AllowDiscount>
      <itemStatus>1</itemStatus>
      <LastUpdateDate />
      <LastUpdateTime />
    </Product>
    <Product>
      <PriceUpdateDate>2020/01/28 14:19</PriceUpdateDate>
      <ItemCode>8410128759438</ItemCode>
      <ItemType>1</ItemType>
      <ItemName>משקה שקדים אגוזים קרטונית 1ליטר Vive so</ItemName>
      <ManufactureName>טמפו משקאות בעמ</ManufactureName>
      <ManufactureCountry />
      <ManufactureItemDescription />
      <UnitQty>י"ח</UnitQty>
      <Quantity>1</Quantity>
      <UnitMeasure>ליטר</UnitMeasure>
      <BisWeighted>0</BisWeighted>
      <QtyInPackage>1</QtyInPackage>
      <ItemPrice>12.90</ItemPrice>
      <UnitOfMeasurePrice>12.90</UnitOfMeasurePrice>
      <AllowDiscount>1</AllowDiscount>
      <itemStatus>1</itemStatus>
      <LastUpdateDate />
      <LastUpdateTime />
    </Product>
    <Product>
      <PriceUpdateDate>2020/03/11 09:07</PriceUpdateDate>
      <ItemCode>8410128768294</ItemCode>
      <ItemType>1</ItemType>
      <ItemName>משקה שיבולת שועל קרטונית 1ליטר Vive so</ItemName>
      <ManufactureName>טמפו משקאות בעמ</ManufactureName>
      <ManufactureCountry />
      <ManufactureItemDescription />
      <UnitQty>י"ח</UnitQty>
      <Quantity>1</Quantity>
      <UnitMeasure>ליטר</UnitMeasure>
      <BisWeighted>0</BisWeighted>
      <QtyInPackage>1</QtyInPackage>
      <ItemPrice>12.90</ItemPrice>
      <UnitOfMeasurePrice>12.90</UnitOfMeasurePrice>
      <AllowDiscount>1</AllowDiscount>
      <itemStatus>1</itemStatus>
      <LastUpdateDate />
      <LastUpdateTime />
    </Product>
    <Product>
      <PriceUpdateDate>2020/03/11 09:07</PriceUpdateDate>
      <ItemCode>8410128768324</ItemCode>
      <ItemType>1</ItemType>
      <ItemName>משקה שקדים קרטונית 1ליטר Vive s</ItemName>
      <ManufactureName>טמפו משקאות בעמ</ManufactureName>
      <ManufactureCountry />
      <ManufactureItemDescription />
      <UnitQty>י"ח</UnitQty>
      <Quantity>1</Quantity>
      <UnitMeasure>ליטר</UnitMeasure>
      <BisWeighted>0</BisWeighted>
      <QtyInPackage>1</QtyInPackage>
      <ItemPrice>12.90</ItemPrice>
      <UnitOfMeasurePrice>12.90</UnitOfMeasurePrice>
      <AllowDiscount>1</AllowDiscount>
      <itemStatus>1</itemStatus>
      <LastUpdateDate />
      <LastUpdateTime />
    </Product>
    <Product>
      <PriceUpdateDate>2020/03/11 09:07</PriceUpdateDate>
      <ItemCode>8410128768355</ItemCode>
      <ItemType>1</ItemType>
      <ItemName>משקה סויה קרטונית 1ליטר Vive soy</ItemName>
      <ManufactureName>טמפו משקאות בעמ</ManufactureName>
      <ManufactureCountry />
      <ManufactureItemDescription />
      <UnitQty>י"ח</UnitQty>
      <Quantity>1</Quantity>
      <UnitMeasure>ליטר</UnitMeasure>
      <BisWeighted>0</BisWeighted>
      <QtyInPackage>1</QtyInPackage>
      <ItemPrice>11.90</ItemPrice>
      <UnitOfMeasurePrice>11.90</UnitOfMeasurePrice>
      <AllowDiscount>1</AllowDiscount>
      <itemStatus>1</itemStatus>
      <LastUpdateDate />
      <LastUpdateTime />
    </Product>
    <Product>
      <PriceUpdateDate>2020/03/11 09:07</PriceUpdateDate>
      <ItemCode>8410128768386</ItemCode>
      <ItemType>1</ItemType>
      <ItemName>משקה סויה לייט קרטונית 1ליטר Vive soy</ItemName>
      <ManufactureName>טמפו משקאות בעמ</ManufactureName>
      <ManufactureCountry />
      <ManufactureItemDescription />
      <UnitQty>י"ח</UnitQty>
      <Quantity>1</Quantity>
      <UnitMeasure>ליטר</UnitMeasure>
      <BisWeighted>0</BisWeighted>
      <QtyInPackage>1</QtyInPackage>
      <ItemPrice>11.90</ItemPrice>
      <UnitOfMeasurePrice>11.90</UnitOfMeasurePrice>
      <AllowDiscount>1</AllowDiscount>
      <itemStatus>1</itemStatus>
      <LastUpdateDate />
      <LastUpdateTime />
    </Product>
    <Product>
      <PriceUpdateDate>2019/12/19 08:16</PriceUpdateDate>
      <ItemCode>8410644611203</ItemCode>
      <ItemType>1</ItemType>
      <ItemName>קאווה איבריקה לבן יבש 750מ"ל</ItemName>
      <ManufactureName>טמפו משקאות בעמ</ManufactureName>
      <ManufactureCountry />
      <ManufactureItemDescription />
      <UnitQty>י"ח</UnitQty>
      <Quantity>750</Quantity>
      <UnitMeasure>ל  מ"ל</UnitMeasure>
      <BisWeighted>0</BisWeighted>
      <QtyInPackage>1</QtyInPackage>
      <ItemPrice>29.90</ItemPrice>
      <UnitOfMeasurePrice>3.95</UnitOfMeasurePrice>
      <AllowDiscount>1</AllowDiscount>
      <itemStatus>1</itemStatus>
      <LastUpdateDate />
      <LastUpdateTime />
    </Product>
    <Product>
      <PriceUpdateDate>2019/12/19 08:16</PriceUpdateDate>
      <ItemCode>8410644611210</ItemCode>
      <ItemType>1</ItemType>
      <ItemName>קאווה איבריקה לבן חצי יבש 750מ"ל</ItemName>
      <ManufactureName>טמפו משקאות בעמ</ManufactureName>
      <ManufactureCountry />
      <ManufactureItemDescription />
      <UnitQty>י"ח</UnitQty>
      <Quantity>750</Quantity>
      <UnitMeasure>ל  מ"ל</UnitMeasure>
      <BisWeighted>0</BisWeighted>
      <QtyInPackage>1</QtyInPackage>
      <ItemPrice>29.90</ItemPrice>
      <UnitOfMeasurePrice>3.95</UnitOfMeasurePrice>
      <AllowDiscount>1</AllowDiscount>
      <itemStatus>1</itemStatus>
      <LastUpdateDate />
      <LastUpdateTime />
    </Product>
    <Product>
      <PriceUpdateDate>2013/12/04 10:42</PriceUpdateDate>
      <ItemCode>8411277350118</ItemCode>
      <ItemType>1</ItemType>
      <ItemName>קווה גום סרה חצי יבש  מבעבע כשר</ItemName>
      <ManufactureName>היכל היין שקד גולן בעמ</ManufactureName>
      <ManufactureCountry />
      <ManufactureItemDescription />
      <UnitQty>י"ח</UnitQty>
      <Quantity>1</Quantity>
      <UnitMeasure />
      <BisWeighted>0</BisWeighted>
      <QtyInPackage>1</QtyInPackage>
      <ItemPrice>37</ItemPrice>
      <UnitOfMeasurePrice>37</UnitOfMeasurePrice>
      <AllowDiscount>1</AllowDiscount>
      <itemStatus>1</itemStatus>
      <LastUpdateDate />
      <LastUpdateTime />
    </Product>
    <Product>
      <PriceUpdateDate>2017/12/25 08:57</PriceUpdateDate>
      <ItemCode>8412674102584</ItemCode>
      <ItemType>1</ItemType>
      <ItemName>דגני בוקר טעם שוקולד מרבה מיניס275ג</ItemName>
      <ManufactureName>ש.שסטוביץ בעמ</ManufactureName>
      <ManufactureCountry />
      <ManufactureItemDescription />
      <UnitQty>י"ח</UnitQty>
      <Quantity>275</Quantity>
      <UnitMeasure>ל  גרם</UnitMeasure>
      <BisWeighted>0</BisWeighted>
      <QtyInPackage>1</QtyInPackage>
      <ItemPrice>13.90</ItemPrice>
      <UnitOfMeasurePrice>5.05</UnitOfMeasurePrice>
      <AllowDiscount>1</AllowDiscount>
      <itemStatus>1</itemStatus>
      <LastUpdateDate />
      <LastUpdateTime />
    </Product>
    <Product>
      <PriceUpdateDate>2017/12/25 08:57</PriceUpdateDate>
      <ItemCode>8412674104021</ItemCode>
      <ItemType>1</ItemType>
      <ItemName>דגני בוקר טעם וניל מרבה מיניס 275ג</ItemName>
      <ManufactureName>ש.שסטוביץ בעמ</ManufactureName>
      <ManufactureCountry />
      <ManufactureItemDescription />
      <UnitQty>י"ח</UnitQty>
      <Quantity>275</Quantity>
      <UnitMeasure>ל  גרם</UnitMeasure>
      <BisWeighted>0</BisWeighted>
      <QtyInPackage>1</QtyInPackage>
      <ItemPrice>13.90</ItemPrice>
      <UnitOfMeasurePrice>5.05</UnitOfMeasurePrice>
      <AllowDiscount>1</AllowDiscount>
      <itemStatus>1</itemStatus>
      <LastUpdateDate />
      <LastUpdateTime />
    </Product>
    <Product>
      <PriceUpdateDate>2017/11/28 14:32</PriceUpdateDate>
      <ItemCode>8413376022965</ItemCode>
      <ItemType>1</ItemType>
      <ItemName>גבינת עיזים רכה 29% 110ג</ItemName>
      <ManufactureName>ג.וילי פוד אינטרנשיונל בעמ</ManufactureName>
      <ManufactureCountry />
      <ManufactureItemDescription />
      <UnitQty>י"ח</UnitQty>
      <Quantity>110</Quantity>
      <UnitMeasure>ל  גרם</UnitMeasure>
      <BisWeighted>0</BisWeighted>
      <QtyInPackage>1</QtyInPackage>
      <ItemPrice>14.90</ItemPrice>
      <UnitOfMeasurePrice>13.55</UnitOfMeasurePrice>
      <AllowDiscount>1</AllowDiscount>
      <itemStatus>1</itemStatus>
      <LastUpdateDate />
      <LastUpdateTime />
    </Product>
    <Product>
      <PriceUpdateDate>2017/11/28 14:32</PriceUpdateDate>
      <ItemCode>8413376024839</ItemCode>
      <ItemType>1</ItemType>
      <ItemName>גבינת עיזים רכה עם עשבי תיבול 29% 110ג</ItemName>
      <ManufactureName>ג.וילי פוד אינטרנשיונל בעמ</ManufactureName>
      <ManufactureCountry />
      <ManufactureItemDescription />
      <UnitQty>י"ח</UnitQty>
      <Quantity>110</Quantity>
      <UnitMeasure>ל  גרם</UnitMeasure>
      <BisWeighted>0</BisWeighted>
      <QtyInPackage>1</QtyInPackage>
      <ItemPrice>14.90</ItemPrice>
      <UnitOfMeasurePrice>13.55</UnitOfMeasurePrice>
      <AllowDiscount>1</AllowDiscount>
      <itemStatus>1</itemStatus>
      <LastUpdateDate />
      <LastUpdateTime />
    </Product>
    <Product>
      <PriceUpdateDate>2017/11/28 14:32</PriceUpdateDate>
      <ItemCode>8413376024877</ItemCode>
      <ItemType>1</ItemType>
      <ItemName>גבינת עיזים רכה עם פאפאיה 29% 110ג</ItemName>
      <ManufactureName>ג.וילי פוד אינטרנשיונל בעמ</ManufactureName>
      <ManufactureCountry />
      <ManufactureItemDescription />
      <UnitQty>י"ח</UnitQty>
      <Quantity>110</Quantity>
      <UnitMeasure>ל  גרם</UnitMeasure>
      <BisWeighted>0</BisWeighted>
      <QtyInPackage>1</QtyInPackage>
      <ItemPrice>14.90</ItemPrice>
      <UnitOfMeasurePrice>13.55</UnitOfMeasurePrice>
      <AllowDiscount>1</AllowDiscount>
      <itemStatus>1</itemStatus>
      <LastUpdateDate />
      <LastUpdateTime />
    </Product>
    <Product>
      <PriceUpdateDate>2015/11/12 14:53</PriceUpdateDate>
      <ItemCode>8420708012822</ItemCode>
      <ItemType>1</ItemType>
      <ItemName>קשקבל בשלה 200ג</ItemName>
      <ManufactureName>נטו מלינדה סחר בעמ</ManufactureName>
      <ManufactureCountry />
      <ManufactureItemDescription />
      <UnitQty>י"ח</UnitQty>
      <Quantity>200</Quantity>
      <UnitMeasure>ל  גרם</UnitMeasure>
      <BisWeighted>0</BisWeighted>
      <QtyInPackage>1</QtyInPackage>
      <ItemPrice>19.90</ItemPrice>
      <UnitOfMeasurePrice>9.95</UnitOfMeasurePrice>
      <AllowDiscount>1</AllowDiscount>
      <itemStatus>1</itemStatus>
      <LastUpdateDate />
      <LastUpdateTime />
    </Product>
    <Product>
      <PriceUpdateDate>2019/02/03 09:34</PriceUpdateDate>
      <ItemCode>8423207206488</ItemCode>
      <ItemType>1</ItemType>
      <ItemName>חטיף דגנים מלאים צופה שוקולד חלב סלים</ItemName>
      <ManufactureName>ש.שסטוביץ בעמ</ManufactureName>
      <ManufactureCountry />
      <ManufactureItemDescription />
      <UnitQty>י"ח</UnitQty>
      <Quantity>283</Quantity>
      <UnitMeasure>ל  גרם</UnitMeasure>
      <BisWeighted>0</BisWeighted>
      <QtyInPackage>1</QtyInPackage>
      <ItemPrice>12.90</ItemPrice>
      <UnitOfMeasurePrice>4.56</UnitOfMeasurePrice>
      <AllowDiscount>1</AllowDiscount>
      <itemStatus>1</itemStatus>
      <LastUpdateDate />
      <LastUpdateTime />
    </Product>
    <Product>
      <PriceUpdateDate>2019/02/03 09:34</PriceUpdateDate>
      <ItemCode>8423207206495</ItemCode>
      <ItemType>1</ItemType>
      <ItemName>חטיף דגנים מלאה צופה שוקולד מריר</ItemName>
      <ManufactureName>ש.שסטוביץ בעמ</ManufactureName>
      <ManufactureCountry />
      <ManufactureItemDescription />
      <UnitQty>י"ח</UnitQty>
      <Quantity>283</Quantity>
      <UnitMeasure>ל  גרם</UnitMeasure>
      <BisWeighted>0</BisWeighted>
      <QtyInPackage>1</QtyInPackage>
      <ItemPrice>12.90</ItemPrice>
      <UnitOfMeasurePrice>4.56</UnitOfMeasurePrice>
      <AllowDiscount>1</AllowDiscount>
      <itemStatus>1</itemStatus>
      <LastUpdateDate />
      <LastUpdateTime />
    </Product>
    <Product>
      <PriceUpdateDate>2019/02/03 09:34</PriceUpdateDate>
      <ItemCode>8423207206501</ItemCode>
      <ItemType>1</ItemType>
      <ItemName>חטיף רב דגנים עם שוקולד חלב</ItemName>
      <ManufactureName>ש.שסטוביץ בעמ</ManufactureName>
      <ManufactureCountry />
      <ManufactureItemDescription />
      <UnitQty>י"ח</UnitQty>
      <Quantity>283</Quantity>
      <UnitMeasure>ל  גרם</UnitMeasure>
      <BisWeighted>0</BisWeighted>
      <QtyInPackage>1</QtyInPackage>
      <ItemPrice>12.90</ItemPrice>
      <UnitOfMeasurePrice>4.56</UnitOfMeasurePrice>
      <AllowDiscount>1</AllowDiscount>
      <itemStatus>1</itemStatus>
      <LastUpdateDate />
      <LastUpdateTime />
    </Product>
    <Product>
      <PriceUpdateDate>2019/02/03 09:34</PriceUpdateDate>
      <ItemCode>8423207207362</ItemCode>
      <ItemType>1</ItemType>
      <ItemName>מרבה סלים דלים שוקולד לבן 120גר</ItemName>
      <ManufactureName>ש.שסטוביץ בעמ</ManufactureName>
      <ManufactureCountry />
      <ManufactureItemDescription />
      <UnitQty>י"ח</UnitQty>
      <Quantity>120</Quantity>
      <UnitMeasure>ל  גרם</UnitMeasure>
      <BisWeighted>0</BisWeighted>
      <QtyInPackage>1</QtyInPackage>
      <ItemPrice>12.90</ItemPrice>
      <UnitOfMeasurePrice>10.75</UnitOfMeasurePrice>
      <AllowDiscount>1</AllowDiscount>
      <itemStatus>1</itemStatus>
      <LastUpdateDate />
      <LastUpdateTime />
    </Product>
    <Product>
      <PriceUpdateDate>2019/02/03 09:34</PriceUpdateDate>
      <ItemCode>8423207207379</ItemCode>
      <ItemType>1</ItemType>
      <ItemName>מרבה סלים דלים פייבר עם שוקולד מריר 120</ItemName>
      <ManufactureName>ש.שסטוביץ בעמ</ManufactureName>
      <ManufactureCountry />
      <ManufactureItemDescription />
      <UnitQty>י"ח</UnitQty>
      <Quantity>120</Quantity>
      <UnitMeasure>ל  גרם</UnitMeasure>
      <BisWeighted>0</BisWeighted>
      <QtyInPackage>1</QtyInPackage>
      <ItemPrice>12.90</ItemPrice>
      <UnitOfMeasurePrice>10.75</UnitOfMeasurePrice>
      <AllowDiscount>1</AllowDiscount>
      <itemStatus>1</itemStatus>
      <LastUpdateDate />
      <LastUpdateTime />
    </Product>
    <Product>
      <PriceUpdateDate>2019/02/03 09:34</PriceUpdateDate>
      <ItemCode>8423207207386</ItemCode>
      <ItemType>1</ItemType>
      <ItemName>מרבה סלים דלים פייבר עם שוקולד חלב 120גר</ItemName>
      <ManufactureName>ש.שסטוביץ בעמ</ManufactureName>
      <ManufactureCountry />
      <ManufactureItemDescription />
      <UnitQty>י"ח</UnitQty>
      <Quantity>120</Quantity>
      <UnitMeasure>ל  גרם</UnitMeasure>
      <BisWeighted>0</BisWeighted>
      <QtyInPackage>1</QtyInPackage>
      <ItemPrice>12.90</ItemPrice>
      <UnitOfMeasurePrice>10.75</UnitOfMeasurePrice>
      <AllowDiscount>1</AllowDiscount>
      <itemStatus>1</itemStatus>
      <LastUpdateDate />
      <LastUpdateTime />
    </Product>
    <Product>
      <PriceUpdateDate>2019/02/03 09:34</PriceUpdateDate>
      <ItemCode>8423207208260</ItemCode>
      <ItemType>1</ItemType>
      <ItemName>חטיף דגנים מלאה צופה שוקולד מריר</ItemName>
      <ManufactureName>ש.שסטוביץ בעמ</ManufactureName>
      <ManufactureCountry />
      <ManufactureItemDescription />
      <UnitQty>י"ח</UnitQty>
      <Quantity>283</Quantity>
      <UnitMeasure>ל  גרם</UnitMeasure>
      <BisWeighted>0</BisWeighted>
      <QtyInPackage>1</QtyInPackage>
      <ItemPrice>12.90</ItemPrice>
      <UnitOfMeasurePrice>4.56</UnitOfMeasurePrice>
      <AllowDiscount>1</AllowDiscount>
      <itemStatus>1</itemStatus>
      <LastUpdateDate />
      <LastUpdateTime />
    </Product>
    <Product>
      <PriceUpdateDate>2019/02/03 09:34</PriceUpdateDate>
      <ItemCode>8423207208680</ItemCode>
      <ItemType>1</ItemType>
      <ItemName>חטיף בריאות במילוי שוקולד חלב ילדים</ItemName>
      <ManufactureName>ש.שסטוביץ בעמ</ManufactureName>
      <ManufactureCountry />
      <ManufactureItemDescription />
      <UnitQty>י"ח</UnitQty>
      <Quantity>283</Quantity>
      <UnitMeasure>ל  גרם</UnitMeasure>
      <BisWeighted>0</BisWeighted>
      <QtyInPackage>1</QtyInPackage>
      <ItemPrice>12.90</ItemPrice>
      <UnitOfMeasurePrice>4.56</UnitOfMeasurePrice>
      <AllowDiscount>1</AllowDiscount>
      <itemStatus>1</itemStatus>
      <LastUpdateDate />
      <LastUpdateTime />
    </Product>
    <Product>
      <PriceUpdateDate>2019/02/03 09:34</PriceUpdateDate>
      <ItemCode>8423207208697</ItemCode>
      <ItemType>1</ItemType>
      <ItemName>חטיף בריאות במילוי שוקולד לבן ילדים</ItemName>
      <ManufactureName>ש.שסטוביץ בעמ</ManufactureName>
      <ManufactureCountry />
      <ManufactureItemDescription />
      <UnitQty>י"ח</UnitQty>
      <Quantity>283</Quantity>
      <UnitMeasure>ל  גרם</UnitMeasure>
      <BisWeighted>0</BisWeighted>
      <QtyInPackage>1</QtyInPackage>
      <ItemPrice>12.90</ItemPrice>
      <UnitOfMeasurePrice>4.56</UnitOfMeasurePrice>
      <AllowDiscount>1</AllowDiscount>
      <itemStatus>1</itemStatus>
      <LastUpdateDate />
      <LastUpdateTime />
    </Product>
    <Product>
      <PriceUpdateDate>2019/02/03 09:34</PriceUpdateDate>
      <ItemCode>8423207208703</ItemCode>
      <ItemType>1</ItemType>
      <ItemName>חטיף בריאות במילוי שוקולד מריר</ItemName>
      <ManufactureName>ש.שסטוביץ בעמ</ManufactureName>
      <ManufactureCountry />
      <ManufactureItemDescription />
      <UnitQty>י"ח</UnitQty>
      <Quantity>283</Quantity>
      <UnitMeasure>ל  גרם</UnitMeasure>
      <BisWeighted>0</BisWeighted>
      <QtyInPackage>1</QtyInPackage>
      <ItemPrice>12.90</ItemPrice>
      <UnitOfMeasurePrice>4.56</UnitOfMeasurePrice>
      <AllowDiscount>1</AllowDiscount>
      <itemStatus>1</itemStatus>
      <LastUpdateDate />
      <LastUpdateTime />
    </Product>
    <Product>
      <PriceUpdateDate>2016/04/05 09:53</PriceUpdateDate>
      <ItemCode>8423207208871</ItemCode>
      <ItemType>1</ItemType>
      <ItemName>פריכיות תירס טעם טבעי</ItemName>
      <ManufactureName>גורי מוצרי צריכה בעמ</ManufactureName>
      <ManufactureCountry />
      <ManufactureItemDescription />
      <UnitQty>י"ח</UnitQty>
      <Quantity>130</Quantity>
      <UnitMeasure>ל  גרם</UnitMeasure>
      <BisWeighted>0</BisWeighted>
      <QtyInPackage>1</QtyInPackage>
      <ItemPrice>11.90</ItemPrice>
      <UnitOfMeasurePrice>9.15</UnitOfMeasurePrice>
      <AllowDiscount>1</AllowDiscount>
      <itemStatus>1</itemStatus>
      <LastUpdateDate />
      <LastUpdateTime />
    </Product>
    <Product>
      <PriceUpdateDate>2016/04/05 09:53</PriceUpdateDate>
      <ItemCode>8423207208888</ItemCode>
      <ItemType>1</ItemType>
      <ItemName>פריכיות תירס טעם עגבניות ועשבי תיבול 130</ItemName>
      <ManufactureName>גורי מוצרי צריכה בעמ</ManufactureName>
      <ManufactureCountry />
      <ManufactureItemDescription />
      <UnitQty>י"ח</UnitQty>
      <Quantity>130</Quantity>
      <UnitMeasure>ל  גרם</UnitMeasure>
      <BisWeighted>0</BisWeighted>
      <QtyInPackage>1</QtyInPackage>
      <ItemPrice>11.90</ItemPrice>
      <UnitOfMeasurePrice>9.15</UnitOfMeasurePrice>
      <AllowDiscount>1</AllowDiscount>
      <itemStatus>1</itemStatus>
      <LastUpdateDate />
      <LastUpdateTime />
    </Product>
    <Product>
      <PriceUpdateDate>2016/04/05 09:53</PriceUpdateDate>
      <ItemCode>8423207208895</ItemCode>
      <ItemType>1</ItemType>
      <ItemName>פריכיות תירס טעם זיתים ועירית</ItemName>
      <ManufactureName>גורי מוצרי צריכה בעמ</ManufactureName>
      <ManufactureCountry />
      <ManufactureItemDescription />
      <UnitQty>י"ח</UnitQty>
      <Quantity>130</Quantity>
      <UnitMeasure>ל  גרם</UnitMeasure>
      <BisWeighted>0</BisWeighted>
      <QtyInPackage>1</QtyInPackage>
      <ItemPrice>11.90</ItemPrice>
      <UnitOfMeasurePrice>9.15</UnitOfMeasurePrice>
      <AllowDiscount>1</AllowDiscount>
      <itemStatus>1</itemStatus>
      <LastUpdateDate />
      <LastUpdateTime />
    </Product>
    <Product>
      <PriceUpdateDate>2016/04/05 09:53</PriceUpdateDate>
      <ItemCode>8423207208901</ItemCode>
      <ItemType>1</ItemType>
      <ItemName>פריכיות אורז מלא עם ציפוי שוקולד מ 130</ItemName>
      <ManufactureName>גורי מוצרי צריכה בעמ</ManufactureName>
      <ManufactureCountry />
      <ManufactureItemDescription />
      <UnitQty>י"ח</UnitQty>
      <Quantity>130</Quantity>
      <UnitMeasure>ל  גרם</UnitMeasure>
      <BisWeighted>0</BisWeighted>
      <QtyInPackage>1</QtyInPackage>
      <ItemPrice>11.90</ItemPrice>
      <UnitOfMeasurePrice>9.15</UnitOfMeasurePrice>
      <AllowDiscount>1</AllowDiscount>
      <itemStatus>1</itemStatus>
      <LastUpdateDate />
      <LastUpdateTime />
    </Product>
    <Product>
      <PriceUpdateDate>2019/02/03 09:34</PriceUpdateDate>
      <ItemCode>8423207209748</ItemCode>
      <ItemType>1</ItemType>
      <ItemName>סלים דליס שוקולד מריר עם תפוז מרבה</ItemName>
      <ManufactureName>ש.שסטוביץ בעמ</ManufactureName>
      <ManufactureCountry />
      <ManufactureItemDescription />
      <UnitQty>י"ח</UnitQty>
      <Quantity>283</Quantity>
      <UnitMeasure>ל  גרם</UnitMeasure>
      <BisWeighted>0</BisWeighted>
      <QtyInPackage>1</QtyInPackage>
      <ItemPrice>12.90</ItemPrice>
      <UnitOfMeasurePrice>4.56</UnitOfMeasurePrice>
      <AllowDiscount>1</AllowDiscount>
      <itemStatus>1</itemStatus>
      <LastUpdateDate />
      <LastUpdateTime />
    </Product>
    <Product>
      <PriceUpdateDate>2019/02/03 09:34</PriceUpdateDate>
      <ItemCode>8423207209786</ItemCode>
      <ItemType>1</ItemType>
      <ItemName>חטיף בריאות במילוי שוקולד חלב</ItemName>
      <ManufactureName>ש.שסטוביץ בעמ</ManufactureName>
      <ManufactureCountry />
      <ManufactureItemDescription />
      <UnitQty>י"ח</UnitQty>
      <Quantity>283</Quantity>
      <UnitMeasure>ל  גרם</UnitMeasure>
      <BisWeighted>0</BisWeighted>
      <QtyInPackage>1</QtyInPackage>
      <ItemPrice>12.90</ItemPrice>
      <UnitOfMeasurePrice>4.56</UnitOfMeasurePrice>
      <AllowDiscount>1</AllowDiscount>
      <itemStatus>1</itemStatus>
      <LastUpdateDate />
      <LastUpdateTime />
    </Product>
    <Product>
      <PriceUpdateDate>2019/02/03 09:34</PriceUpdateDate>
      <ItemCode>8423207209885</ItemCode>
      <ItemType>1</ItemType>
      <ItemName>חטיף בריאות במילוי שוקולד חלב</ItemName>
      <ManufactureName>ש.שסטוביץ בעמ</ManufactureName>
      <ManufactureCountry />
      <ManufactureItemDescription />
      <UnitQty>י"ח</UnitQty>
      <Quantity>283</Quantity>
      <UnitMeasure>ל  גרם</UnitMeasure>
      <BisWeighted>0</BisWeighted>
      <QtyInPackage>1</QtyInPackage>
      <ItemPrice>12.90</ItemPrice>
      <UnitOfMeasurePrice>4.56</UnitOfMeasurePrice>
      <AllowDiscount>1</AllowDiscount>
      <itemStatus>1</itemStatus>
      <LastUpdateDate />
      <LastUpdateTime />
    </Product>
    <Product>
      <PriceUpdateDate>2019/02/03 09:34</PriceUpdateDate>
      <ItemCode>8423207210287</ItemCode>
      <ItemType>1</ItemType>
      <ItemName>מרבה סלים דלים שוקולד לבן 120גר</ItemName>
      <ManufactureName>ש.שסטוביץ בעמ</ManufactureName>
      <ManufactureCountry />
      <ManufactureItemDescription />
      <UnitQty>י"ח</UnitQty>
      <Quantity>120</Quantity>
      <UnitMeasure>ל  גרם</UnitMeasure>
      <BisWeighted>0</BisWeighted>
      <QtyInPackage>1</QtyInPackage>
      <ItemPrice>12.90</ItemPrice>
      <UnitOfMeasurePrice>10.75</UnitOfMeasurePrice>
      <AllowDiscount>1</AllowDiscount>
      <itemStatus>1</itemStatus>
      <LastUpdateDate />
      <LastUpdateTime />
    </Product>
    <Product>
      <PriceUpdateDate>2019/12/27 08:44</PriceUpdateDate>
      <ItemCode>8593838987831</ItemCode>
      <ItemType>1</ItemType>
      <ItemName>רקסונה ספריי נשים כותנה  150מ"ל</ItemName>
      <ManufactureName>יוניליוור ישראל שיווק בעמ</ManufactureName>
      <ManufactureCountry />
      <ManufactureItemDescription />
      <UnitQty>י"ח</UnitQty>
      <Quantity>150</Quantity>
      <UnitMeasure>ל  מ"ל</UnitMeasure>
      <BisWeighted>0</BisWeighted>
      <QtyInPackage>1</QtyInPackage>
      <ItemPrice>17.70</ItemPrice>
      <UnitOfMeasurePrice>11.80</UnitOfMeasurePrice>
      <AllowDiscount>1</AllowDiscount>
      <itemStatus>1</itemStatus>
      <LastUpdateDate />
      <LastUpdateTime />
    </Product>
    <Product>
      <PriceUpdateDate>2019/04/19 08:20</PriceUpdateDate>
      <ItemCode>8690504081913</ItemCode>
      <ItemType>1</ItemType>
      <ItemName>טינס מצופה שוקולד חלב 150ג</ItemName>
      <ManufactureName>תה ויסוצקי (ישראל)בעמ</ManufactureName>
      <ManufactureCountry />
      <ManufactureItemDescription />
      <UnitQty>י"ח</UnitQty>
      <Quantity>150</Quantity>
      <UnitMeasure>ל  גרם</UnitMeasure>
      <BisWeighted>0</BisWeighted>
      <QtyInPackage>1</QtyInPackage>
      <ItemPrice>9.90</ItemPrice>
      <UnitOfMeasurePrice>6.60</UnitOfMeasurePrice>
      <AllowDiscount>1</AllowDiscount>
      <itemStatus>1</itemStatus>
      <LastUpdateDate />
      <LastUpdateTime />
    </Product>
    <Product>
      <PriceUpdateDate>2019/04/19 08:20</PriceUpdateDate>
      <ItemCode>8690504081920</ItemCode>
      <ItemType>1</ItemType>
      <ItemName>טינס מצופה שוקולד מריר 150ג</ItemName>
      <ManufactureName>תה ויסוצקי (ישראל)בעמ</ManufactureName>
      <ManufactureCountry />
      <ManufactureItemDescription />
      <UnitQty>י"ח</UnitQty>
      <Quantity>150</Quantity>
      <UnitMeasure>ל  גרם</UnitMeasure>
      <BisWeighted>0</BisWeighted>
      <QtyInPackage>1</QtyInPackage>
      <ItemPrice>9.90</ItemPrice>
      <UnitOfMeasurePrice>6.60</UnitOfMeasurePrice>
      <AllowDiscount>1</AllowDiscount>
      <itemStatus>1</itemStatus>
      <LastUpdateDate />
      <LastUpdateTime />
    </Product>
    <Product>
      <PriceUpdateDate>2019/04/19 08:20</PriceUpdateDate>
      <ItemCode>8690504081937</ItemCode>
      <ItemType>1</ItemType>
      <ItemName>טינס שוקולד חלב וקפוצינו 150ג</ItemName>
      <ManufactureName>תה ויסוצקי (ישראל)בעמ</ManufactureName>
      <ManufactureCountry />
      <ManufactureItemDescription />
      <UnitQty>י"ח</UnitQty>
      <Quantity>150</Quantity>
      <UnitMeasure>ל  גרם</UnitMeasure>
      <BisWeighted>0</BisWeighted>
      <QtyInPackage>1</QtyInPackage>
      <ItemPrice>9.90</ItemPrice>
      <UnitOfMeasurePrice>6.60</UnitOfMeasurePrice>
      <AllowDiscount>1</AllowDiscount>
      <itemStatus>1</itemStatus>
      <LastUpdateDate />
      <LastUpdateTime />
    </Product>
    <Product>
      <PriceUpdateDate>2017/11/10 08:42</PriceUpdateDate>
      <ItemCode>8690572778326</ItemCode>
      <ItemType>1</ItemType>
      <ItemName>פה דאודורנט ספריי כותנה 200מ"ל</ItemName>
      <ManufactureName>הנקל סוד בעמ</ManufactureName>
      <ManufactureCountry />
      <ManufactureItemDescription />
      <UnitQty>י"ח</UnitQty>
      <Quantity>200</Quantity>
      <UnitMeasure>ל  מ"ל</UnitMeasure>
      <BisWeighted>0</BisWeighted>
      <QtyInPackage>1</QtyInPackage>
      <ItemPrice>10.90</ItemPrice>
      <UnitOfMeasurePrice>5.45</UnitOfMeasurePrice>
      <AllowDiscount>1</AllowDiscount>
      <itemStatus>1</itemStatus>
      <LastUpdateDate />
      <LastUpdateTime />
    </Product>
    <Product>
      <PriceUpdateDate>2018/03/02 08:31</PriceUpdateDate>
      <ItemCode>8690572783931</ItemCode>
      <ItemType>1</ItemType>
      <ItemName>פה דאורדורנט ספריי</ItemName>
      <ManufactureName>הנקל סוד בעמ</ManufactureName>
      <ManufactureCountry />
      <ManufactureItemDescription />
      <UnitQty>י"ח</UnitQty>
      <Quantity>200</Quantity>
      <UnitMeasure>ל  מ"ל</UnitMeasure>
      <BisWeighted>0</BisWeighted>
      <QtyInPackage>1</QtyInPackage>
      <ItemPrice>10.90</ItemPrice>
      <UnitOfMeasurePrice>5.45</UnitOfMeasurePrice>
      <AllowDiscount>1</AllowDiscount>
      <itemStatus>1</itemStatus>
      <LastUpdateDate />
      <LastUpdateTime />
    </Product>
    <Product>
      <PriceUpdateDate>2018/01/17 09:42</PriceUpdateDate>
      <ItemCode>8690572784990</ItemCode>
      <ItemType>1</ItemType>
      <ItemName>מרכך לחיזוק שורשי סיב השערה 600מ"ל  SY</ItemName>
      <ManufactureName>הנקל סוד בעמ</ManufactureName>
      <ManufactureCountry />
      <ManufactureItemDescription />
      <UnitQty>י"ח</UnitQty>
      <Quantity>600</Quantity>
      <UnitMeasure>ל  מ"ל</UnitMeasure>
      <BisWeighted>0</BisWeighted>
      <QtyInPackage>1</QtyInPackage>
      <ItemPrice>13.90</ItemPrice>
      <UnitOfMeasurePrice>2.32</UnitOfMeasurePrice>
      <AllowDiscount>1</AllowDiscount>
      <itemStatus>1</itemStatus>
      <LastUpdateDate />
      <LastUpdateTime />
    </Product>
    <Product>
      <PriceUpdateDate>2018/01/17 09:42</PriceUpdateDate>
      <ItemCode>8690572785027</ItemCode>
      <ItemType>1</ItemType>
      <ItemName>מרכך קרטין 600מ"ל  SYOSS</ItemName>
      <ManufactureName>הנקל סוד בעמ</ManufactureName>
      <ManufactureCountry />
      <ManufactureItemDescription />
      <UnitQty>י"ח</UnitQty>
      <Quantity>600</Quantity>
      <UnitMeasure>ל  מ"ל</UnitMeasure>
      <BisWeighted>0</BisWeighted>
      <QtyInPackage>1</QtyInPackage>
      <ItemPrice>13.90</ItemPrice>
      <UnitOfMeasurePrice>2.32</UnitOfMeasurePrice>
      <AllowDiscount>1</AllowDiscount>
      <itemStatus>1</itemStatus>
      <LastUpdateDate />
      <LastUpdateTime />
    </Product>
    <Product>
      <PriceUpdateDate>2018/01/17 09:42</PriceUpdateDate>
      <ItemCode>8690572785065</ItemCode>
      <ItemType>1</ItemType>
      <ItemName>שמפו קרטין 600מ"ל  SYOSS.</ItemName>
      <ManufactureName>הנקל סוד בעמ</ManufactureName>
      <ManufactureCountry />
      <ManufactureItemDescription />
      <UnitQty>י"ח</UnitQty>
      <Quantity>600</Quantity>
      <UnitMeasure>ל  מ"ל</UnitMeasure>
      <BisWeighted>0</BisWeighted>
      <QtyInPackage>1</QtyInPackage>
      <ItemPrice>13.90</ItemPrice>
      <UnitOfMeasurePrice>2.32</UnitOfMeasurePrice>
      <AllowDiscount>1</AllowDiscount>
      <itemStatus>1</itemStatus>
      <LastUpdateDate />
      <LastUpdateTime />
    </Product>
    <Product>
      <PriceUpdateDate>2018/01/17 09:42</PriceUpdateDate>
      <ItemCode>8690572785102</ItemCode>
      <ItemType>1</ItemType>
      <ItemName>שמפו לחיזוק שורשי סיב השערה 600מ"ל  SY</ItemName>
      <ManufactureName>הנקל סוד בעמ</ManufactureName>
      <ManufactureCountry />
      <ManufactureItemDescription />
      <UnitQty>י"ח</UnitQty>
      <Quantity>600</Quantity>
      <UnitMeasure>ל  מ"ל</UnitMeasure>
      <BisWeighted>0</BisWeighted>
      <QtyInPackage>1</QtyInPackage>
      <ItemPrice>13.90</ItemPrice>
      <UnitOfMeasurePrice>2.32</UnitOfMeasurePrice>
      <AllowDiscount>1</AllowDiscount>
      <itemStatus>1</itemStatus>
      <LastUpdateDate />
      <LastUpdateTime />
    </Product>
    <Product>
      <PriceUpdateDate>2018/01/17 09:42</PriceUpdateDate>
      <ItemCode>8690572785126</ItemCode>
      <ItemType>1</ItemType>
      <ItemName>שמפו אולאו 21 600 מ"ל  SYOSS</ItemName>
      <ManufactureName>הנקל סוד בעמ</ManufactureName>
      <ManufactureCountry />
      <ManufactureItemDescription />
      <UnitQty>י"ח</UnitQty>
      <Quantity>600</Quantity>
      <UnitMeasure>ל  מ"ל</UnitMeasure>
      <BisWeighted>0</BisWeighted>
      <QtyInPackage>1</QtyInPackage>
      <ItemPrice>13.90</ItemPrice>
      <UnitOfMeasurePrice>2.32</UnitOfMeasurePrice>
      <AllowDiscount>1</AllowDiscount>
      <itemStatus>1</itemStatus>
      <LastUpdateDate />
      <LastUpdateTime />
    </Product>
    <Product>
      <PriceUpdateDate>2018/08/12 13:15</PriceUpdateDate>
      <ItemCode>8690572785911</ItemCode>
      <ItemType>1</ItemType>
      <ItemName>מרכך לתלתלים 600מ"ל  SYOSS</ItemName>
      <ManufactureName>הנקל סוד בעמ</ManufactureName>
      <ManufactureCountry />
      <ManufactureItemDescription />
      <UnitQty>י"ח</UnitQty>
      <Quantity>600</Quantity>
      <UnitMeasure>ל  מ"ל</UnitMeasure>
      <BisWeighted>0</BisWeighted>
      <QtyInPackage>1</QtyInPackage>
      <ItemPrice>13.90</ItemPrice>
      <UnitOfMeasurePrice>2.32</UnitOfMeasurePrice>
      <AllowDiscount>1</AllowDiscount>
      <itemStatus>1</itemStatus>
      <LastUpdateDate />
      <LastUpdateTime />
    </Product>
    <Product>
      <PriceUpdateDate>2018/08/12 13:15</PriceUpdateDate>
      <ItemCode>8690572785928</ItemCode>
      <ItemType>1</ItemType>
      <ItemName>שמפו לתלתלים 600מ"ל  SYOSS</ItemName>
      <ManufactureName>הנקל סוד בעמ</ManufactureName>
      <ManufactureCountry />
      <ManufactureItemDescription />
      <UnitQty>י"ח</UnitQty>
      <Quantity>600</Quantity>
      <UnitMeasure>ל  מ"ל</UnitMeasure>
      <BisWeighted>0</BisWeighted>
      <QtyInPackage>1</QtyInPackage>
      <ItemPrice>13.90</ItemPrice>
      <UnitOfMeasurePrice>2.32</UnitOfMeasurePrice>
      <AllowDiscount>1</AllowDiscount>
      <itemStatus>1</itemStatus>
      <LastUpdateDate />
      <LastUpdateTime />
    </Product>
    <Product>
      <PriceUpdateDate>2019/12/27 08:44</PriceUpdateDate>
      <ItemCode>8690637538858</ItemCode>
      <ItemType>1</ItemType>
      <ItemName>דאו`ספריי אקס שוק 150 מ``ל</ItemName>
      <ManufactureName>יוניליוור ישראל שיווק בעמ</ManufactureName>
      <ManufactureCountry />
      <ManufactureItemDescription />
      <UnitQty>י"ח</UnitQty>
      <Quantity>150</Quantity>
      <UnitMeasure>ל  מ"ל</UnitMeasure>
      <BisWeighted>0</BisWeighted>
      <QtyInPackage>1</QtyInPackage>
      <ItemPrice>12.90</ItemPrice>
      <UnitOfMeasurePrice>8.60</UnitOfMeasurePrice>
      <AllowDiscount>1</AllowDiscount>
      <itemStatus>1</itemStatus>
      <LastUpdateDate />
      <LastUpdateTime />
    </Product>
    <Product>
      <PriceUpdateDate>2019/05/12 09:04</PriceUpdateDate>
      <ItemCode>8690637577512</ItemCode>
      <ItemType>1</ItemType>
      <ItemName>אקס בודי ספריי אקסייט</ItemName>
      <ManufactureName>יוניליוור ישראל שיווק בעמ</ManufactureName>
      <ManufactureCountry />
      <ManufactureItemDescription />
      <UnitQty>י"ח</UnitQty>
      <Quantity>150</Quantity>
      <UnitMeasure>ל  מ"ל</UnitMeasure>
      <BisWeighted>0</BisWeighted>
      <QtyInPackage>1</QtyInPackage>
      <ItemPrice>14.90</ItemPrice>
      <UnitOfMeasurePrice>9.93</UnitOfMeasurePrice>
      <AllowDiscount>1</AllowDiscount>
      <itemStatus>1</itemStatus>
      <LastUpdateDate />
      <LastUpdateTime />
    </Product>
    <Product>
      <PriceUpdateDate>2019/12/27 08:44</PriceUpdateDate>
      <ItemCode>8690637611698</ItemCode>
      <ItemType>1</ItemType>
      <ItemName>אקס בודי ספריי גברים</ItemName>
      <ManufactureName>יוניליוור ישראל שיווק בעמ</ManufactureName>
      <ManufactureCountry />
      <ManufactureItemDescription />
      <UnitQty>י"ח</UnitQty>
      <Quantity>150</Quantity>
      <UnitMeasure>ל  מ"ל</UnitMeasure>
      <BisWeighted>0</BisWeighted>
      <QtyInPackage>1</QtyInPackage>
      <ItemPrice>12.90</ItemPrice>
      <UnitOfMeasurePrice>8.60</UnitOfMeasurePrice>
      <AllowDiscount>1</AllowDiscount>
      <itemStatus>1</itemStatus>
      <LastUpdateDate />
      <LastUpdateTime />
    </Product>
    <Product>
      <PriceUpdateDate>2019/05/12 09:04</PriceUpdateDate>
      <ItemCode>8690637631009</ItemCode>
      <ItemType>1</ItemType>
      <ItemName>אקס בודי ספריי אפולו לגבר 150מ"ל</ItemName>
      <ManufactureName>יוניליוור ישראל שיווק בעמ</ManufactureName>
      <ManufactureCountry />
      <ManufactureItemDescription />
      <UnitQty>י"ח</UnitQty>
      <Quantity>150</Quantity>
      <UnitMeasure>ל  מ"ל</UnitMeasure>
      <BisWeighted>0</BisWeighted>
      <QtyInPackage>1</QtyInPackage>
      <ItemPrice>14.90</ItemPrice>
      <UnitOfMeasurePrice>9.93</UnitOfMeasurePrice>
      <AllowDiscount>1</AllowDiscount>
      <itemStatus>1</itemStatus>
      <LastUpdateDate />
      <LastUpdateTime />
    </Product>
    <Product>
      <PriceUpdateDate>2017/05/04 12:13</PriceUpdateDate>
      <ItemCode>8690637799839</ItemCode>
      <ItemType>1</ItemType>
      <ItemName>מגנום דאבל קרמל</ItemName>
      <ManufactureName>גלידות שטראוס בעמ</ManufactureName>
      <ManufactureCountry />
      <ManufactureItemDescription />
      <UnitQty>י"ח</UnitQty>
      <Quantity>1</Quantity>
      <UnitMeasure>י"ח</UnitMeasure>
      <BisWeighted>0</BisWeighted>
      <QtyInPackage>1</QtyInPackage>
      <ItemPrice>13</ItemPrice>
      <UnitOfMeasurePrice>13</UnitOfMeasurePrice>
      <AllowDiscount>1</AllowDiscount>
      <itemStatus>1</itemStatus>
      <LastUpdateDate />
      <LastUpdateTime />
    </Product>
    <Product>
      <PriceUpdateDate>2017/05/04 12:13</PriceUpdateDate>
      <ItemCode>8690637799877</ItemCode>
      <ItemType>1</ItemType>
      <ItemName>מגנום דאבל שןקולד</ItemName>
      <ManufactureName>גלידות שטראוס בעמ</ManufactureName>
      <ManufactureCountry />
      <ManufactureItemDescription />
      <UnitQty>י"ח</UnitQty>
      <Quantity>1</Quantity>
      <UnitMeasure>י"ח</UnitMeasure>
      <BisWeighted>0</BisWeighted>
      <QtyInPackage>1</QtyInPackage>
      <ItemPrice>13</ItemPrice>
      <UnitOfMeasurePrice>13</UnitOfMeasurePrice>
      <AllowDiscount>1</AllowDiscount>
      <itemStatus>1</itemStatus>
      <LastUpdateDate />
      <LastUpdateTime />
    </Product>
    <Product>
      <PriceUpdateDate>2019/08/04 10:29</PriceUpdateDate>
      <ItemCode>8690637842382</ItemCode>
      <ItemType>1</ItemType>
      <ItemName>מגנום דאבל פרי יער</ItemName>
      <ManufactureName>גלידות שטראוס בעמ</ManufactureName>
      <ManufactureCountry />
      <ManufactureItemDescription />
      <UnitQty>י"ח</UnitQty>
      <Quantity>85</Quantity>
      <UnitMeasure>ל  גרם</UnitMeasure>
      <BisWeighted>0</BisWeighted>
      <QtyInPackage>1</QtyInPackage>
      <ItemPrice>10</ItemPrice>
      <UnitOfMeasurePrice>11.76</UnitOfMeasurePrice>
      <AllowDiscount>1</AllowDiscount>
      <itemStatus>1</itemStatus>
      <LastUpdateDate />
      <LastUpdateTime />
    </Product>
    <Product>
      <PriceUpdateDate>2019/05/02 11:09</PriceUpdateDate>
      <ItemCode>8690637879395</ItemCode>
      <ItemType>1</ItemType>
      <ItemName>מגנום דאבל פיסטוק</ItemName>
      <ManufactureName>גלידות שטראוס בעמ</ManufactureName>
      <ManufactureCountry />
      <ManufactureItemDescription />
      <UnitQty>י"ח</UnitQty>
      <Quantity>1</Quantity>
      <UnitMeasure>י"ח</UnitMeasure>
      <BisWeighted>0</BisWeighted>
      <QtyInPackage>1</QtyInPackage>
      <ItemPrice>13</ItemPrice>
      <UnitOfMeasurePrice>13</UnitOfMeasurePrice>
      <AllowDiscount>1</AllowDiscount>
      <itemStatus>1</itemStatus>
      <LastUpdateDate />
      <LastUpdateTime />
    </Product>
    <Product>
      <PriceUpdateDate>2020/02/14 07:23</PriceUpdateDate>
      <ItemCode>8690637938474</ItemCode>
      <ItemType>1</ItemType>
      <ItemName>מגנום דאבל דבש שקדים</ItemName>
      <ManufactureName>גלידות שטראוס בעמ</ManufactureName>
      <ManufactureCountry />
      <ManufactureItemDescription />
      <UnitQty>י"ח</UnitQty>
      <Quantity>1</Quantity>
      <UnitMeasure>י"ח</UnitMeasure>
      <BisWeighted>0</BisWeighted>
      <QtyInPackage>1</QtyInPackage>
      <ItemPrice>13</ItemPrice>
      <UnitOfMeasurePrice>13</UnitOfMeasurePrice>
      <AllowDiscount>1</AllowDiscount>
      <itemStatus>1</itemStatus>
      <LastUpdateDate />
      <LastUpdateTime />
    </Product>
    <Product>
      <PriceUpdateDate>2013/11/28 13:30</PriceUpdateDate>
      <ItemCode>8690784211505</ItemCode>
      <ItemType>1</ItemType>
      <ItemName>גלייד ספריי אורוסול קלין</ItemName>
      <ManufactureName>דנשר (1963) בעמ</ManufactureName>
      <ManufactureCountry />
      <ManufactureItemDescription />
      <UnitQty>י"ח</UnitQty>
      <Quantity>300</Quantity>
      <UnitMeasure>ל  מ"ל</UnitMeasure>
      <BisWeighted>0</BisWeighted>
      <QtyInPackage>1</QtyInPackage>
      <ItemPrice>11</ItemPrice>
      <UnitOfMeasurePrice>3.67</UnitOfMeasurePrice>
      <AllowDiscount>1</AllowDiscount>
      <itemStatus>1</itemStatus>
      <LastUpdateDate />
      <LastUpdateTime />
    </Product>
    <Product>
      <PriceUpdateDate>2013/11/28 13:30</PriceUpdateDate>
      <ItemCode>8690784211703</ItemCode>
      <ItemType>1</ItemType>
      <ItemName>גלייד טאלק עדין</ItemName>
      <ManufactureName>דנשר (1963) בעמ</ManufactureName>
      <ManufactureCountry />
      <ManufactureItemDescription />
      <UnitQty>י"ח</UnitQty>
      <Quantity>300</Quantity>
      <UnitMeasure>ל  מ"ל</UnitMeasure>
      <BisWeighted>0</BisWeighted>
      <QtyInPackage>1</QtyInPackage>
      <ItemPrice>11</ItemPrice>
      <UnitOfMeasurePrice>3.67</UnitOfMeasurePrice>
      <AllowDiscount>1</AllowDiscount>
      <itemStatus>1</itemStatus>
      <LastUpdateDate />
      <LastUpdateTime />
    </Product>
    <Product>
      <PriceUpdateDate>2013/11/28 13:30</PriceUpdateDate>
      <ItemCode>8690784211802</ItemCode>
      <ItemType>1</ItemType>
      <ItemName>גלייד ספריי  לבנדר</ItemName>
      <ManufactureName>דנשר (1963) בעמ</ManufactureName>
      <ManufactureCountry />
      <ManufactureItemDescription />
      <UnitQty>י"ח</UnitQty>
      <Quantity>300</Quantity>
      <UnitMeasure>ל  מ"ל</UnitMeasure>
      <BisWeighted>0</BisWeighted>
      <QtyInPackage>1</QtyInPackage>
      <ItemPrice>11</ItemPrice>
      <UnitOfMeasurePrice>3.67</UnitOfMeasurePrice>
      <AllowDiscount>1</AllowDiscount>
      <itemStatus>1</itemStatus>
      <LastUpdateDate />
      <LastUpdateTime />
    </Product>
    <Product>
      <PriceUpdateDate>2013/11/28 13:30</PriceUpdateDate>
      <ItemCode>8690784212007</ItemCode>
      <ItemType>1</ItemType>
      <ItemName>גלייד ספריי רעננות בוקר</ItemName>
      <ManufactureName>דנשר (1963) בעמ</ManufactureName>
      <ManufactureCountry />
      <ManufactureItemDescription />
      <UnitQty>י"ח</UnitQty>
      <Quantity>300</Quantity>
      <UnitMeasure>ל  מ"ל</UnitMeasure>
      <BisWeighted>0</BisWeighted>
      <QtyInPackage>1</QtyInPackage>
      <ItemPrice>11</ItemPrice>
      <UnitOfMeasurePrice>3.67</UnitOfMeasurePrice>
      <AllowDiscount>1</AllowDiscount>
      <itemStatus>1</itemStatus>
      <LastUpdateDate />
      <LastUpdateTime />
    </Product>
    <Product>
      <PriceUpdateDate>2018/12/18 08:15</PriceUpdateDate>
      <ItemCode>8690784514880</ItemCode>
      <ItemType>1</ItemType>
      <ItemName>גלייד ספריי אוטומטי 269מ"ל מילוי</ItemName>
      <ManufactureName>דנשר (1963) בעמ</ManufactureName>
      <ManufactureCountry />
      <ManufactureItemDescription />
      <UnitQty>י"ח</UnitQty>
      <Quantity>269</Quantity>
      <UnitMeasure>ל  מ"ל</UnitMeasure>
      <BisWeighted>0</BisWeighted>
      <QtyInPackage>1</QtyInPackage>
      <ItemPrice>16.90</ItemPrice>
      <UnitOfMeasurePrice>6.28</UnitOfMeasurePrice>
      <AllowDiscount>1</AllowDiscount>
      <itemStatus>1</itemStatus>
      <LastUpdateDate />
      <LastUpdateTime />
    </Product>
    <Product>
      <PriceUpdateDate>2018/12/18 08:15</PriceUpdateDate>
      <ItemCode>8690784516440</ItemCode>
      <ItemType>1</ItemType>
      <ItemName>דאק סבון ניקוי לאסלה</ItemName>
      <ManufactureName>דנשר (1963) בעמ</ManufactureName>
      <ManufactureCountry />
      <ManufactureItemDescription />
      <UnitQty>י"ח</UnitQty>
      <Quantity>750</Quantity>
      <UnitMeasure>ל  מ"ל</UnitMeasure>
      <BisWeighted>0</BisWeighted>
      <QtyInPackage>1</QtyInPackage>
      <ItemPrice>11.90</ItemPrice>
      <UnitOfMeasurePrice>1.59</UnitOfMeasurePrice>
      <AllowDiscount>1</AllowDiscount>
      <itemStatus>1</itemStatus>
      <LastUpdateDate />
      <LastUpdateTime />
    </Product>
    <Product>
      <PriceUpdateDate>2018/12/18 08:15</PriceUpdateDate>
      <ItemCode>8690784516556</ItemCode>
      <ItemType>1</ItemType>
      <ItemName>טואלט דאק נוזל כחול 750מ"ל</ItemName>
      <ManufactureName>דנשר (1963) בעמ</ManufactureName>
      <ManufactureCountry />
      <ManufactureItemDescription />
      <UnitQty>י"ח</UnitQty>
      <Quantity>750</Quantity>
      <UnitMeasure>ל  מ"ל</UnitMeasure>
      <BisWeighted>0</BisWeighted>
      <QtyInPackage>1</QtyInPackage>
      <ItemPrice>11.90</ItemPrice>
      <UnitOfMeasurePrice>1.59</UnitOfMeasurePrice>
      <AllowDiscount>1</AllowDiscount>
      <itemStatus>1</itemStatus>
      <LastUpdateDate />
      <LastUpdateTime />
    </Product>
    <Product>
      <PriceUpdateDate>2019/05/30 12:01</PriceUpdateDate>
      <ItemCode>8690784516662</ItemCode>
      <ItemType>1</ItemType>
      <ItemName>דאק ג`ל לניקוי בניחוח לבנדר</ItemName>
      <ManufactureName>דנשר (1963) בעמ</ManufactureName>
      <ManufactureCountry />
      <ManufactureItemDescription />
      <UnitQty>י"ח</UnitQty>
      <Quantity>750</Quantity>
      <UnitMeasure>ל  מ"ל</UnitMeasure>
      <BisWeighted>0</BisWeighted>
      <QtyInPackage>1</QtyInPackage>
      <ItemPrice>11.90</ItemPrice>
      <UnitOfMeasurePrice>1.59</UnitOfMeasurePrice>
      <AllowDiscount>1</AllowDiscount>
      <itemStatus>1</itemStatus>
      <LastUpdateDate />
      <LastUpdateTime />
    </Product>
    <Product>
      <PriceUpdateDate>2018/06/04 14:45</PriceUpdateDate>
      <ItemCode>8690784516778</ItemCode>
      <ItemType>1</ItemType>
      <ItemName>דאק ג`ל לניקוי בניחוח ים</ItemName>
      <ManufactureName>דנשר (1963) בעמ</ManufactureName>
      <ManufactureCountry />
      <ManufactureItemDescription />
      <UnitQty>י"ח</UnitQty>
      <Quantity>750</Quantity>
      <UnitMeasure>ל  מ"ל</UnitMeasure>
      <BisWeighted>0</BisWeighted>
      <QtyInPackage>1</QtyInPackage>
      <ItemPrice>11.90</ItemPrice>
      <UnitOfMeasurePrice>1.59</UnitOfMeasurePrice>
      <AllowDiscount>1</AllowDiscount>
      <itemStatus>1</itemStatus>
      <LastUpdateDate />
      <LastUpdateTime />
    </Product>
    <Product>
      <PriceUpdateDate>2018/12/18 08:15</PriceUpdateDate>
      <ItemCode>8690784518116</ItemCode>
      <ItemType>1</ItemType>
      <ItemName>דאק סבון ניקוי לאסלה</ItemName>
      <ManufactureName>דנשר (1963) בעמ</ManufactureName>
      <ManufactureCountry />
      <ManufactureItemDescription />
      <UnitQty>י"ח</UnitQty>
      <Quantity>750</Quantity>
      <UnitMeasure>ל  מ"ל</UnitMeasure>
      <BisWeighted>0</BisWeighted>
      <QtyInPackage>1</QtyInPackage>
      <ItemPrice>11.90</ItemPrice>
      <UnitOfMeasurePrice>1.59</UnitOfMeasurePrice>
      <AllowDiscount>1</AllowDiscount>
      <itemStatus>1</itemStatus>
      <LastUpdateDate />
      <LastUpdateTime />
    </Product>
    <Product>
      <PriceUpdateDate>2018/12/18 08:15</PriceUpdateDate>
      <ItemCode>8690784518222</ItemCode>
      <ItemType>1</ItemType>
      <ItemName>דאק סבון ניקוי לאסלה</ItemName>
      <ManufactureName>דנשר (1963) בעמ</ManufactureName>
      <ManufactureCountry />
      <ManufactureItemDescription />
      <UnitQty>י"ח</UnitQty>
      <Quantity>750</Quantity>
      <UnitMeasure>ל  מ"ל</UnitMeasure>
      <BisWeighted>0</BisWeighted>
      <QtyInPackage>1</QtyInPackage>
      <ItemPrice>11.90</ItemPrice>
      <UnitOfMeasurePrice>1.59</UnitOfMeasurePrice>
      <AllowDiscount>1</AllowDiscount>
      <itemStatus>1</itemStatus>
      <LastUpdateDate />
      <LastUpdateTime />
    </Product>
    <Product>
      <PriceUpdateDate>2019/12/04 07:48</PriceUpdateDate>
      <ItemCode>8690784611442</ItemCode>
      <ItemType>1</ItemType>
      <ItemName>דאק סבון נ.לאסלה אקונומיקה מקציפה הדרי</ItemName>
      <ManufactureName>דנשר (1963) בעמ</ManufactureName>
      <ManufactureCountry />
      <ManufactureItemDescription />
      <UnitQty>י"ח</UnitQty>
      <Quantity>30</Quantity>
      <UnitMeasure>ל  מ"ל</UnitMeasure>
      <BisWeighted>0</BisWeighted>
      <QtyInPackage>1</QtyInPackage>
      <ItemPrice>9.90</ItemPrice>
      <UnitOfMeasurePrice>33</UnitOfMeasurePrice>
      <AllowDiscount>1</AllowDiscount>
      <itemStatus>1</itemStatus>
      <LastUpdateDate />
      <LastUpdateTime />
    </Product>
    <Product>
      <PriceUpdateDate>2018/08/07 11:23</PriceUpdateDate>
      <ItemCode>8690784614559</ItemCode>
      <ItemType>1</ItemType>
      <ItemName>דאק סבון ניקוי לאסלה בניחוח טרופי</ItemName>
      <ManufactureName>דנשר (1963) בעמ</ManufactureName>
      <ManufactureCountry />
      <ManufactureItemDescription />
      <UnitQty>י"ח</UnitQty>
      <Quantity>30</Quantity>
      <UnitMeasure>ל  מ"ל</UnitMeasure>
      <BisWeighted>0</BisWeighted>
      <QtyInPackage>1</QtyInPackage>
      <ItemPrice>9.90</ItemPrice>
      <UnitOfMeasurePrice>33</UnitOfMeasurePrice>
      <AllowDiscount>1</AllowDiscount>
      <itemStatus>1</itemStatus>
      <LastUpdateDate />
      <LastUpdateTime />
    </Product>
    <Product>
      <PriceUpdateDate>2018/08/07 11:23</PriceUpdateDate>
      <ItemCode>8690784614665</ItemCode>
      <ItemType>1</ItemType>
      <ItemName>דאק סבון ניקוי לאסלה בניחוח ים</ItemName>
      <ManufactureName>דנשר (1963) בעמ</ManufactureName>
      <ManufactureCountry />
      <ManufactureItemDescription />
      <UnitQty>י"ח</UnitQty>
      <Quantity>30</Quantity>
      <UnitMeasure>ל  מ"ל</UnitMeasure>
      <BisWeighted>0</BisWeighted>
      <QtyInPackage>1</QtyInPackage>
      <ItemPrice>9.90</ItemPrice>
      <UnitOfMeasurePrice>33</UnitOfMeasurePrice>
      <AllowDiscount>1</AllowDiscount>
      <itemStatus>1</itemStatus>
      <LastUpdateDate />
      <LastUpdateTime />
    </Product>
    <Product>
      <PriceUpdateDate>2018/08/07 11:23</PriceUpdateDate>
      <ItemCode>8690784614771</ItemCode>
      <ItemType>1</ItemType>
      <ItemName>דאק סבון ניקוי לאסלה בניחוח רענן</ItemName>
      <ManufactureName>דנשר (1963) בעמ</ManufactureName>
      <ManufactureCountry />
      <ManufactureItemDescription />
      <UnitQty>י"ח</UnitQty>
      <Quantity>30</Quantity>
      <UnitMeasure>ל  מ"ל</UnitMeasure>
      <BisWeighted>0</BisWeighted>
      <QtyInPackage>1</QtyInPackage>
      <ItemPrice>9.90</ItemPrice>
      <UnitOfMeasurePrice>33</UnitOfMeasurePrice>
      <AllowDiscount>1</AllowDiscount>
      <itemStatus>1</itemStatus>
      <LastUpdateDate />
      <LastUpdateTime />
    </Product>
    <Product>
      <PriceUpdateDate>2018/08/07 11:23</PriceUpdateDate>
      <ItemCode>8690784614887</ItemCode>
      <ItemType>1</ItemType>
      <ItemName>דאק סבון ניקוי לאסלה בניחוח פריחה מרעננת</ItemName>
      <ManufactureName>דנשר (1963) בעמ</ManufactureName>
      <ManufactureCountry />
      <ManufactureItemDescription />
      <UnitQty>י"ח</UnitQty>
      <Quantity>30</Quantity>
      <UnitMeasure>ל  מ"ל</UnitMeasure>
      <BisWeighted>0</BisWeighted>
      <QtyInPackage>1</QtyInPackage>
      <ItemPrice>9.90</ItemPrice>
      <UnitOfMeasurePrice>33</UnitOfMeasurePrice>
      <AllowDiscount>1</AllowDiscount>
      <itemStatus>1</itemStatus>
      <LastUpdateDate />
      <LastUpdateTime />
    </Product>
    <Product>
      <PriceUpdateDate>2018/08/07 11:23</PriceUpdateDate>
      <ItemCode>8690784614993</ItemCode>
      <ItemType>1</ItemType>
      <ItemName>דאק סבון ניקוי לאסלה בניחוח פריחה הדרים</ItemName>
      <ManufactureName>דנשר (1963) בעמ</ManufactureName>
      <ManufactureCountry />
      <ManufactureItemDescription />
      <UnitQty>י"ח</UnitQty>
      <Quantity>30</Quantity>
      <UnitMeasure>ל  מ"ל</UnitMeasure>
      <BisWeighted>0</BisWeighted>
      <QtyInPackage>1</QtyInPackage>
      <ItemPrice>9.90</ItemPrice>
      <UnitOfMeasurePrice>33</UnitOfMeasurePrice>
      <AllowDiscount>1</AllowDiscount>
      <itemStatus>1</itemStatus>
      <LastUpdateDate />
      <LastUpdateTime />
    </Product>
    <Product>
      <PriceUpdateDate>2019/06/25 08:09</PriceUpdateDate>
      <ItemCode>8690784711777</ItemCode>
      <ItemType>1</ItemType>
      <ItemName>דאק סבון אקטיבי ים עם אקונומיקה</ItemName>
      <ManufactureName>דנשר (1963) בעמ</ManufactureName>
      <ManufactureCountry />
      <ManufactureItemDescription />
      <UnitQty>י"ח</UnitQty>
      <Quantity>30</Quantity>
      <UnitMeasure>ל  מ"ל</UnitMeasure>
      <BisWeighted>0</BisWeighted>
      <QtyInPackage>1</QtyInPackage>
      <ItemPrice>9.90</ItemPrice>
      <UnitOfMeasurePrice>33</UnitOfMeasurePrice>
      <AllowDiscount>1</AllowDiscount>
      <itemStatus>1</itemStatus>
      <LastUpdateDate />
      <LastUpdateTime />
    </Product>
    <Product>
      <PriceUpdateDate>2018/12/18 08:15</PriceUpdateDate>
      <ItemCode>8690784816779</ItemCode>
      <ItemType>1</ItemType>
      <ItemName>גלייד ספריי אוטומטי 269מ"ל מילוי.</ItemName>
      <ManufactureName>דנשר (1963) בעמ</ManufactureName>
      <ManufactureCountry />
      <ManufactureItemDescription />
      <UnitQty>י"ח</UnitQty>
      <Quantity>269</Quantity>
      <UnitMeasure>ל  מ"ל</UnitMeasure>
      <BisWeighted>0</BisWeighted>
      <QtyInPackage>1</QtyInPackage>
      <ItemPrice>16.90</ItemPrice>
      <UnitOfMeasurePrice>6.28</UnitOfMeasurePrice>
      <AllowDiscount>1</AllowDiscount>
      <itemStatus>1</itemStatus>
      <LastUpdateDate />
      <LastUpdateTime />
    </Product>
    <Product>
      <PriceUpdateDate>2018/12/18 08:15</PriceUpdateDate>
      <ItemCode>8690784816885</ItemCode>
      <ItemType>1</ItemType>
      <ItemName>גלייד ספריי אוטומטי 269מ"ל מילוי</ItemName>
      <ManufactureName>דנשר (1963) בעמ</ManufactureName>
      <ManufactureCountry />
      <ManufactureItemDescription />
      <UnitQty>י"ח</UnitQty>
      <Quantity>269</Quantity>
      <UnitMeasure>ל  מ"ל</UnitMeasure>
      <BisWeighted>0</BisWeighted>
      <QtyInPackage>1</QtyInPackage>
      <ItemPrice>16.90</ItemPrice>
      <UnitOfMeasurePrice>6.28</UnitOfMeasurePrice>
      <AllowDiscount>1</AllowDiscount>
      <itemStatus>1</itemStatus>
      <LastUpdateDate />
      <LastUpdateTime />
    </Product>
    <Product>
      <PriceUpdateDate>2018/12/18 08:15</PriceUpdateDate>
      <ItemCode>8690784817110</ItemCode>
      <ItemType>1</ItemType>
      <ItemName>גלייד ספריי אוטומטי 269מ"ל מילוי</ItemName>
      <ManufactureName>דנשר (1963) בעמ</ManufactureName>
      <ManufactureCountry />
      <ManufactureItemDescription />
      <UnitQty>י"ח</UnitQty>
      <Quantity>269</Quantity>
      <UnitMeasure>ל  מ"ל</UnitMeasure>
      <BisWeighted>0</BisWeighted>
      <QtyInPackage>1</QtyInPackage>
      <ItemPrice>16.90</ItemPrice>
      <UnitOfMeasurePrice>6.28</UnitOfMeasurePrice>
      <AllowDiscount>1</AllowDiscount>
      <itemStatus>1</itemStatus>
      <LastUpdateDate />
      <LastUpdateTime />
    </Product>
    <Product>
      <PriceUpdateDate>2018/01/30 11:00</PriceUpdateDate>
      <ItemCode>8691058141238</ItemCode>
      <ItemType>1</ItemType>
      <ItemName>ערמונים שלמים קלויים 100ג</ItemName>
      <ManufactureName>אבאל יזמות בעמ</ManufactureName>
      <ManufactureCountry />
      <ManufactureItemDescription />
      <UnitQty>י"ח</UnitQty>
      <Quantity>100</Quantity>
      <UnitMeasure>ל  גרם</UnitMeasure>
      <BisWeighted>0</BisWeighted>
      <QtyInPackage>1</QtyInPackage>
      <ItemPrice>4.90</ItemPrice>
      <UnitOfMeasurePrice>4.90</UnitOfMeasurePrice>
      <AllowDiscount>1</AllowDiscount>
      <itemStatus>1</itemStatus>
      <LastUpdateDate />
      <LastUpdateTime />
    </Product>
    <Product>
      <PriceUpdateDate>2019/02/03 09:34</PriceUpdateDate>
      <ItemCode>8693495039420</ItemCode>
      <ItemType>1</ItemType>
      <ItemName>פלמוליב ספא גורמה תות  500מ"ל</ItemName>
      <ManufactureName>ש.שסטוביץ בעמ</ManufactureName>
      <ManufactureCountry />
      <ManufactureItemDescription />
      <UnitQty>י"ח</UnitQty>
      <Quantity>500</Quantity>
      <UnitMeasure>ל  מ"ל</UnitMeasure>
      <BisWeighted>0</BisWeighted>
      <QtyInPackage>1</QtyInPackage>
      <ItemPrice>15.90</ItemPrice>
      <UnitOfMeasurePrice>3.18</UnitOfMeasurePrice>
      <AllowDiscount>1</AllowDiscount>
      <itemStatus>1</itemStatus>
      <LastUpdateDate />
      <LastUpdateTime />
    </Product>
    <Product>
      <PriceUpdateDate>2019/02/03 09:34</PriceUpdateDate>
      <ItemCode>8693495041249</ItemCode>
      <ItemType>1</ItemType>
      <ItemName>פלמוליב סבון נוזלי לגבר ספורט</ItemName>
      <ManufactureName>ש.שסטוביץ בעמ</ManufactureName>
      <ManufactureCountry />
      <ManufactureItemDescription />
      <UnitQty>י"ח</UnitQty>
      <Quantity>500</Quantity>
      <UnitMeasure>ל  מ"ל</UnitMeasure>
      <BisWeighted>0</BisWeighted>
      <QtyInPackage>1</QtyInPackage>
      <ItemPrice>15.90</ItemPrice>
      <UnitOfMeasurePrice>3.18</UnitOfMeasurePrice>
      <AllowDiscount>1</AllowDiscount>
      <itemStatus>1</itemStatus>
      <LastUpdateDate />
      <LastUpdateTime />
    </Product>
    <Product>
      <PriceUpdateDate>2019/02/03 09:34</PriceUpdateDate>
      <ItemCode>8693495041263</ItemCode>
      <ItemType>1</ItemType>
      <ItemName>פלמוליב סבון נוזלי לגבר מרענן 500 מל</ItemName>
      <ManufactureName>ש.שסטוביץ בעמ</ManufactureName>
      <ManufactureCountry />
      <ManufactureItemDescription />
      <UnitQty>י"ח</UnitQty>
      <Quantity>500</Quantity>
      <UnitMeasure>ל  מ"ל</UnitMeasure>
      <BisWeighted>0</BisWeighted>
      <QtyInPackage>1</QtyInPackage>
      <ItemPrice>15.90</ItemPrice>
      <UnitOfMeasurePrice>3.18</UnitOfMeasurePrice>
      <AllowDiscount>1</AllowDiscount>
      <itemStatus>1</itemStatus>
      <LastUpdateDate />
      <LastUpdateTime />
    </Product>
    <Product>
      <PriceUpdateDate>2019/02/03 09:34</PriceUpdateDate>
      <ItemCode>8693495049962</ItemCode>
      <ItemType>1</ItemType>
      <ItemName>פלמוליב סבון לומינוס מקדמיה 500מ"ל.</ItemName>
      <ManufactureName>ש.שסטוביץ בעמ</ManufactureName>
      <ManufactureCountry />
      <ManufactureItemDescription />
      <UnitQty>י"ח</UnitQty>
      <Quantity>500</Quantity>
      <UnitMeasure>ל  מ"ל</UnitMeasure>
      <BisWeighted>0</BisWeighted>
      <QtyInPackage>1</QtyInPackage>
      <ItemPrice>15.90</ItemPrice>
      <UnitOfMeasurePrice>3.18</UnitOfMeasurePrice>
      <AllowDiscount>1</AllowDiscount>
      <itemStatus>1</itemStatus>
      <LastUpdateDate />
      <LastUpdateTime />
    </Product>
    <Product>
      <PriceUpdateDate>2019/02/03 09:34</PriceUpdateDate>
      <ItemCode>8693495050333</ItemCode>
      <ItemType>1</ItemType>
      <ItemName>פלמוליב סבון נוזלי 500מ"ל ירוק</ItemName>
      <ManufactureName>ש.שסטוביץ בעמ</ManufactureName>
      <ManufactureCountry />
      <ManufactureItemDescription />
      <UnitQty>י"ח</UnitQty>
      <Quantity>500</Quantity>
      <UnitMeasure>ל  מ"ל</UnitMeasure>
      <BisWeighted>0</BisWeighted>
      <QtyInPackage>1</QtyInPackage>
      <ItemPrice>15.90</ItemPrice>
      <UnitOfMeasurePrice>3.18</UnitOfMeasurePrice>
      <AllowDiscount>1</AllowDiscount>
      <itemStatus>1</itemStatus>
      <LastUpdateDate />
      <LastUpdateTime />
    </Product>
    <Product>
      <PriceUpdateDate>2019/09/17 08:23</PriceUpdateDate>
      <ItemCode>8693495051002</ItemCode>
      <ItemType>1</ItemType>
      <ItemName>קולגייט מברשת  ילדים מחניונים 6+</ItemName>
      <ManufactureName>ש.שסטוביץ בעמ</ManufactureName>
      <ManufactureCountry />
      <ManufactureItemDescription />
      <UnitQty>י"ח</UnitQty>
      <Quantity>1</Quantity>
      <UnitMeasure />
      <BisWeighted>0</BisWeighted>
      <QtyInPackage>1</QtyInPackage>
      <ItemPrice>10.90</ItemPrice>
      <UnitOfMeasurePrice>10.90</UnitOfMeasurePrice>
      <AllowDiscount>1</AllowDiscount>
      <itemStatus>1</itemStatus>
      <LastUpdateDate />
      <LastUpdateTime />
    </Product>
    <Product>
      <PriceUpdateDate>2019/07/18 10:04</PriceUpdateDate>
      <ItemCode>8693495052177</ItemCode>
      <ItemType>1</ItemType>
      <ItemName>פלמוליב סבון נוזלי זיתים 750 מ"ל</ItemName>
      <ManufactureName>ש.שסטוביץ בעמ</ManufactureName>
      <ManufactureCountry />
      <ManufactureItemDescription />
      <UnitQty>י"ח</UnitQty>
      <Quantity>750</Quantity>
      <UnitMeasure>ל  מ"ל</UnitMeasure>
      <BisWeighted>0</BisWeighted>
      <QtyInPackage>1</QtyInPackage>
      <ItemPrice>17.90</ItemPrice>
      <UnitOfMeasurePrice>2.39</UnitOfMeasurePrice>
      <AllowDiscount>1</AllowDiscount>
      <itemStatus>1</itemStatus>
      <LastUpdateDate />
      <LastUpdateTime />
    </Product>
    <Product>
      <PriceUpdateDate>2018/11/06 10:28</PriceUpdateDate>
      <ItemCode>8693495052191</ItemCode>
      <ItemType>1</ItemType>
      <ItemName>פלמוליב סבון נוזלי אפרסק  750 מ"ל</ItemName>
      <ManufactureName>ש.שסטוביץ בעמ</ManufactureName>
      <ManufactureCountry />
      <ManufactureItemDescription />
      <UnitQty>י"ח</UnitQty>
      <Quantity>750</Quantity>
      <UnitMeasure>ל  מ"ל</UnitMeasure>
      <BisWeighted>0</BisWeighted>
      <QtyInPackage>1</QtyInPackage>
      <ItemPrice>17.90</ItemPrice>
      <UnitOfMeasurePrice>2.39</UnitOfMeasurePrice>
      <AllowDiscount>1</AllowDiscount>
      <itemStatus>1</itemStatus>
      <LastUpdateDate />
      <LastUpdateTime />
    </Product>
    <Product>
      <PriceUpdateDate>2018/11/06 10:28</PriceUpdateDate>
      <ItemCode>8693495052214</ItemCode>
      <ItemType>1</ItemType>
      <ItemName>פלמוליב סבון נוזלי פטל שחור  750 מ"ל</ItemName>
      <ManufactureName>ש.שסטוביץ בעמ</ManufactureName>
      <ManufactureCountry />
      <ManufactureItemDescription />
      <UnitQty>י"ח</UnitQty>
      <Quantity>750</Quantity>
      <UnitMeasure>ל  מ"ל</UnitMeasure>
      <BisWeighted>0</BisWeighted>
      <QtyInPackage>1</QtyInPackage>
      <ItemPrice>17.90</ItemPrice>
      <UnitOfMeasurePrice>2.39</UnitOfMeasurePrice>
      <AllowDiscount>1</AllowDiscount>
      <itemStatus>1</itemStatus>
      <LastUpdateDate />
      <LastUpdateTime />
    </Product>
    <Product>
      <PriceUpdateDate>2018/07/24 10:11</PriceUpdateDate>
      <ItemCode>8693495052238</ItemCode>
      <ItemType>1</ItemType>
      <ItemName>פלמוליב סבון נוזלי אבטיח  750 מ"ל</ItemName>
      <ManufactureName>ש.שסטוביץ בעמ</ManufactureName>
      <ManufactureCountry />
      <ManufactureItemDescription />
      <UnitQty>י"ח</UnitQty>
      <Quantity>750</Quantity>
      <UnitMeasure>ל  מ"ל</UnitMeasure>
      <BisWeighted>0</BisWeighted>
      <QtyInPackage>1</QtyInPackage>
      <ItemPrice>17.90</ItemPrice>
      <UnitOfMeasurePrice>2.39</UnitOfMeasurePrice>
      <AllowDiscount>1</AllowDiscount>
      <itemStatus>1</itemStatus>
      <LastUpdateDate />
      <LastUpdateTime />
    </Product>
    <Product>
      <PriceUpdateDate>2019/03/01 08:21</PriceUpdateDate>
      <ItemCode>8695543006668</ItemCode>
      <ItemType>1</ItemType>
      <ItemName>גבינה חצי רכה  רסטו 200ג ויליפוד</ItemName>
      <ManufactureName>ג.וילי פוד אינטרנשיונל בעמ</ManufactureName>
      <ManufactureCountry />
      <ManufactureItemDescription />
      <UnitQty>י"ח</UnitQty>
      <Quantity>200</Quantity>
      <UnitMeasure>ל  גרם</UnitMeasure>
      <BisWeighted>0</BisWeighted>
      <QtyInPackage>1</QtyInPackage>
      <ItemPrice>19.90</ItemPrice>
      <UnitOfMeasurePrice>9.95</UnitOfMeasurePrice>
      <AllowDiscount>0</AllowDiscount>
      <itemStatus>1</itemStatus>
      <LastUpdateDate />
      <LastUpdateTime />
    </Product>
    <Product>
      <PriceUpdateDate>2019/03/01 08:21</PriceUpdateDate>
      <ItemCode>8695543006781</ItemCode>
      <ItemType>1</ItemType>
      <ItemName>כדורי גבינה מוצרלה 200ג ויליפוד</ItemName>
      <ManufactureName>ג.וילי פוד אינטרנשיונל בעמ</ManufactureName>
      <ManufactureCountry />
      <ManufactureItemDescription />
      <UnitQty>י"ח</UnitQty>
      <Quantity>200</Quantity>
      <UnitMeasure>ל  גרם</UnitMeasure>
      <BisWeighted>0</BisWeighted>
      <QtyInPackage>1</QtyInPackage>
      <ItemPrice>19.90</ItemPrice>
      <UnitOfMeasurePrice>9.95</UnitOfMeasurePrice>
      <AllowDiscount>1</AllowDiscount>
      <itemStatus>1</itemStatus>
      <LastUpdateDate />
      <LastUpdateTime />
    </Product>
    <Product>
      <PriceUpdateDate>2019/03/01 08:21</PriceUpdateDate>
      <ItemCode>8695543006804</ItemCode>
      <ItemType>1</ItemType>
      <ItemName>גבינה ציז לונג  200ג  ויליפוד</ItemName>
      <ManufactureName>ג.וילי פוד אינטרנשיונל בעמ</ManufactureName>
      <ManufactureCountry />
      <ManufactureItemDescription />
      <UnitQty>י"ח</UnitQty>
      <Quantity>200</Quantity>
      <UnitMeasure>ל  גרם</UnitMeasure>
      <BisWeighted>0</BisWeighted>
      <QtyInPackage>1</QtyInPackage>
      <ItemPrice>19.90</ItemPrice>
      <UnitOfMeasurePrice>9.95</UnitOfMeasurePrice>
      <AllowDiscount>1</AllowDiscount>
      <itemStatus>1</itemStatus>
      <LastUpdateDate />
      <LastUpdateTime />
    </Product>
    <Product>
      <PriceUpdateDate>2018/10/10 08:28</PriceUpdateDate>
      <ItemCode>8697420697914</ItemCode>
      <ItemType>1</ItemType>
      <ItemName>זיתים שחורים יבשים במלח 700גר</ItemName>
      <ManufactureName>דין שיווק וקליהבעמ</ManufactureName>
      <ManufactureCountry />
      <ManufactureItemDescription />
      <UnitQty>י"ח</UnitQty>
      <Quantity>700</Quantity>
      <UnitMeasure>ל  גרם</UnitMeasure>
      <BisWeighted>0</BisWeighted>
      <QtyInPackage>1</QtyInPackage>
      <ItemPrice>18.90</ItemPrice>
      <UnitOfMeasurePrice>2.70</UnitOfMeasurePrice>
      <AllowDiscount>1</AllowDiscount>
      <itemStatus>1</itemStatus>
      <LastUpdateDate />
      <LastUpdateTime />
    </Product>
    <Product>
      <PriceUpdateDate>2018/10/19 07:30</PriceUpdateDate>
      <ItemCode>8710447180693</ItemCode>
      <ItemType>1</ItemType>
      <ItemName>רקסונה ספריי גבר צ מפיונס</ItemName>
      <ManufactureName>יוניליוור ישראל שיווק בעמ</ManufactureName>
      <ManufactureCountry />
      <ManufactureItemDescription />
      <UnitQty>י"ח</UnitQty>
      <Quantity>150</Quantity>
      <UnitMeasure>ל  מ"ל</UnitMeasure>
      <BisWeighted>0</BisWeighted>
      <QtyInPackage>1</QtyInPackage>
      <ItemPrice>11.90</ItemPrice>
      <UnitOfMeasurePrice>7.93</UnitOfMeasurePrice>
      <AllowDiscount>1</AllowDiscount>
      <itemStatus>1</itemStatus>
      <LastUpdateDate />
      <LastUpdateTime />
    </Product>
    <Product>
      <PriceUpdateDate>2019/12/27 08:44</PriceUpdateDate>
      <ItemCode>8710447305751</ItemCode>
      <ItemType>1</ItemType>
      <ItemName>אקס דאו ספריי גוף גולד 150מ"ל</ItemName>
      <ManufactureName>יוניליוור ישראל שיווק בעמ</ManufactureName>
      <ManufactureCountry />
      <ManufactureItemDescription />
      <UnitQty>י"ח</UnitQty>
      <Quantity>150</Quantity>
      <UnitMeasure>ל  מ"ל</UnitMeasure>
      <BisWeighted>0</BisWeighted>
      <QtyInPackage>1</QtyInPackage>
      <ItemPrice>12.90</ItemPrice>
      <UnitOfMeasurePrice>8.60</UnitOfMeasurePrice>
      <AllowDiscount>1</AllowDiscount>
      <itemStatus>1</itemStatus>
      <LastUpdateDate />
      <LastUpdateTime />
    </Product>
    <Product>
      <PriceUpdateDate>2019/05/12 09:04</PriceUpdateDate>
      <ItemCode>8710447305768</ItemCode>
      <ItemType>1</ItemType>
      <ItemName>אקס דאו ספריי לגבר גולד 150מ"ל</ItemName>
      <ManufactureName>יוניליוור ישראל שיווק בעמ</ManufactureName>
      <ManufactureCountry />
      <ManufactureItemDescription />
      <UnitQty>י"ח</UnitQty>
      <Quantity>150</Quantity>
      <UnitMeasure>ל  מ"ל</UnitMeasure>
      <BisWeighted>0</BisWeighted>
      <QtyInPackage>1</QtyInPackage>
      <ItemPrice>14.90</ItemPrice>
      <UnitOfMeasurePrice>9.93</UnitOfMeasurePrice>
      <AllowDiscount>1</AllowDiscount>
      <itemStatus>1</itemStatus>
      <LastUpdateDate />
      <LastUpdateTime />
    </Product>
    <Product>
      <PriceUpdateDate>2020/02/06 13:06</PriceUpdateDate>
      <ItemCode>8710447320662</ItemCode>
      <ItemType>1</ItemType>
      <ItemName>דאו דאב ספריי 0% אלומיניום אפרסק 150מ</ItemName>
      <ManufactureName>יוניליוור ישראל שיווק בעמ</ManufactureName>
      <ManufactureCountry />
      <ManufactureItemDescription />
      <UnitQty>י"ח</UnitQty>
      <Quantity>90</Quantity>
      <UnitMeasure>ל  מ"ל</UnitMeasure>
      <BisWeighted>0</BisWeighted>
      <QtyInPackage>1</QtyInPackage>
      <ItemPrice>15.90</ItemPrice>
      <UnitOfMeasurePrice>17.67</UnitOfMeasurePrice>
      <AllowDiscount>1</AllowDiscount>
      <itemStatus>1</itemStatus>
      <LastUpdateDate />
      <LastUpdateTime />
    </Product>
    <Product>
      <PriceUpdateDate>2019/12/27 08:44</PriceUpdateDate>
      <ItemCode>8710447379790</ItemCode>
      <ItemType>1</ItemType>
      <ItemName>רקסונה ספריי גבר ספרד</ItemName>
      <ManufactureName>יוניליוור ישראל שיווק בעמ</ManufactureName>
      <ManufactureCountry />
      <ManufactureItemDescription />
      <UnitQty>י"ח</UnitQty>
      <Quantity>150</Quantity>
      <UnitMeasure>ל  מ"ל</UnitMeasure>
      <BisWeighted>0</BisWeighted>
      <QtyInPackage>1</QtyInPackage>
      <ItemPrice>17.70</ItemPrice>
      <UnitOfMeasurePrice>11.80</UnitOfMeasurePrice>
      <AllowDiscount>1</AllowDiscount>
      <itemStatus>1</itemStatus>
      <LastUpdateDate />
      <LastUpdateTime />
    </Product>
    <Product>
      <PriceUpdateDate>2018/10/19 07:30</PriceUpdateDate>
      <ItemCode>8710447379806</ItemCode>
      <ItemType>1</ItemType>
      <ItemName>רקסונה ספריי גבר ברזיל</ItemName>
      <ManufactureName>יוניליוור ישראל שיווק בעמ</ManufactureName>
      <ManufactureCountry />
      <ManufactureItemDescription />
      <UnitQty>י"ח</UnitQty>
      <Quantity>150</Quantity>
      <UnitMeasure>ל  מ"ל</UnitMeasure>
      <BisWeighted>0</BisWeighted>
      <QtyInPackage>1</QtyInPackage>
      <ItemPrice>11.90</ItemPrice>
      <UnitOfMeasurePrice>7.93</UnitOfMeasurePrice>
      <AllowDiscount>1</AllowDiscount>
      <itemStatus>1</itemStatus>
      <LastUpdateDate />
      <LastUpdateTime />
    </Product>
    <Product>
      <PriceUpdateDate>2018/10/19 07:30</PriceUpdateDate>
      <ItemCode>8710447379813</ItemCode>
      <ItemType>1</ItemType>
      <ItemName>רקסונה ספריי גבר ארגנטינה</ItemName>
      <ManufactureName>יוניליוור ישראל שיווק בעמ</ManufactureName>
      <ManufactureCountry />
      <ManufactureItemDescription />
      <UnitQty>י"ח</UnitQty>
      <Quantity>150</Quantity>
      <UnitMeasure>ל  מ"ל</UnitMeasure>
      <BisWeighted>0</BisWeighted>
      <QtyInPackage>1</QtyInPackage>
      <ItemPrice>11.90</ItemPrice>
      <UnitOfMeasurePrice>7.93</UnitOfMeasurePrice>
      <AllowDiscount>1</AllowDiscount>
      <itemStatus>1</itemStatus>
      <LastUpdateDate />
      <LastUpdateTime />
    </Product>
    <Product>
      <PriceUpdateDate>2018/06/24 08:31</PriceUpdateDate>
      <ItemCode>8710502011894</ItemCode>
      <ItemType>1</ItemType>
      <ItemName>עוגיות לימון שוקולד ציפס מרבה</ItemName>
      <ManufactureName>ש.שסטוביץ בעמ</ManufactureName>
      <ManufactureCountry />
      <ManufactureItemDescription />
      <UnitQty>י"ח</UnitQty>
      <Quantity>225</Quantity>
      <UnitMeasure>ל  גרם</UnitMeasure>
      <BisWeighted>0</BisWeighted>
      <QtyInPackage>1</QtyInPackage>
      <ItemPrice>9.90</ItemPrice>
      <UnitOfMeasurePrice>4.40</UnitOfMeasurePrice>
      <AllowDiscount>1</AllowDiscount>
      <itemStatus>1</itemStatus>
      <LastUpdateDate />
      <LastUpdateTime />
    </Product>
    <Product>
      <PriceUpdateDate>2018/07/15 15:22</PriceUpdateDate>
      <ItemCode>8710502064814</ItemCode>
      <ItemType>1</ItemType>
      <ItemName>עוגיות שוקו צ יפס במרקם רך 175גר מרבה</ItemName>
      <ManufactureName>ש.שסטוביץ בעמ</ManufactureName>
      <ManufactureCountry />
      <ManufactureItemDescription />
      <UnitQty>י"ח</UnitQty>
      <Quantity>225</Quantity>
      <UnitMeasure>ל  גרם</UnitMeasure>
      <BisWeighted>0</BisWeighted>
      <QtyInPackage>1</QtyInPackage>
      <ItemPrice>10.90</ItemPrice>
      <UnitOfMeasurePrice>4.84</UnitOfMeasurePrice>
      <AllowDiscount>1</AllowDiscount>
      <itemStatus>1</itemStatus>
      <LastUpdateDate />
      <LastUpdateTime />
    </Product>
    <Product>
      <PriceUpdateDate>2018/07/15 15:22</PriceUpdateDate>
      <ItemCode>8710502139017</ItemCode>
      <ItemType>1</ItemType>
      <ItemName>עוגיות מרבה  מצופות שוקולד</ItemName>
      <ManufactureName>ש.שסטוביץ בעמ</ManufactureName>
      <ManufactureCountry />
      <ManufactureItemDescription />
      <UnitQty>י"ח</UnitQty>
      <Quantity>180</Quantity>
      <UnitMeasure>ל  גרם</UnitMeasure>
      <BisWeighted>0</BisWeighted>
      <QtyInPackage>1</QtyInPackage>
      <ItemPrice>10.90</ItemPrice>
      <UnitOfMeasurePrice>6.06</UnitOfMeasurePrice>
      <AllowDiscount>1</AllowDiscount>
      <itemStatus>1</itemStatus>
      <LastUpdateDate />
      <LastUpdateTime />
    </Product>
    <Product>
      <PriceUpdateDate>2018/07/15 15:22</PriceUpdateDate>
      <ItemCode>8710502194801</ItemCode>
      <ItemType>1</ItemType>
      <ItemName>עוגיות מרבה שוקולד צ`יפס רכה פירות יער</ItemName>
      <ManufactureName>ש.שסטוביץ בעמ</ManufactureName>
      <ManufactureCountry />
      <ManufactureItemDescription />
      <UnitQty>י"ח</UnitQty>
      <Quantity>175</Quantity>
      <UnitMeasure>ל  גרם</UnitMeasure>
      <BisWeighted>0</BisWeighted>
      <QtyInPackage>1</QtyInPackage>
      <ItemPrice>10.90</ItemPrice>
      <UnitOfMeasurePrice>6.23</UnitOfMeasurePrice>
      <AllowDiscount>1</AllowDiscount>
      <itemStatus>1</itemStatus>
      <LastUpdateDate />
      <LastUpdateTime />
    </Product>
    <Product>
      <PriceUpdateDate>2015/05/05 08:57</PriceUpdateDate>
      <ItemCode>8710502194825</ItemCode>
      <ItemType>1</ItemType>
      <ItemName>עוגיות מרבה שוקולד ציפס</ItemName>
      <ManufactureName>ש.שסטוביץ בעמ</ManufactureName>
      <ManufactureCountry />
      <ManufactureItemDescription />
      <UnitQty>י"ח</UnitQty>
      <Quantity>150</Quantity>
      <UnitMeasure>ל  גרם</UnitMeasure>
      <BisWeighted>0</BisWeighted>
      <QtyInPackage>1</QtyInPackage>
      <ItemPrice>6.90</ItemPrice>
      <UnitOfMeasurePrice>4.60</UnitOfMeasurePrice>
      <AllowDiscount>1</AllowDiscount>
      <itemStatus>1</itemStatus>
      <LastUpdateDate />
      <LastUpdateTime />
    </Product>
    <Product>
      <PriceUpdateDate>2019/10/11 06:48</PriceUpdateDate>
      <ItemCode>8710502309403</ItemCode>
      <ItemType>1</ItemType>
      <ItemName>חטיפי גרנולה מרבה אול אוכמניות 5יח</ItemName>
      <ManufactureName>ש.שסטוביץ בעמ</ManufactureName>
      <ManufactureCountry />
      <ManufactureItemDescription />
      <UnitQty>י"ח</UnitQty>
      <Quantity>110</Quantity>
      <UnitMeasure>ל  גרם</UnitMeasure>
      <BisWeighted>0</BisWeighted>
      <QtyInPackage>1</QtyInPackage>
      <ItemPrice>17.90</ItemPrice>
      <UnitOfMeasurePrice>16.27</UnitOfMeasurePrice>
      <AllowDiscount>1</AllowDiscount>
      <itemStatus>1</itemStatus>
      <LastUpdateDate />
      <LastUpdateTime />
    </Product>
    <Product>
      <PriceUpdateDate>2019/10/11 06:48</PriceUpdateDate>
      <ItemCode>8710502309410</ItemCode>
      <ItemType>1</ItemType>
      <ItemName>חטיפי גרנולה מרבה אול אגוזי לוז 5יח</ItemName>
      <ManufactureName>ש.שסטוביץ בעמ</ManufactureName>
      <ManufactureCountry />
      <ManufactureItemDescription />
      <UnitQty>י"ח</UnitQty>
      <Quantity>110</Quantity>
      <UnitMeasure>ל  גרם</UnitMeasure>
      <BisWeighted>0</BisWeighted>
      <QtyInPackage>1</QtyInPackage>
      <ItemPrice>17.90</ItemPrice>
      <UnitOfMeasurePrice>16.27</UnitOfMeasurePrice>
      <AllowDiscount>1</AllowDiscount>
      <itemStatus>1</itemStatus>
      <LastUpdateDate />
      <LastUpdateTime />
    </Product>
    <Product>
      <PriceUpdateDate>2019/10/11 06:48</PriceUpdateDate>
      <ItemCode>8710502309427</ItemCode>
      <ItemType>1</ItemType>
      <ItemName>חטיפי גרנולה מרבה אול קוקוס שוק. 5יח</ItemName>
      <ManufactureName>ש.שסטוביץ בעמ</ManufactureName>
      <ManufactureCountry />
      <ManufactureItemDescription />
      <UnitQty>י"ח</UnitQty>
      <Quantity>110</Quantity>
      <UnitMeasure>ל  גרם</UnitMeasure>
      <BisWeighted>0</BisWeighted>
      <QtyInPackage>1</QtyInPackage>
      <ItemPrice>17.90</ItemPrice>
      <UnitOfMeasurePrice>16.27</UnitOfMeasurePrice>
      <AllowDiscount>1</AllowDiscount>
      <itemStatus>1</itemStatus>
      <LastUpdateDate />
      <LastUpdateTime />
    </Product>
    <Product>
      <PriceUpdateDate>2016/05/27 09:34</PriceUpdateDate>
      <ItemCode>8710502405204</ItemCode>
      <ItemType>1</ItemType>
      <ItemName>עוגיות מרבה ממולאות קרם שוקולד</ItemName>
      <ManufactureName>ש.שסטוביץ בעמ</ManufactureName>
      <ManufactureCountry />
      <ManufactureItemDescription />
      <UnitQty>י"ח</UnitQty>
      <Quantity>225</Quantity>
      <UnitMeasure>ל  גרם</UnitMeasure>
      <BisWeighted>0</BisWeighted>
      <QtyInPackage>1</QtyInPackage>
      <ItemPrice>9.90</ItemPrice>
      <UnitOfMeasurePrice>4.40</UnitOfMeasurePrice>
      <AllowDiscount>1</AllowDiscount>
      <itemStatus>1</itemStatus>
      <LastUpdateDate />
      <LastUpdateTime />
    </Product>
    <Product>
      <PriceUpdateDate>2018/07/15 15:22</PriceUpdateDate>
      <ItemCode>8710502470028</ItemCode>
      <ItemType>1</ItemType>
      <ItemName>עוגיות נוגט לי 160גר`</ItemName>
      <ManufactureName>ש.שסטוביץ בעמ</ManufactureName>
      <ManufactureCountry />
      <ManufactureItemDescription />
      <UnitQty>י"ח</UnitQty>
      <Quantity>160</Quantity>
      <UnitMeasure>ל  גרם</UnitMeasure>
      <BisWeighted>0</BisWeighted>
      <QtyInPackage>1</QtyInPackage>
      <ItemPrice>10.90</ItemPrice>
      <UnitOfMeasurePrice>6.81</UnitOfMeasurePrice>
      <AllowDiscount>1</AllowDiscount>
      <itemStatus>1</itemStatus>
      <LastUpdateDate />
      <LastUpdateTime />
    </Product>
    <Product>
      <PriceUpdateDate>2018/05/15 09:17</PriceUpdateDate>
      <ItemCode>8710502515019</ItemCode>
      <ItemType>1</ItemType>
      <ItemName>חטיפי גרנולה אוכמניות 125ג</ItemName>
      <ManufactureName>ש.שסטוביץ בעמ</ManufactureName>
      <ManufactureCountry />
      <ManufactureItemDescription />
      <UnitQty>י"ח</UnitQty>
      <Quantity>125</Quantity>
      <UnitMeasure>ל  גרם</UnitMeasure>
      <BisWeighted>0</BisWeighted>
      <QtyInPackage>1</QtyInPackage>
      <ItemPrice>9.90</ItemPrice>
      <UnitOfMeasurePrice>7.92</UnitOfMeasurePrice>
      <AllowDiscount>1</AllowDiscount>
      <itemStatus>1</itemStatus>
      <LastUpdateDate />
      <LastUpdateTime />
    </Product>
    <Product>
      <PriceUpdateDate>2018/05/15 09:17</PriceUpdateDate>
      <ItemCode>8710502515026</ItemCode>
      <ItemType>1</ItemType>
      <ItemName>חטיפי גרנולה אגוזי לוז 125ג</ItemName>
      <ManufactureName>ש.שסטוביץ בעמ</ManufactureName>
      <ManufactureCountry />
      <ManufactureItemDescription />
      <UnitQty>י"ח</UnitQty>
      <Quantity>125</Quantity>
      <UnitMeasure>ל  גרם</UnitMeasure>
      <BisWeighted>0</BisWeighted>
      <QtyInPackage>1</QtyInPackage>
      <ItemPrice>9.90</ItemPrice>
      <UnitOfMeasurePrice>7.92</UnitOfMeasurePrice>
      <AllowDiscount>1</AllowDiscount>
      <itemStatus>1</itemStatus>
      <LastUpdateDate />
      <LastUpdateTime />
    </Product>
    <Product>
      <PriceUpdateDate>2018/05/15 09:17</PriceUpdateDate>
      <ItemCode>8710502515033</ItemCode>
      <ItemType>1</ItemType>
      <ItemName>חטיפי גרנולה קוקוס ושוקולד  125ג</ItemName>
      <ManufactureName>ש.שסטוביץ בעמ</ManufactureName>
      <ManufactureCountry />
      <ManufactureItemDescription />
      <UnitQty>י"ח</UnitQty>
      <Quantity>125</Quantity>
      <UnitMeasure>ל  גרם</UnitMeasure>
      <BisWeighted>0</BisWeighted>
      <QtyInPackage>1</QtyInPackage>
      <ItemPrice>9.90</ItemPrice>
      <UnitOfMeasurePrice>7.92</UnitOfMeasurePrice>
      <AllowDiscount>1</AllowDiscount>
      <itemStatus>1</itemStatus>
      <LastUpdateDate />
      <LastUpdateTime />
    </Product>
    <Product>
      <PriceUpdateDate>2019/05/12 09:04</PriceUpdateDate>
      <ItemCode>8710522390030</ItemCode>
      <ItemType>1</ItemType>
      <ItemName>אקס ספריי גוף לגבר קוליז ן 150מ"ל</ItemName>
      <ManufactureName>יוניליוור ישראל שיווק בעמ</ManufactureName>
      <ManufactureCountry />
      <ManufactureItemDescription />
      <UnitQty>י"ח</UnitQty>
      <Quantity>150</Quantity>
      <UnitMeasure>ל  מ"ל</UnitMeasure>
      <BisWeighted>0</BisWeighted>
      <QtyInPackage>1</QtyInPackage>
      <ItemPrice>14.90</ItemPrice>
      <UnitOfMeasurePrice>9.93</UnitOfMeasurePrice>
      <AllowDiscount>1</AllowDiscount>
      <itemStatus>1</itemStatus>
      <LastUpdateDate />
      <LastUpdateTime />
    </Product>
    <Product>
      <PriceUpdateDate>2019/09/17 08:23</PriceUpdateDate>
      <ItemCode>8710552274614</ItemCode>
      <ItemType>1</ItemType>
      <ItemName>קליה ספריי שטיחים 600מ"ל.</ItemName>
      <ManufactureName>רקיט בנקיזר (ניר איסט) בעמ</ManufactureName>
      <ManufactureCountry />
      <ManufactureItemDescription />
      <UnitQty>י"ח</UnitQty>
      <Quantity>600</Quantity>
      <UnitMeasure>ל  מ"ל</UnitMeasure>
      <BisWeighted>0</BisWeighted>
      <QtyInPackage>1</QtyInPackage>
      <ItemPrice>20.90</ItemPrice>
      <UnitOfMeasurePrice>3.48</UnitOfMeasurePrice>
      <AllowDiscount>1</AllowDiscount>
      <itemStatus>1</itemStatus>
      <LastUpdateDate />
      <LastUpdateTime />
    </Product>
    <Product>
      <PriceUpdateDate>2013/12/04 14:47</PriceUpdateDate>
      <ItemCode>8710800961310</ItemCode>
      <ItemType>1</ItemType>
      <ItemName>מנטוס תות 1/4</ItemName>
      <ManufactureName>ליימן שליסל</ManufactureName>
      <ManufactureCountry />
      <ManufactureItemDescription />
      <UnitQty>י"ח</UnitQty>
      <Quantity>150</Quantity>
      <UnitMeasure>ל  גרם</UnitMeasure>
      <BisWeighted>0</BisWeighted>
      <QtyInPackage>1</QtyInPackage>
      <ItemPrice>11.90</ItemPrice>
      <UnitOfMeasurePrice>7.93</UnitOfMeasurePrice>
      <AllowDiscount>1</AllowDiscount>
      <itemStatus>1</itemStatus>
      <LastUpdateDate />
      <LastUpdateTime />
    </Product>
    <Product>
      <PriceUpdateDate>2019/11/21 10:16</PriceUpdateDate>
      <ItemCode>8710847898853</ItemCode>
      <ItemType>1</ItemType>
      <ItemName>רקסונה ספריי מן אקסטרקול</ItemName>
      <ManufactureName>יוניליוור ישראל שיווק בעמ</ManufactureName>
      <ManufactureCountry />
      <ManufactureItemDescription />
      <UnitQty>י"ח</UnitQty>
      <Quantity>1</Quantity>
      <UnitMeasure>י"ח</UnitMeasure>
      <BisWeighted>0</BisWeighted>
      <QtyInPackage>1</QtyInPackage>
      <ItemPrice>11.90</ItemPrice>
      <UnitOfMeasurePrice>11.90</UnitOfMeasurePrice>
      <AllowDiscount>1</AllowDiscount>
      <itemStatus>1</itemStatus>
      <LastUpdateDate />
      <LastUpdateTime />
    </Product>
    <Product>
      <PriceUpdateDate>2019/11/22 08:25</PriceUpdateDate>
      <ItemCode>8710847904141</ItemCode>
      <ItemType>1</ItemType>
      <ItemName>רקסונה מן ספריי מארין 150מ"ל</ItemName>
      <ManufactureName>יוניליוור ישראל שיווק בעמ</ManufactureName>
      <ManufactureCountry />
      <ManufactureItemDescription />
      <UnitQty>י"ח</UnitQty>
      <Quantity>1</Quantity>
      <UnitMeasure>י"ח</UnitMeasure>
      <BisWeighted>0</BisWeighted>
      <QtyInPackage>1</QtyInPackage>
      <ItemPrice>11.90</ItemPrice>
      <UnitOfMeasurePrice>11.90</UnitOfMeasurePrice>
      <AllowDiscount>1</AllowDiscount>
      <itemStatus>1</itemStatus>
      <LastUpdateDate />
      <LastUpdateTime />
    </Product>
    <Product>
      <PriceUpdateDate>2019/11/22 08:25</PriceUpdateDate>
      <ItemCode>8710847904172</ItemCode>
      <ItemType>1</ItemType>
      <ItemName>רקסונה מן ספריי סיטרוס 150מ"ל</ItemName>
      <ManufactureName>יוניליוור ישראל שיווק בעמ</ManufactureName>
      <ManufactureCountry />
      <ManufactureItemDescription />
      <UnitQty>י"ח</UnitQty>
      <Quantity>1</Quantity>
      <UnitMeasure>י"ח</UnitMeasure>
      <BisWeighted>0</BisWeighted>
      <QtyInPackage>1</QtyInPackage>
      <ItemPrice>11.90</ItemPrice>
      <UnitOfMeasurePrice>11.90</UnitOfMeasurePrice>
      <AllowDiscount>1</AllowDiscount>
      <itemStatus>1</itemStatus>
      <LastUpdateDate />
      <LastUpdateTime />
    </Product>
    <Product>
      <PriceUpdateDate>2019/12/27 08:44</PriceUpdateDate>
      <ItemCode>8710847908439</ItemCode>
      <ItemType>1</ItemType>
      <ItemName>אקס בודי ספריי גוף פרש  150מ"ל</ItemName>
      <ManufactureName>יוניליוור ישראל שיווק בעמ</ManufactureName>
      <ManufactureCountry />
      <ManufactureItemDescription />
      <UnitQty>י"ח</UnitQty>
      <Quantity>150</Quantity>
      <UnitMeasure>ל  מ"ל</UnitMeasure>
      <BisWeighted>0</BisWeighted>
      <QtyInPackage>1</QtyInPackage>
      <ItemPrice>12.90</ItemPrice>
      <UnitOfMeasurePrice>8.60</UnitOfMeasurePrice>
      <AllowDiscount>1</AllowDiscount>
      <itemStatus>1</itemStatus>
      <LastUpdateDate />
      <LastUpdateTime />
    </Product>
    <Product>
      <PriceUpdateDate>2019/12/27 08:44</PriceUpdateDate>
      <ItemCode>8710847908446</ItemCode>
      <ItemType>1</ItemType>
      <ItemName>אקס ספריי גוף בלאק 150מ"ל</ItemName>
      <ManufactureName>יוניליוור ישראל שיווק בעמ</ManufactureName>
      <ManufactureCountry />
      <ManufactureItemDescription />
      <UnitQty>י"ח</UnitQty>
      <Quantity>150</Quantity>
      <UnitMeasure>ל  מ"ל</UnitMeasure>
      <BisWeighted>0</BisWeighted>
      <QtyInPackage>1</QtyInPackage>
      <ItemPrice>12.90</ItemPrice>
      <UnitOfMeasurePrice>8.60</UnitOfMeasurePrice>
      <AllowDiscount>1</AllowDiscount>
      <itemStatus>1</itemStatus>
      <LastUpdateDate />
      <LastUpdateTime />
    </Product>
    <Product>
      <PriceUpdateDate>2020/03/12 08:30</PriceUpdateDate>
      <ItemCode>8710847962592</ItemCode>
      <ItemType>1</ItemType>
      <ItemName>אקס בודי ספריי פרש לגבר 150מ"ל</ItemName>
      <ManufactureName>יוניליוור ישראל שיווק בעמ</ManufactureName>
      <ManufactureCountry />
      <ManufactureItemDescription />
      <UnitQty>י"ח</UnitQty>
      <Quantity>150</Quantity>
      <UnitMeasure>ל  מ"ל</UnitMeasure>
      <BisWeighted>0</BisWeighted>
      <QtyInPackage>1</QtyInPackage>
      <ItemPrice>14.90</ItemPrice>
      <UnitOfMeasurePrice>9.93</UnitOfMeasurePrice>
      <AllowDiscount>1</AllowDiscount>
      <itemStatus>1</itemStatus>
      <LastUpdateDate />
      <LastUpdateTime />
    </Product>
    <Product>
      <PriceUpdateDate>2020/03/12 08:30</PriceUpdateDate>
      <ItemCode>8710847962608</ItemCode>
      <ItemType>1</ItemType>
      <ItemName>אקס בודי ספריי מוחיטו  לגבר 150מ"ל</ItemName>
      <ManufactureName>יוניליוור ישראל שיווק בעמ</ManufactureName>
      <ManufactureCountry />
      <ManufactureItemDescription />
      <UnitQty>י"ח</UnitQty>
      <Quantity>150</Quantity>
      <UnitMeasure>ל  מ"ל</UnitMeasure>
      <BisWeighted>0</BisWeighted>
      <QtyInPackage>1</QtyInPackage>
      <ItemPrice>14.90</ItemPrice>
      <UnitOfMeasurePrice>9.93</UnitOfMeasurePrice>
      <AllowDiscount>1</AllowDiscount>
      <itemStatus>1</itemStatus>
      <LastUpdateDate />
      <LastUpdateTime />
    </Product>
    <Product>
      <PriceUpdateDate>2019/12/27 08:44</PriceUpdateDate>
      <ItemCode>8710908148293</ItemCode>
      <ItemType>1</ItemType>
      <ItemName>אקס דאו בודי ספריי בלאק נייט  150מ"ל</ItemName>
      <ManufactureName>יוניליוור ישראל שיווק בעמ</ManufactureName>
      <ManufactureCountry />
      <ManufactureItemDescription />
      <UnitQty>י"ח</UnitQty>
      <Quantity>150</Quantity>
      <UnitMeasure>ל  מ"ל</UnitMeasure>
      <BisWeighted>0</BisWeighted>
      <QtyInPackage>1</QtyInPackage>
      <ItemPrice>12.90</ItemPrice>
      <UnitOfMeasurePrice>8.60</UnitOfMeasurePrice>
      <AllowDiscount>1</AllowDiscount>
      <itemStatus>1</itemStatus>
      <LastUpdateDate />
      <LastUpdateTime />
    </Product>
    <Product>
      <PriceUpdateDate>2019/12/27 08:44</PriceUpdateDate>
      <ItemCode>8710908249150</ItemCode>
      <ItemType>1</ItemType>
      <ItemName>רקסונה ספריי נשים טלק  150מ"ל</ItemName>
      <ManufactureName>יוניליוור ישראל שיווק בעמ</ManufactureName>
      <ManufactureCountry />
      <ManufactureItemDescription />
      <UnitQty>י"ח</UnitQty>
      <Quantity>150</Quantity>
      <UnitMeasure>ל  מ"ל</UnitMeasure>
      <BisWeighted>0</BisWeighted>
      <QtyInPackage>1</QtyInPackage>
      <ItemPrice>17.70</ItemPrice>
      <UnitOfMeasurePrice>11.80</UnitOfMeasurePrice>
      <AllowDiscount>1</AllowDiscount>
      <itemStatus>1</itemStatus>
      <LastUpdateDate />
      <LastUpdateTime />
    </Product>
    <Product>
      <PriceUpdateDate>2019/12/27 08:44</PriceUpdateDate>
      <ItemCode>8710908250996</ItemCode>
      <ItemType>1</ItemType>
      <ItemName>רקסונה ספריי נשים אקסטרקול</ItemName>
      <ManufactureName>יוניליוור ישראל שיווק בעמ</ManufactureName>
      <ManufactureCountry />
      <ManufactureItemDescription />
      <UnitQty>י"ח</UnitQty>
      <Quantity>1</Quantity>
      <UnitMeasure>י"ח</UnitMeasure>
      <BisWeighted>0</BisWeighted>
      <QtyInPackage>1</QtyInPackage>
      <ItemPrice>17.70</ItemPrice>
      <UnitOfMeasurePrice>17.70</UnitOfMeasurePrice>
      <AllowDiscount>1</AllowDiscount>
      <itemStatus>1</itemStatus>
      <LastUpdateDate />
      <LastUpdateTime />
    </Product>
    <Product>
      <PriceUpdateDate>2019/12/27 08:44</PriceUpdateDate>
      <ItemCode>8710908251030</ItemCode>
      <ItemType>1</ItemType>
      <ItemName>רקסונה ספריי נשים אקטיב</ItemName>
      <ManufactureName>יוניליוור ישראל שיווק בעמ</ManufactureName>
      <ManufactureCountry />
      <ManufactureItemDescription />
      <UnitQty>י"ח</UnitQty>
      <Quantity>1</Quantity>
      <UnitMeasure>י"ח</UnitMeasure>
      <BisWeighted>0</BisWeighted>
      <QtyInPackage>1</QtyInPackage>
      <ItemPrice>17.70</ItemPrice>
      <UnitOfMeasurePrice>17.70</UnitOfMeasurePrice>
      <AllowDiscount>1</AllowDiscount>
      <itemStatus>1</itemStatus>
      <LastUpdateDate />
      <LastUpdateTime />
    </Product>
    <Product>
      <PriceUpdateDate>2019/12/27 08:44</PriceUpdateDate>
      <ItemCode>8710908251054</ItemCode>
      <ItemType>1</ItemType>
      <ItemName>רקסונה ספריי לגבר קובלט דריי 150מ"ל</ItemName>
      <ManufactureName>יוניליוור ישראל שיווק בעמ</ManufactureName>
      <ManufactureCountry />
      <ManufactureItemDescription />
      <UnitQty>י"ח</UnitQty>
      <Quantity>1</Quantity>
      <UnitMeasure>י"ח</UnitMeasure>
      <BisWeighted>0</BisWeighted>
      <QtyInPackage>1</QtyInPackage>
      <ItemPrice>17.70</ItemPrice>
      <UnitOfMeasurePrice>17.70</UnitOfMeasurePrice>
      <AllowDiscount>1</AllowDiscount>
      <itemStatus>1</itemStatus>
      <LastUpdateDate />
      <LastUpdateTime />
    </Product>
    <Product>
      <PriceUpdateDate>2018/07/15 15:22</PriceUpdateDate>
      <ItemCode>8710908251139</ItemCode>
      <ItemType>1</ItemType>
      <ItemName>רקסונה ספריי נשים ספורט</ItemName>
      <ManufactureName>יוניליוור ישראל שיווק בעמ</ManufactureName>
      <ManufactureCountry />
      <ManufactureItemDescription />
      <UnitQty>י"ח</UnitQty>
      <Quantity>1</Quantity>
      <UnitMeasure>י"ח</UnitMeasure>
      <BisWeighted>0</BisWeighted>
      <QtyInPackage>1</QtyInPackage>
      <ItemPrice>19.50</ItemPrice>
      <UnitOfMeasurePrice>19.50</UnitOfMeasurePrice>
      <AllowDiscount>1</AllowDiscount>
      <itemStatus>1</itemStatus>
      <LastUpdateDate />
      <LastUpdateTime />
    </Product>
    <Product>
      <PriceUpdateDate>2018/12/31 14:23</PriceUpdateDate>
      <ItemCode>8710908251177</ItemCode>
      <ItemType>1</ItemType>
      <ItemName>רקסונה ספריי לגבר טורבו 150מ"ל</ItemName>
      <ManufactureName>יוניליוור ישראל שיווק בעמ</ManufactureName>
      <ManufactureCountry />
      <ManufactureItemDescription />
      <UnitQty>י"ח</UnitQty>
      <Quantity>1</Quantity>
      <UnitMeasure>י"ח</UnitMeasure>
      <BisWeighted>0</BisWeighted>
      <QtyInPackage>1</QtyInPackage>
      <ItemPrice>11.90</ItemPrice>
      <UnitOfMeasurePrice>11.90</UnitOfMeasurePrice>
      <AllowDiscount>1</AllowDiscount>
      <itemStatus>1</itemStatus>
      <LastUpdateDate />
      <LastUpdateTime />
    </Product>
    <Product>
      <PriceUpdateDate>2019/12/27 08:44</PriceUpdateDate>
      <ItemCode>8710908251290</ItemCode>
      <ItemType>1</ItemType>
      <ItemName>רקסונה ספריי נשים V8</ItemName>
      <ManufactureName>יוניליוור ישראל שיווק בעמ</ManufactureName>
      <ManufactureCountry />
      <ManufactureItemDescription />
      <UnitQty>י"ח</UnitQty>
      <Quantity>1</Quantity>
      <UnitMeasure>י"ח</UnitMeasure>
      <BisWeighted>0</BisWeighted>
      <QtyInPackage>1</QtyInPackage>
      <ItemPrice>17.70</ItemPrice>
      <UnitOfMeasurePrice>17.70</UnitOfMeasurePrice>
      <AllowDiscount>1</AllowDiscount>
      <itemStatus>1</itemStatus>
      <LastUpdateDate />
      <LastUpdateTime />
    </Product>
    <Product>
      <PriceUpdateDate>2019/12/27 08:44</PriceUpdateDate>
      <ItemCode>8710908251313</ItemCode>
      <ItemType>1</ItemType>
      <ItemName>רקסונה ספריי נשים</ItemName>
      <ManufactureName>יוניליוור ישראל שיווק בעמ</ManufactureName>
      <ManufactureCountry />
      <ManufactureItemDescription />
      <UnitQty>י"ח</UnitQty>
      <Quantity>1</Quantity>
      <UnitMeasure>י"ח</UnitMeasure>
      <BisWeighted>0</BisWeighted>
      <QtyInPackage>1</QtyInPackage>
      <ItemPrice>17.70</ItemPrice>
      <UnitOfMeasurePrice>17.70</UnitOfMeasurePrice>
      <AllowDiscount>1</AllowDiscount>
      <itemStatus>1</itemStatus>
      <LastUpdateDate />
      <LastUpdateTime />
    </Product>
    <Product>
      <PriceUpdateDate>2020/02/06 13:06</PriceUpdateDate>
      <ItemCode>8710908404184</ItemCode>
      <ItemType>1</ItemType>
      <ItemName>דאו דאב ספריי 0% אלומיניום אורגנל 150מ</ItemName>
      <ManufactureName>יוניליוור ישראל שיווק בעמ</ManufactureName>
      <ManufactureCountry />
      <ManufactureItemDescription />
      <UnitQty>י"ח</UnitQty>
      <Quantity>90</Quantity>
      <UnitMeasure>ל  מ"ל</UnitMeasure>
      <BisWeighted>0</BisWeighted>
      <QtyInPackage>1</QtyInPackage>
      <ItemPrice>15.90</ItemPrice>
      <UnitOfMeasurePrice>17.67</UnitOfMeasurePrice>
      <AllowDiscount>1</AllowDiscount>
      <itemStatus>1</itemStatus>
      <LastUpdateDate />
      <LastUpdateTime />
    </Product>
    <Product>
      <PriceUpdateDate>2019/05/12 09:04</PriceUpdateDate>
      <ItemCode>8710908427596</ItemCode>
      <ItemType>1</ItemType>
      <ItemName>אקס ספריי יו</ItemName>
      <ManufactureName>יוניליוור ישראל שיווק בעמ</ManufactureName>
      <ManufactureCountry />
      <ManufactureItemDescription />
      <UnitQty>י"ח</UnitQty>
      <Quantity>1</Quantity>
      <UnitMeasure>י"ח</UnitMeasure>
      <BisWeighted>0</BisWeighted>
      <QtyInPackage>1</QtyInPackage>
      <ItemPrice>14.90</ItemPrice>
      <UnitOfMeasurePrice>14.90</UnitOfMeasurePrice>
      <AllowDiscount>1</AllowDiscount>
      <itemStatus>1</itemStatus>
      <LastUpdateDate />
      <LastUpdateTime />
    </Product>
    <Product>
      <PriceUpdateDate>2020/02/06 13:06</PriceUpdateDate>
      <ItemCode>8710908559235</ItemCode>
      <ItemType>1</ItemType>
      <ItemName>דאב דאו  ספריי גו פרש בניחוח אגס</ItemName>
      <ManufactureName>יוניליוור ישראל שיווק בעמ</ManufactureName>
      <ManufactureCountry />
      <ManufactureItemDescription />
      <UnitQty>י"ח</UnitQty>
      <Quantity>175</Quantity>
      <UnitMeasure>ל  מ"ל</UnitMeasure>
      <BisWeighted>0</BisWeighted>
      <QtyInPackage>1</QtyInPackage>
      <ItemPrice>15.90</ItemPrice>
      <UnitOfMeasurePrice>9.09</UnitOfMeasurePrice>
      <AllowDiscount>1</AllowDiscount>
      <itemStatus>1</itemStatus>
      <LastUpdateDate />
      <LastUpdateTime />
    </Product>
    <Product>
      <PriceUpdateDate>2019/12/27 08:44</PriceUpdateDate>
      <ItemCode>8710908688041</ItemCode>
      <ItemType>1</ItemType>
      <ItemName>אקס ספריי אדרנלין 150מ"ל</ItemName>
      <ManufactureName>יוניליוור ישראל שיווק בעמ</ManufactureName>
      <ManufactureCountry />
      <ManufactureItemDescription />
      <UnitQty>י"ח</UnitQty>
      <Quantity>150</Quantity>
      <UnitMeasure>ל  מ"ל</UnitMeasure>
      <BisWeighted>0</BisWeighted>
      <QtyInPackage>1</QtyInPackage>
      <ItemPrice>12.90</ItemPrice>
      <UnitOfMeasurePrice>8.60</UnitOfMeasurePrice>
      <AllowDiscount>1</AllowDiscount>
      <itemStatus>1</itemStatus>
      <LastUpdateDate />
      <LastUpdateTime />
    </Product>
    <Product>
      <PriceUpdateDate>2019/12/27 08:44</PriceUpdateDate>
      <ItemCode>8710908688683</ItemCode>
      <ItemType>1</ItemType>
      <ItemName>אקס ספריי אורבן</ItemName>
      <ManufactureName>יוניליוור ישראל שיווק בעמ</ManufactureName>
      <ManufactureCountry />
      <ManufactureItemDescription />
      <UnitQty>י"ח</UnitQty>
      <Quantity>1</Quantity>
      <UnitMeasure>י"ח</UnitMeasure>
      <BisWeighted>0</BisWeighted>
      <QtyInPackage>1</QtyInPackage>
      <ItemPrice>12.90</ItemPrice>
      <UnitOfMeasurePrice>12.90</UnitOfMeasurePrice>
      <AllowDiscount>1</AllowDiscount>
      <itemStatus>1</itemStatus>
      <LastUpdateDate />
      <LastUpdateTime />
    </Product>
    <Product>
      <PriceUpdateDate>2018/10/15 08:21</PriceUpdateDate>
      <ItemCode>8711000362556</ItemCode>
      <ItemType>1</ItemType>
      <ItemName>קפסולות אספרסו L OR SONTUOSO</ItemName>
      <ManufactureName>דיפלומט בעמ</ManufactureName>
      <ManufactureCountry />
      <ManufactureItemDescription />
      <UnitQty>י"ח</UnitQty>
      <Quantity>52</Quantity>
      <UnitMeasure>ל  גרם</UnitMeasure>
      <BisWeighted>0</BisWeighted>
      <QtyInPackage>1</QtyInPackage>
      <ItemPrice>19.90</ItemPrice>
      <UnitOfMeasurePrice>38.27</UnitOfMeasurePrice>
      <AllowDiscount>1</AllowDiscount>
      <itemStatus>1</itemStatus>
      <LastUpdateDate />
      <LastUpdateTime />
    </Product>
    <Product>
      <PriceUpdateDate>2018/10/15 08:21</PriceUpdateDate>
      <ItemCode>8711000362570</ItemCode>
      <ItemType>1</ItemType>
      <ItemName>קפסולות אספרסו L OR FORZA</ItemName>
      <ManufactureName>דיפלומט בעמ</ManufactureName>
      <ManufactureCountry />
      <ManufactureItemDescription />
      <UnitQty>י"ח</UnitQty>
      <Quantity>52</Quantity>
      <UnitMeasure>ל  גרם</UnitMeasure>
      <BisWeighted>0</BisWeighted>
      <QtyInPackage>1</QtyInPackage>
      <ItemPrice>19.90</ItemPrice>
      <UnitOfMeasurePrice>38.27</UnitOfMeasurePrice>
      <AllowDiscount>1</AllowDiscount>
      <itemStatus>1</itemStatus>
      <LastUpdateDate />
      <LastUpdateTime />
    </Product>
    <Product>
      <PriceUpdateDate>2018/10/15 08:21</PriceUpdateDate>
      <ItemCode>8711000362617</ItemCode>
      <ItemType>1</ItemType>
      <ItemName>קפסולות אספרסו L OR LUNGO</ItemName>
      <ManufactureName>דיפלומט בעמ</ManufactureName>
      <ManufactureCountry />
      <ManufactureItemDescription />
      <UnitQty>י"ח</UnitQty>
      <Quantity>52</Quantity>
      <UnitMeasure>ל  גרם</UnitMeasure>
      <BisWeighted>0</BisWeighted>
      <QtyInPackage>1</QtyInPackage>
      <ItemPrice>19.90</ItemPrice>
      <UnitOfMeasurePrice>38.27</UnitOfMeasurePrice>
      <AllowDiscount>1</AllowDiscount>
      <itemStatus>1</itemStatus>
      <LastUpdateDate />
      <LastUpdateTime />
    </Product>
    <Product>
      <PriceUpdateDate>2018/10/15 08:21</PriceUpdateDate>
      <ItemCode>8711000362631</ItemCode>
      <ItemType>1</ItemType>
      <ItemName>קפסולות אספרסו L OR ONYX</ItemName>
      <ManufactureName>דיפלומט בעמ</ManufactureName>
      <ManufactureCountry />
      <ManufactureItemDescription />
      <UnitQty>י"ח</UnitQty>
      <Quantity>52</Quantity>
      <UnitMeasure>ל  גרם</UnitMeasure>
      <BisWeighted>0</BisWeighted>
      <QtyInPackage>1</QtyInPackage>
      <ItemPrice>19.90</ItemPrice>
      <UnitOfMeasurePrice>38.27</UnitOfMeasurePrice>
      <AllowDiscount>1</AllowDiscount>
      <itemStatus>1</itemStatus>
      <LastUpdateDate />
      <LastUpdateTime />
    </Product>
    <Product>
      <PriceUpdateDate>2019/06/07 09:10</PriceUpdateDate>
      <ItemCode>8711000362679</ItemCode>
      <ItemType>1</ItemType>
      <ItemName>LOR קפסולות אספרסו קולומביה</ItemName>
      <ManufactureName>דיפלומט בעמ</ManufactureName>
      <ManufactureCountry />
      <ManufactureItemDescription />
      <UnitQty>י"ח</UnitQty>
      <Quantity>52</Quantity>
      <UnitMeasure>ל  גרם</UnitMeasure>
      <BisWeighted>0</BisWeighted>
      <QtyInPackage>1</QtyInPackage>
      <ItemPrice>19.90</ItemPrice>
      <UnitOfMeasurePrice>38.27</UnitOfMeasurePrice>
      <AllowDiscount>1</AllowDiscount>
      <itemStatus>1</itemStatus>
      <LastUpdateDate />
      <LastUpdateTime />
    </Product>
    <Product>
      <PriceUpdateDate>2019/06/07 09:10</PriceUpdateDate>
      <ItemCode>8711000362693</ItemCode>
      <ItemType>1</ItemType>
      <ItemName>LOR קפסולות אספרסו פפואה</ItemName>
      <ManufactureName>דיפלומט בעמ</ManufactureName>
      <ManufactureCountry />
      <ManufactureItemDescription />
      <UnitQty>י"ח</UnitQty>
      <Quantity>52</Quantity>
      <UnitMeasure>ל  גרם</UnitMeasure>
      <BisWeighted>0</BisWeighted>
      <QtyInPackage>1</QtyInPackage>
      <ItemPrice>19.90</ItemPrice>
      <UnitOfMeasurePrice>38.27</UnitOfMeasurePrice>
      <AllowDiscount>1</AllowDiscount>
      <itemStatus>1</itemStatus>
      <LastUpdateDate />
      <LastUpdateTime />
    </Product>
    <Product>
      <PriceUpdateDate>2018/10/15 08:21</PriceUpdateDate>
      <ItemCode>8711000362747</ItemCode>
      <ItemType>1</ItemType>
      <ItemName>קפסולות אספרסו L OR RISTRETTO</ItemName>
      <ManufactureName>דיפלומט בעמ</ManufactureName>
      <ManufactureCountry />
      <ManufactureItemDescription />
      <UnitQty>י"ח</UnitQty>
      <Quantity>52</Quantity>
      <UnitMeasure>ל  גרם</UnitMeasure>
      <BisWeighted>0</BisWeighted>
      <QtyInPackage>1</QtyInPackage>
      <ItemPrice>19.90</ItemPrice>
      <UnitOfMeasurePrice>38.27</UnitOfMeasurePrice>
      <AllowDiscount>1</AllowDiscount>
      <itemStatus>1</itemStatus>
      <LastUpdateDate />
      <LastUpdateTime />
    </Product>
    <Product>
      <PriceUpdateDate>2018/12/17 10:51</PriceUpdateDate>
      <ItemCode>8711000371176</ItemCode>
      <ItemType>1</ItemType>
      <ItemName>גייקובס קפסולות קפה קלאסיקו</ItemName>
      <ManufactureName>דיפלומט בעמ</ManufactureName>
      <ManufactureCountry />
      <ManufactureItemDescription />
      <UnitQty>י"ח</UnitQty>
      <Quantity>52</Quantity>
      <UnitMeasure>ל  גרם</UnitMeasure>
      <BisWeighted>0</BisWeighted>
      <QtyInPackage>1</QtyInPackage>
      <ItemPrice>16.90</ItemPrice>
      <UnitOfMeasurePrice>32.50</UnitOfMeasurePrice>
      <AllowDiscount>1</AllowDiscount>
      <itemStatus>1</itemStatus>
      <LastUpdateDate />
      <LastUpdateTime />
    </Product>
    <Product>
      <PriceUpdateDate>2018/12/17 10:51</PriceUpdateDate>
      <ItemCode>8711000371183</ItemCode>
      <ItemType>1</ItemType>
      <ItemName>גייקובס קפסולות קפה אינטנסו</ItemName>
      <ManufactureName>דיפלומט בעמ</ManufactureName>
      <ManufactureCountry />
      <ManufactureItemDescription />
      <UnitQty>י"ח</UnitQty>
      <Quantity>52</Quantity>
      <UnitMeasure>ל  גרם</UnitMeasure>
      <BisWeighted>0</BisWeighted>
      <QtyInPackage>1</QtyInPackage>
      <ItemPrice>16.90</ItemPrice>
      <UnitOfMeasurePrice>32.50</UnitOfMeasurePrice>
      <AllowDiscount>1</AllowDiscount>
      <itemStatus>1</itemStatus>
      <LastUpdateDate />
      <LastUpdateTime />
    </Product>
    <Product>
      <PriceUpdateDate>2018/12/17 10:51</PriceUpdateDate>
      <ItemCode>8711000371206</ItemCode>
      <ItemType>1</ItemType>
      <ItemName>גייקובס קפסולות קפה ריסטרטו</ItemName>
      <ManufactureName>דיפלומט בעמ</ManufactureName>
      <ManufactureCountry />
      <ManufactureItemDescription />
      <UnitQty>י"ח</UnitQty>
      <Quantity>52</Quantity>
      <UnitMeasure>ל  גרם</UnitMeasure>
      <BisWeighted>0</BisWeighted>
      <QtyInPackage>1</QtyInPackage>
      <ItemPrice>16.90</ItemPrice>
      <UnitOfMeasurePrice>32.50</UnitOfMeasurePrice>
      <AllowDiscount>1</AllowDiscount>
      <itemStatus>1</itemStatus>
      <LastUpdateDate />
      <LastUpdateTime />
    </Product>
    <Product>
      <PriceUpdateDate>2019/12/17 10:06</PriceUpdateDate>
      <ItemCode>8711000371244</ItemCode>
      <ItemType>1</ItemType>
      <ItemName>גייקובס קפסולות קפה לונגו</ItemName>
      <ManufactureName>דיפלומט בעמ</ManufactureName>
      <ManufactureCountry />
      <ManufactureItemDescription />
      <UnitQty>י"ח</UnitQty>
      <Quantity>52</Quantity>
      <UnitMeasure>ל  גרם</UnitMeasure>
      <BisWeighted>0</BisWeighted>
      <QtyInPackage>1</QtyInPackage>
      <ItemPrice>16.90</ItemPrice>
      <UnitOfMeasurePrice>32.50</UnitOfMeasurePrice>
      <AllowDiscount>1</AllowDiscount>
      <itemStatus>1</itemStatus>
      <LastUpdateDate />
      <LastUpdateTime />
    </Product>
    <Product>
      <PriceUpdateDate>2018/12/17 10:51</PriceUpdateDate>
      <ItemCode>8711000397466</ItemCode>
      <ItemType>1</ItemType>
      <ItemName>קפסולות אספרסו L OR נטול קפאין</ItemName>
      <ManufactureName>דיפלומט בעמ</ManufactureName>
      <ManufactureCountry />
      <ManufactureItemDescription />
      <UnitQty>י"ח</UnitQty>
      <Quantity>52</Quantity>
      <UnitMeasure>ל  גרם</UnitMeasure>
      <BisWeighted>0</BisWeighted>
      <QtyInPackage>1</QtyInPackage>
      <ItemPrice>19.90</ItemPrice>
      <UnitOfMeasurePrice>38.27</UnitOfMeasurePrice>
      <AllowDiscount>1</AllowDiscount>
      <itemStatus>1</itemStatus>
      <LastUpdateDate />
      <LastUpdateTime />
    </Product>
    <Product>
      <PriceUpdateDate>2019/06/07 09:10</PriceUpdateDate>
      <ItemCode>8711000431108</ItemCode>
      <ItemType>1</ItemType>
      <ItemName>LOR קפסולות אספרסו הודו</ItemName>
      <ManufactureName>דיפלומט בעמ</ManufactureName>
      <ManufactureCountry />
      <ManufactureItemDescription />
      <UnitQty>י"ח</UnitQty>
      <Quantity>52</Quantity>
      <UnitMeasure>ל  גרם</UnitMeasure>
      <BisWeighted>0</BisWeighted>
      <QtyInPackage>1</QtyInPackage>
      <ItemPrice>19.90</ItemPrice>
      <UnitOfMeasurePrice>38.27</UnitOfMeasurePrice>
      <AllowDiscount>1</AllowDiscount>
      <itemStatus>1</itemStatus>
      <LastUpdateDate />
      <LastUpdateTime />
    </Product>
    <Product>
      <PriceUpdateDate>2019/12/27 08:44</PriceUpdateDate>
      <ItemCode>8711600350212</ItemCode>
      <ItemType>1</ItemType>
      <ItemName>רקסונה ספריי נשים שאוורפרש</ItemName>
      <ManufactureName>יוניליוור ישראל שיווק בעמ</ManufactureName>
      <ManufactureCountry />
      <ManufactureItemDescription />
      <UnitQty>י"ח</UnitQty>
      <Quantity>1</Quantity>
      <UnitMeasure>י"ח</UnitMeasure>
      <BisWeighted>0</BisWeighted>
      <QtyInPackage>1</QtyInPackage>
      <ItemPrice>17.70</ItemPrice>
      <UnitOfMeasurePrice>17.70</UnitOfMeasurePrice>
      <AllowDiscount>1</AllowDiscount>
      <itemStatus>1</itemStatus>
      <LastUpdateDate />
      <LastUpdateTime />
    </Product>
    <Product>
      <PriceUpdateDate>2019/12/27 08:44</PriceUpdateDate>
      <ItemCode>8711600765672</ItemCode>
      <ItemType>1</ItemType>
      <ItemName>רקסונה ספריי נשים קריסטל</ItemName>
      <ManufactureName>יוניליוור ישראל שיווק בעמ</ManufactureName>
      <ManufactureCountry />
      <ManufactureItemDescription />
      <UnitQty>י"ח</UnitQty>
      <Quantity>1</Quantity>
      <UnitMeasure>י"ח</UnitMeasure>
      <BisWeighted>0</BisWeighted>
      <QtyInPackage>1</QtyInPackage>
      <ItemPrice>17.70</ItemPrice>
      <UnitOfMeasurePrice>17.70</UnitOfMeasurePrice>
      <AllowDiscount>1</AllowDiscount>
      <itemStatus>1</itemStatus>
      <LastUpdateDate />
      <LastUpdateTime />
    </Product>
    <Product>
      <PriceUpdateDate>2020/02/06 13:06</PriceUpdateDate>
      <ItemCode>8711600786226</ItemCode>
      <ItemType>1</ItemType>
      <ItemName>דאו דאב ספריי רימונים  90ג</ItemName>
      <ManufactureName>יוניליוור ישראל שיווק בעמ</ManufactureName>
      <ManufactureCountry />
      <ManufactureItemDescription />
      <UnitQty>י"ח</UnitQty>
      <Quantity>90</Quantity>
      <UnitMeasure>ל  מ"ל</UnitMeasure>
      <BisWeighted>0</BisWeighted>
      <QtyInPackage>1</QtyInPackage>
      <ItemPrice>15.90</ItemPrice>
      <UnitOfMeasurePrice>17.67</UnitOfMeasurePrice>
      <AllowDiscount>1</AllowDiscount>
      <itemStatus>1</itemStatus>
      <LastUpdateDate />
      <LastUpdateTime />
    </Product>
    <Product>
      <PriceUpdateDate>2018/11/11 11:07</PriceUpdateDate>
      <ItemCode>8712000051099</ItemCode>
      <ItemType>1</ItemType>
      <ItemName>היינקן בקבוק  330מ"ל שישייה 0%.</ItemName>
      <ManufactureName>טמפו משקאות בעמ</ManufactureName>
      <ManufactureCountry />
      <ManufactureItemDescription />
      <UnitQty>י"ח</UnitQty>
      <Quantity>1.98</Quantity>
      <UnitMeasure>ליטר</UnitMeasure>
      <BisWeighted>0</BisWeighted>
      <QtyInPackage>1</QtyInPackage>
      <ItemPrice>31.90</ItemPrice>
      <UnitOfMeasurePrice>15.20</UnitOfMeasurePrice>
      <AllowDiscount>1</AllowDiscount>
      <itemStatus>1</itemStatus>
      <LastUpdateDate />
      <LastUpdateTime />
    </Product>
    <Product>
      <PriceUpdateDate>2019/11/20 13:31</PriceUpdateDate>
      <ItemCode>8712000051945</ItemCode>
      <ItemType>1</ItemType>
      <ItemName>בירה רד סטרייפ 330מ"ל בודד</ItemName>
      <ManufactureName>טמפו משקאות בעמ</ManufactureName>
      <ManufactureCountry />
      <ManufactureItemDescription />
      <UnitQty>י"ח</UnitQty>
      <Quantity>330</Quantity>
      <UnitMeasure>ל  מ"ל</UnitMeasure>
      <BisWeighted>0</BisWeighted>
      <QtyInPackage>1</QtyInPackage>
      <ItemPrice>8.90</ItemPrice>
      <UnitOfMeasurePrice>2.61</UnitOfMeasurePrice>
      <AllowDiscount>1</AllowDiscount>
      <itemStatus>1</itemStatus>
      <LastUpdateDate />
      <LastUpdateTime />
    </Product>
    <Product>
      <PriceUpdateDate>2017/08/17 13:34</PriceUpdateDate>
      <ItemCode>8712100637391</ItemCode>
      <ItemType>1</ItemType>
      <ItemName>גלידה בן ג`ריס 473מ"ל</ItemName>
      <ManufactureName>מוצרי איכות אמריקאיים בעמ</ManufactureName>
      <ManufactureCountry />
      <ManufactureItemDescription />
      <UnitQty>י"ח</UnitQty>
      <Quantity>473</Quantity>
      <UnitMeasure>ל  מ"ל</UnitMeasure>
      <BisWeighted>0</BisWeighted>
      <QtyInPackage>1</QtyInPackage>
      <ItemPrice>23.90</ItemPrice>
      <UnitOfMeasurePrice>5.05</UnitOfMeasurePrice>
      <AllowDiscount>1</AllowDiscount>
      <itemStatus>1</itemStatus>
      <LastUpdateDate />
      <LastUpdateTime />
    </Product>
    <Product>
      <PriceUpdateDate>2018/10/09 12:35</PriceUpdateDate>
      <ItemCode>8712400802499</ItemCode>
      <ItemType>1</ItemType>
      <ItemName>נוטרילון שלב 1 800 גרם</ItemName>
      <ManufactureName>דיפלומט בעמ</ManufactureName>
      <ManufactureCountry />
      <ManufactureItemDescription />
      <UnitQty>י"ח</UnitQty>
      <Quantity>800</Quantity>
      <UnitMeasure>ל  גרם</UnitMeasure>
      <BisWeighted>0</BisWeighted>
      <QtyInPackage>1</QtyInPackage>
      <ItemPrice>59.90</ItemPrice>
      <UnitOfMeasurePrice>7.49</UnitOfMeasurePrice>
      <AllowDiscount>1</AllowDiscount>
      <itemStatus>1</itemStatus>
      <LastUpdateDate />
      <LastUpdateTime />
    </Product>
    <Product>
      <PriceUpdateDate>2018/10/09 12:35</PriceUpdateDate>
      <ItemCode>8712400802512</ItemCode>
      <ItemType>1</ItemType>
      <ItemName>נוטרילון שלב 2 800 גרם</ItemName>
      <ManufactureName>דיפלומט בעמ</ManufactureName>
      <ManufactureCountry />
      <ManufactureItemDescription />
      <UnitQty>י"ח</UnitQty>
      <Quantity>800</Quantity>
      <UnitMeasure>ל  גרם</UnitMeasure>
      <BisWeighted>0</BisWeighted>
      <QtyInPackage>1</QtyInPackage>
      <ItemPrice>59.90</ItemPrice>
      <UnitOfMeasurePrice>7.49</UnitOfMeasurePrice>
      <AllowDiscount>1</AllowDiscount>
      <itemStatus>1</itemStatus>
      <LastUpdateDate />
      <LastUpdateTime />
    </Product>
    <Product>
      <PriceUpdateDate>2018/10/09 12:35</PriceUpdateDate>
      <ItemCode>8712400802536</ItemCode>
      <ItemType>1</ItemType>
      <ItemName>נוטרילון שלב 3 800 גרם</ItemName>
      <ManufactureName>דיפלומט בעמ</ManufactureName>
      <ManufactureCountry />
      <ManufactureItemDescription />
      <UnitQty>י"ח</UnitQty>
      <Quantity>800</Quantity>
      <UnitMeasure>ל  גרם</UnitMeasure>
      <BisWeighted>0</BisWeighted>
      <QtyInPackage>1</QtyInPackage>
      <ItemPrice>59.90</ItemPrice>
      <UnitOfMeasurePrice>7.49</UnitOfMeasurePrice>
      <AllowDiscount>1</AllowDiscount>
      <itemStatus>1</itemStatus>
      <LastUpdateDate />
      <LastUpdateTime />
    </Product>
    <Product>
      <PriceUpdateDate>2019/05/12 09:04</PriceUpdateDate>
      <ItemCode>8712561249232</ItemCode>
      <ItemType>1</ItemType>
      <ItemName>אקס דאו אנרכי בנות 150מ"ל</ItemName>
      <ManufactureName>יוניליוור ישראל שיווק בעמ</ManufactureName>
      <ManufactureCountry />
      <ManufactureItemDescription />
      <UnitQty>י"ח</UnitQty>
      <Quantity>150</Quantity>
      <UnitMeasure>ל  מ"ל</UnitMeasure>
      <BisWeighted>0</BisWeighted>
      <QtyInPackage>1</QtyInPackage>
      <ItemPrice>14.90</ItemPrice>
      <UnitOfMeasurePrice>9.93</UnitOfMeasurePrice>
      <AllowDiscount>1</AllowDiscount>
      <itemStatus>1</itemStatus>
      <LastUpdateDate />
      <LastUpdateTime />
    </Product>
    <Product>
      <PriceUpdateDate>2019/12/27 08:44</PriceUpdateDate>
      <ItemCode>8712561319423</ItemCode>
      <ItemType>1</ItemType>
      <ItemName>רקסונה ספריי נשים אינבזיבל   150מ"ל</ItemName>
      <ManufactureName>יוניליוור ישראל שיווק בעמ</ManufactureName>
      <ManufactureCountry />
      <ManufactureItemDescription />
      <UnitQty>י"ח</UnitQty>
      <Quantity>150</Quantity>
      <UnitMeasure>ל  מ"ל</UnitMeasure>
      <BisWeighted>0</BisWeighted>
      <QtyInPackage>1</QtyInPackage>
      <ItemPrice>17.70</ItemPrice>
      <UnitOfMeasurePrice>11.80</UnitOfMeasurePrice>
      <AllowDiscount>1</AllowDiscount>
      <itemStatus>1</itemStatus>
      <LastUpdateDate />
      <LastUpdateTime />
    </Product>
    <Product>
      <PriceUpdateDate>2017/08/17 13:34</PriceUpdateDate>
      <ItemCode>8714100279014</ItemCode>
      <ItemType>1</ItemType>
      <ItemName>גלידה פיינטים</ItemName>
      <ManufactureName>מוצרי איכות אמריקאיים בעמ</ManufactureName>
      <ManufactureCountry />
      <ManufactureItemDescription />
      <UnitQty>י"ח</UnitQty>
      <Quantity>750</Quantity>
      <UnitMeasure>ל  מ"ל</UnitMeasure>
      <BisWeighted>0</BisWeighted>
      <QtyInPackage>1</QtyInPackage>
      <ItemPrice>23.90</ItemPrice>
      <UnitOfMeasurePrice>3.19</UnitOfMeasurePrice>
      <AllowDiscount>1</AllowDiscount>
      <itemStatus>1</itemStatus>
      <LastUpdateDate />
      <LastUpdateTime />
    </Product>
    <Product>
      <PriceUpdateDate>2019/05/12 09:04</PriceUpdateDate>
      <ItemCode>8714100480212</ItemCode>
      <ItemType>1</ItemType>
      <ItemName>אקס ספריי גוף יו ריפרש</ItemName>
      <ManufactureName>יוניליוור ישראל שיווק בעמ</ManufactureName>
      <ManufactureCountry />
      <ManufactureItemDescription />
      <UnitQty>י"ח</UnitQty>
      <Quantity>150</Quantity>
      <UnitMeasure>ל  מ"ל</UnitMeasure>
      <BisWeighted>0</BisWeighted>
      <QtyInPackage>1</QtyInPackage>
      <ItemPrice>14.90</ItemPrice>
      <UnitOfMeasurePrice>9.93</UnitOfMeasurePrice>
      <AllowDiscount>1</AllowDiscount>
      <itemStatus>1</itemStatus>
      <LastUpdateDate />
      <LastUpdateTime />
    </Product>
    <Product>
      <PriceUpdateDate>2019/05/12 09:04</PriceUpdateDate>
      <ItemCode>8714100481059</ItemCode>
      <ItemType>1</ItemType>
      <ItemName>אקס ספריי גוף יו קלין פרש</ItemName>
      <ManufactureName>יוניליוור ישראל שיווק בעמ</ManufactureName>
      <ManufactureCountry />
      <ManufactureItemDescription />
      <UnitQty>י"ח</UnitQty>
      <Quantity>150</Quantity>
      <UnitMeasure>ל  מ"ל</UnitMeasure>
      <BisWeighted>0</BisWeighted>
      <QtyInPackage>1</QtyInPackage>
      <ItemPrice>14.90</ItemPrice>
      <UnitOfMeasurePrice>9.93</UnitOfMeasurePrice>
      <AllowDiscount>1</AllowDiscount>
      <itemStatus>1</itemStatus>
      <LastUpdateDate />
      <LastUpdateTime />
    </Product>
    <Product>
      <PriceUpdateDate>2015/12/09 14:39</PriceUpdateDate>
      <ItemCode>8714789213033</ItemCode>
      <ItemType>1</ItemType>
      <ItemName>קולגייט 360 זוגות</ItemName>
      <ManufactureName>ש.שסטוביץ בעמ</ManufactureName>
      <ManufactureCountry />
      <ManufactureItemDescription />
      <UnitQty>י"ח</UnitQty>
      <Quantity>1</Quantity>
      <UnitMeasure />
      <BisWeighted>0</BisWeighted>
      <QtyInPackage>1</QtyInPackage>
      <ItemPrice>29.90</ItemPrice>
      <UnitOfMeasurePrice>29.90</UnitOfMeasurePrice>
      <AllowDiscount>1</AllowDiscount>
      <itemStatus>1</itemStatus>
      <LastUpdateDate />
      <LastUpdateTime />
    </Product>
    <Product>
      <PriceUpdateDate>2015/12/09 14:39</PriceUpdateDate>
      <ItemCode>8714789218465</ItemCode>
      <ItemType>1</ItemType>
      <ItemName>קולגייט 360 זוגות</ItemName>
      <ManufactureName>ש.שסטוביץ בעמ</ManufactureName>
      <ManufactureCountry />
      <ManufactureItemDescription />
      <UnitQty>י"ח</UnitQty>
      <Quantity>1</Quantity>
      <UnitMeasure />
      <BisWeighted>0</BisWeighted>
      <QtyInPackage>1</QtyInPackage>
      <ItemPrice>29.90</ItemPrice>
      <UnitOfMeasurePrice>29.90</UnitOfMeasurePrice>
      <AllowDiscount>1</AllowDiscount>
      <itemStatus>1</itemStatus>
      <LastUpdateDate />
      <LastUpdateTime />
    </Product>
    <Product>
      <PriceUpdateDate>2017/02/28 18:55</PriceUpdateDate>
      <ItemCode>8714789292939</ItemCode>
      <ItemType>1</ItemType>
      <ItemName>מברשת שיניים מקס פרש S</ItemName>
      <ManufactureName>ש.שסטוביץ בעמ</ManufactureName>
      <ManufactureCountry />
      <ManufactureItemDescription />
      <UnitQty>י"ח</UnitQty>
      <Quantity>1</Quantity>
      <UnitMeasure />
      <BisWeighted>0</BisWeighted>
      <QtyInPackage>1</QtyInPackage>
      <ItemPrice>21.90</ItemPrice>
      <UnitOfMeasurePrice>21.90</UnitOfMeasurePrice>
      <AllowDiscount>1</AllowDiscount>
      <itemStatus>1</itemStatus>
      <LastUpdateDate />
      <LastUpdateTime />
    </Product>
    <Product>
      <PriceUpdateDate>2015/12/09 14:39</PriceUpdateDate>
      <ItemCode>8714789303925</ItemCode>
      <ItemType>1</ItemType>
      <ItemName>מברשת שיניים זוג 360</ItemName>
      <ManufactureName>ש.שסטוביץ בעמ</ManufactureName>
      <ManufactureCountry />
      <ManufactureItemDescription />
      <UnitQty>י"ח</UnitQty>
      <Quantity>1</Quantity>
      <UnitMeasure />
      <BisWeighted>0</BisWeighted>
      <QtyInPackage>1</QtyInPackage>
      <ItemPrice>29.90</ItemPrice>
      <UnitOfMeasurePrice>29.90</UnitOfMeasurePrice>
      <AllowDiscount>1</AllowDiscount>
      <itemStatus>1</itemStatus>
      <LastUpdateDate />
      <LastUpdateTime />
    </Product>
    <Product>
      <PriceUpdateDate>2018/06/13 09:04</PriceUpdateDate>
      <ItemCode>8714789450315</ItemCode>
      <ItemType>1</ItemType>
      <ItemName>פלמוליב כלים שקוף לימון 1.5 ל`</ItemName>
      <ManufactureName>ש.שסטוביץ בעמ</ManufactureName>
      <ManufactureCountry />
      <ManufactureItemDescription />
      <UnitQty>י"ח</UnitQty>
      <Quantity>1.50</Quantity>
      <UnitMeasure>ליטר</UnitMeasure>
      <BisWeighted>0</BisWeighted>
      <QtyInPackage>1</QtyInPackage>
      <ItemPrice>15.90</ItemPrice>
      <UnitOfMeasurePrice>10.60</UnitOfMeasurePrice>
      <AllowDiscount>1</AllowDiscount>
      <itemStatus>1</itemStatus>
      <LastUpdateDate />
      <LastUpdateTime />
    </Product>
    <Product>
      <PriceUpdateDate>2015/12/09 14:39</PriceUpdateDate>
      <ItemCode>8714789613598</ItemCode>
      <ItemType>1</ItemType>
      <ItemName>קולגייט מברשת 360 סראונד סופט זוג</ItemName>
      <ManufactureName>ש.שסטוביץ בעמ</ManufactureName>
      <ManufactureCountry />
      <ManufactureItemDescription />
      <UnitQty>י"ח</UnitQty>
      <Quantity>1</Quantity>
      <UnitMeasure>י"ח</UnitMeasure>
      <BisWeighted>0</BisWeighted>
      <QtyInPackage>1</QtyInPackage>
      <ItemPrice>29.90</ItemPrice>
      <UnitOfMeasurePrice>29.90</UnitOfMeasurePrice>
      <AllowDiscount>1</AllowDiscount>
      <itemStatus>1</itemStatus>
      <LastUpdateDate />
      <LastUpdateTime />
    </Product>
    <Product>
      <PriceUpdateDate>2016/11/01 09:53</PriceUpdateDate>
      <ItemCode>8714789754536</ItemCode>
      <ItemType>1</ItemType>
      <ItemName>פלמוליב לכלים 750מ"ל</ItemName>
      <ManufactureName>ש.שסטוביץ בעמ</ManufactureName>
      <ManufactureCountry />
      <ManufactureItemDescription />
      <UnitQty>י"ח</UnitQty>
      <Quantity>750</Quantity>
      <UnitMeasure>ל  מ"ל</UnitMeasure>
      <BisWeighted>0</BisWeighted>
      <QtyInPackage>1</QtyInPackage>
      <ItemPrice>9.90</ItemPrice>
      <UnitOfMeasurePrice>1.32</UnitOfMeasurePrice>
      <AllowDiscount>1</AllowDiscount>
      <itemStatus>1</itemStatus>
      <LastUpdateDate />
      <LastUpdateTime />
    </Product>
    <Product>
      <PriceUpdateDate>2016/11/01 09:53</PriceUpdateDate>
      <ItemCode>8714789797786</ItemCode>
      <ItemType>1</ItemType>
      <ItemName>פלמוליב כלים GLEASE BLASTER 750מ"ל</ItemName>
      <ManufactureName>ש.שסטוביץ בעמ</ManufactureName>
      <ManufactureCountry />
      <ManufactureItemDescription />
      <UnitQty>י"ח</UnitQty>
      <Quantity>750</Quantity>
      <UnitMeasure>ל  מ"ל</UnitMeasure>
      <BisWeighted>0</BisWeighted>
      <QtyInPackage>1</QtyInPackage>
      <ItemPrice>9.90</ItemPrice>
      <UnitOfMeasurePrice>1.32</UnitOfMeasurePrice>
      <AllowDiscount>1</AllowDiscount>
      <itemStatus>1</itemStatus>
      <LastUpdateDate />
      <LastUpdateTime />
    </Product>
    <Product>
      <PriceUpdateDate>2015/11/05 08:58</PriceUpdateDate>
      <ItemCode>8714789831275</ItemCode>
      <ItemType>1</ItemType>
      <ItemName>קולגייט מברשת 360וייט זוג</ItemName>
      <ManufactureName>ש.שסטוביץ בעמ</ManufactureName>
      <ManufactureCountry />
      <ManufactureItemDescription />
      <UnitQty>י"ח</UnitQty>
      <Quantity>500</Quantity>
      <UnitMeasure>ל  מ"ל</UnitMeasure>
      <BisWeighted>0</BisWeighted>
      <QtyInPackage>1</QtyInPackage>
      <ItemPrice>29.90</ItemPrice>
      <UnitOfMeasurePrice>5.98</UnitOfMeasurePrice>
      <AllowDiscount>1</AllowDiscount>
      <itemStatus>1</itemStatus>
      <LastUpdateDate />
      <LastUpdateTime />
    </Product>
    <Product>
      <PriceUpdateDate>2014/09/08 09:41</PriceUpdateDate>
      <ItemCode>8714789834467</ItemCode>
      <ItemType>1</ItemType>
      <ItemName>פלמוליב כלים  1.5 ל`</ItemName>
      <ManufactureName>ש.שסטוביץ בעמ</ManufactureName>
      <ManufactureCountry />
      <ManufactureItemDescription />
      <UnitQty>י"ח</UnitQty>
      <Quantity>1.50</Quantity>
      <UnitMeasure>ליטר</UnitMeasure>
      <BisWeighted>0</BisWeighted>
      <QtyInPackage>1</QtyInPackage>
      <ItemPrice>15.90</ItemPrice>
      <UnitOfMeasurePrice>10.60</UnitOfMeasurePrice>
      <AllowDiscount>1</AllowDiscount>
      <itemStatus>1</itemStatus>
      <LastUpdateDate />
      <LastUpdateTime />
    </Product>
    <Product>
      <PriceUpdateDate>2015/03/11 11:51</PriceUpdateDate>
      <ItemCode>8714789855929</ItemCode>
      <ItemType>1</ItemType>
      <ItemName>קולגייט טוטל פרו גם 75 מייל</ItemName>
      <ManufactureName>ש.שסטוביץ בעמ</ManufactureName>
      <ManufactureCountry />
      <ManufactureItemDescription />
      <UnitQty>י"ח</UnitQty>
      <Quantity>75</Quantity>
      <UnitMeasure>ל  מ"ל</UnitMeasure>
      <BisWeighted>0</BisWeighted>
      <QtyInPackage>1</QtyInPackage>
      <ItemPrice>19.90</ItemPrice>
      <UnitOfMeasurePrice>26.53</UnitOfMeasurePrice>
      <AllowDiscount>1</AllowDiscount>
      <itemStatus>1</itemStatus>
      <LastUpdateDate />
      <LastUpdateTime />
    </Product>
    <Product>
      <PriceUpdateDate>2017/11/13 08:32</PriceUpdateDate>
      <ItemCode>8715700110141</ItemCode>
      <ItemType>1</ItemType>
      <ItemName>מיונז היינץ 460 גרם צנצנת</ItemName>
      <ManufactureName>דיפלומט בעמ</ManufactureName>
      <ManufactureCountry />
      <ManufactureItemDescription />
      <UnitQty>י"ח</UnitQty>
      <Quantity>460</Quantity>
      <UnitMeasure>ל  גרם</UnitMeasure>
      <BisWeighted>0</BisWeighted>
      <QtyInPackage>1</QtyInPackage>
      <ItemPrice>11.90</ItemPrice>
      <UnitOfMeasurePrice>2.59</UnitOfMeasurePrice>
      <AllowDiscount>1</AllowDiscount>
      <itemStatus>1</itemStatus>
      <LastUpdateDate />
      <LastUpdateTime />
    </Product>
    <Product>
      <PriceUpdateDate>2017/11/13 08:32</PriceUpdateDate>
      <ItemCode>8715700110158</ItemCode>
      <ItemType>1</ItemType>
      <ItemName>מיונז היינץ 490 גרם לייט צנצנת</ItemName>
      <ManufactureName>דיפלומט בעמ</ManufactureName>
      <ManufactureCountry />
      <ManufactureItemDescription />
      <UnitQty>י"ח</UnitQty>
      <Quantity>490</Quantity>
      <UnitMeasure>ל  גרם</UnitMeasure>
      <BisWeighted>0</BisWeighted>
      <QtyInPackage>1</QtyInPackage>
      <ItemPrice>11.90</ItemPrice>
      <UnitOfMeasurePrice>2.43</UnitOfMeasurePrice>
      <AllowDiscount>1</AllowDiscount>
      <itemStatus>1</itemStatus>
      <LastUpdateDate />
      <LastUpdateTime />
    </Product>
    <Product>
      <PriceUpdateDate>2014/08/13 13:04</PriceUpdateDate>
      <ItemCode>8715700419732</ItemCode>
      <ItemType>1</ItemType>
      <ItemName>קטשופ היינץ 700ג</ItemName>
      <ManufactureName>דיפלומט בעמ</ManufactureName>
      <ManufactureCountry />
      <ManufactureItemDescription />
      <UnitQty>י"ח</UnitQty>
      <Quantity>700</Quantity>
      <UnitMeasure>ל  גרם</UnitMeasure>
      <BisWeighted>0</BisWeighted>
      <QtyInPackage>1</QtyInPackage>
      <ItemPrice>12.90</ItemPrice>
      <UnitOfMeasurePrice>1.84</UnitOfMeasurePrice>
      <AllowDiscount>1</AllowDiscount>
      <itemStatus>1</itemStatus>
      <LastUpdateDate />
      <LastUpdateTime />
    </Product>
    <Product>
      <PriceUpdateDate>2018/03/11 09:07</PriceUpdateDate>
      <ItemCode>8715700423906</ItemCode>
      <ItemType>1</ItemType>
      <ItemName>מתבל עגבניות  היינץ  555גר</ItemName>
      <ManufactureName>דיפלומט בעמ</ManufactureName>
      <ManufactureCountry />
      <ManufactureItemDescription />
      <UnitQty>י"ח</UnitQty>
      <Quantity>555</Quantity>
      <UnitMeasure>ל  גרם</UnitMeasure>
      <BisWeighted>0</BisWeighted>
      <QtyInPackage>1</QtyInPackage>
      <ItemPrice>11.90</ItemPrice>
      <UnitOfMeasurePrice>2.14</UnitOfMeasurePrice>
      <AllowDiscount>1</AllowDiscount>
      <itemStatus>1</itemStatus>
      <LastUpdateDate />
      <LastUpdateTime />
    </Product>
    <Product>
      <PriceUpdateDate>2020/01/08 14:24</PriceUpdateDate>
      <ItemCode>8717163640692</ItemCode>
      <ItemType>1</ItemType>
      <ItemName>אקס בודי ספריי גוף בלאק  200מ"ל</ItemName>
      <ManufactureName>יוניליוור ישראל שיווק בעמ</ManufactureName>
      <ManufactureCountry />
      <ManufactureItemDescription />
      <UnitQty>י"ח</UnitQty>
      <Quantity>200</Quantity>
      <UnitMeasure>ל  מ"ל</UnitMeasure>
      <BisWeighted>0</BisWeighted>
      <QtyInPackage>1</QtyInPackage>
      <ItemPrice>14.90</ItemPrice>
      <UnitOfMeasurePrice>7.45</UnitOfMeasurePrice>
      <AllowDiscount>1</AllowDiscount>
      <itemStatus>1</itemStatus>
      <LastUpdateDate />
      <LastUpdateTime />
    </Product>
    <Product>
      <PriceUpdateDate>2020/01/08 14:24</PriceUpdateDate>
      <ItemCode>8717163640708</ItemCode>
      <ItemType>1</ItemType>
      <ItemName>אקס בודי ספריי גוף שוקולד  200מ"ל</ItemName>
      <ManufactureName>יוניליוור ישראל שיווק בעמ</ManufactureName>
      <ManufactureCountry />
      <ManufactureItemDescription />
      <UnitQty>י"ח</UnitQty>
      <Quantity>200</Quantity>
      <UnitMeasure>ל  מ"ל</UnitMeasure>
      <BisWeighted>0</BisWeighted>
      <QtyInPackage>1</QtyInPackage>
      <ItemPrice>14.90</ItemPrice>
      <UnitOfMeasurePrice>7.45</UnitOfMeasurePrice>
      <AllowDiscount>1</AllowDiscount>
      <itemStatus>1</itemStatus>
      <LastUpdateDate />
      <LastUpdateTime />
    </Product>
    <Product>
      <PriceUpdateDate>2020/01/08 14:24</PriceUpdateDate>
      <ItemCode>8717163640715</ItemCode>
      <ItemType>1</ItemType>
      <ItemName>אקס בודי ספריי גוף גולד  200מ"ל</ItemName>
      <ManufactureName>יוניליוור ישראל שיווק בעמ</ManufactureName>
      <ManufactureCountry />
      <ManufactureItemDescription />
      <UnitQty>י"ח</UnitQty>
      <Quantity>200</Quantity>
      <UnitMeasure>ל  מ"ל</UnitMeasure>
      <BisWeighted>0</BisWeighted>
      <QtyInPackage>1</QtyInPackage>
      <ItemPrice>14.90</ItemPrice>
      <UnitOfMeasurePrice>7.45</UnitOfMeasurePrice>
      <AllowDiscount>1</AllowDiscount>
      <itemStatus>1</itemStatus>
      <LastUpdateDate />
      <LastUpdateTime />
    </Product>
    <Product>
      <PriceUpdateDate>2019/04/22 08:08</PriceUpdateDate>
      <ItemCode>8717163647196</ItemCode>
      <ItemType>1</ItemType>
      <ItemName>אקס דאו אנרכי בנות 150מ"ל</ItemName>
      <ManufactureName>יוניליוור ישראל שיווק בעמ</ManufactureName>
      <ManufactureCountry />
      <ManufactureItemDescription />
      <UnitQty>י"ח</UnitQty>
      <Quantity>150</Quantity>
      <UnitMeasure>ל  מ"ל</UnitMeasure>
      <BisWeighted>0</BisWeighted>
      <QtyInPackage>1</QtyInPackage>
      <ItemPrice>14.90</ItemPrice>
      <UnitOfMeasurePrice>9.93</UnitOfMeasurePrice>
      <AllowDiscount>1</AllowDiscount>
      <itemStatus>1</itemStatus>
      <LastUpdateDate />
      <LastUpdateTime />
    </Product>
    <Product>
      <PriceUpdateDate>2019/12/27 08:44</PriceUpdateDate>
      <ItemCode>8717163647202</ItemCode>
      <ItemType>1</ItemType>
      <ItemName>אקס בודי ספריי גברים</ItemName>
      <ManufactureName>יוניליוור ישראל שיווק בעמ</ManufactureName>
      <ManufactureCountry />
      <ManufactureItemDescription />
      <UnitQty>י"ח</UnitQty>
      <Quantity>150</Quantity>
      <UnitMeasure>ל  מ"ל</UnitMeasure>
      <BisWeighted>0</BisWeighted>
      <QtyInPackage>1</QtyInPackage>
      <ItemPrice>12.90</ItemPrice>
      <UnitOfMeasurePrice>8.60</UnitOfMeasurePrice>
      <AllowDiscount>1</AllowDiscount>
      <itemStatus>1</itemStatus>
      <LastUpdateDate />
      <LastUpdateTime />
    </Product>
    <Product>
      <PriceUpdateDate>2019/12/27 08:44</PriceUpdateDate>
      <ItemCode>8717163647219</ItemCode>
      <ItemType>1</ItemType>
      <ItemName>אקס בודי ספריי אפולו לגבר 150מ"ל</ItemName>
      <ManufactureName>יוניליוור ישראל שיווק בעמ</ManufactureName>
      <ManufactureCountry />
      <ManufactureItemDescription />
      <UnitQty>י"ח</UnitQty>
      <Quantity>150</Quantity>
      <UnitMeasure>ל  מ"ל</UnitMeasure>
      <BisWeighted>0</BisWeighted>
      <QtyInPackage>1</QtyInPackage>
      <ItemPrice>12.90</ItemPrice>
      <UnitOfMeasurePrice>8.60</UnitOfMeasurePrice>
      <AllowDiscount>1</AllowDiscount>
      <itemStatus>1</itemStatus>
      <LastUpdateDate />
      <LastUpdateTime />
    </Product>
    <Product>
      <PriceUpdateDate>2019/12/27 08:44</PriceUpdateDate>
      <ItemCode>8717163647226</ItemCode>
      <ItemType>1</ItemType>
      <ItemName>אקס בודי ספריי בלק 150מ"ל</ItemName>
      <ManufactureName>יוניליוור ישראל שיווק בעמ</ManufactureName>
      <ManufactureCountry />
      <ManufactureItemDescription />
      <UnitQty>י"ח</UnitQty>
      <Quantity>150</Quantity>
      <UnitMeasure>ל  מ"ל</UnitMeasure>
      <BisWeighted>0</BisWeighted>
      <QtyInPackage>1</QtyInPackage>
      <ItemPrice>12.90</ItemPrice>
      <UnitOfMeasurePrice>8.60</UnitOfMeasurePrice>
      <AllowDiscount>1</AllowDiscount>
      <itemStatus>1</itemStatus>
      <LastUpdateDate />
      <LastUpdateTime />
    </Product>
    <Product>
      <PriceUpdateDate>2019/12/27 08:44</PriceUpdateDate>
      <ItemCode>8717163647233</ItemCode>
      <ItemType>1</ItemType>
      <ItemName>אקס דאו בודי ספריי בלאק נייט  150מ"ל</ItemName>
      <ManufactureName>יוניליוור ישראל שיווק בעמ</ManufactureName>
      <ManufactureCountry />
      <ManufactureItemDescription />
      <UnitQty>י"ח</UnitQty>
      <Quantity>150</Quantity>
      <UnitMeasure>ל  מ"ל</UnitMeasure>
      <BisWeighted>0</BisWeighted>
      <QtyInPackage>1</QtyInPackage>
      <ItemPrice>12.90</ItemPrice>
      <UnitOfMeasurePrice>8.60</UnitOfMeasurePrice>
      <AllowDiscount>1</AllowDiscount>
      <itemStatus>1</itemStatus>
      <LastUpdateDate />
      <LastUpdateTime />
    </Product>
    <Product>
      <PriceUpdateDate>2019/12/27 08:44</PriceUpdateDate>
      <ItemCode>8717163647240</ItemCode>
      <ItemType>1</ItemType>
      <ItemName>דאו`ספריי אקס שוק 150 מ``ל</ItemName>
      <ManufactureName>יוניליוור ישראל שיווק בעמ</ManufactureName>
      <ManufactureCountry />
      <ManufactureItemDescription />
      <UnitQty>י"ח</UnitQty>
      <Quantity>150</Quantity>
      <UnitMeasure>ל  מ"ל</UnitMeasure>
      <BisWeighted>0</BisWeighted>
      <QtyInPackage>1</QtyInPackage>
      <ItemPrice>12.90</ItemPrice>
      <UnitOfMeasurePrice>8.60</UnitOfMeasurePrice>
      <AllowDiscount>1</AllowDiscount>
      <itemStatus>1</itemStatus>
      <LastUpdateDate />
      <LastUpdateTime />
    </Product>
    <Product>
      <PriceUpdateDate>2019/12/27 08:44</PriceUpdateDate>
      <ItemCode>8717163647257</ItemCode>
      <ItemType>1</ItemType>
      <ItemName>אקס דאו ספריי גוף גולד 150מ"ל</ItemName>
      <ManufactureName>יוניליוור ישראל שיווק בעמ</ManufactureName>
      <ManufactureCountry />
      <ManufactureItemDescription />
      <UnitQty>י"ח</UnitQty>
      <Quantity>150</Quantity>
      <UnitMeasure>ל  מ"ל</UnitMeasure>
      <BisWeighted>0</BisWeighted>
      <QtyInPackage>1</QtyInPackage>
      <ItemPrice>12.90</ItemPrice>
      <UnitOfMeasurePrice>8.60</UnitOfMeasurePrice>
      <AllowDiscount>1</AllowDiscount>
      <itemStatus>1</itemStatus>
      <LastUpdateDate />
      <LastUpdateTime />
    </Product>
    <Product>
      <PriceUpdateDate>2019/12/27 08:44</PriceUpdateDate>
      <ItemCode>8717163647264</ItemCode>
      <ItemType>1</ItemType>
      <ItemName>אקס בודי ספריי בלק 150מ"ל</ItemName>
      <ManufactureName>יוניליוור ישראל שיווק בעמ</ManufactureName>
      <ManufactureCountry />
      <ManufactureItemDescription />
      <UnitQty>י"ח</UnitQty>
      <Quantity>150</Quantity>
      <UnitMeasure>ל  מ"ל</UnitMeasure>
      <BisWeighted>0</BisWeighted>
      <QtyInPackage>1</QtyInPackage>
      <ItemPrice>12.90</ItemPrice>
      <UnitOfMeasurePrice>8.60</UnitOfMeasurePrice>
      <AllowDiscount>1</AllowDiscount>
      <itemStatus>1</itemStatus>
      <LastUpdateDate />
      <LastUpdateTime />
    </Product>
    <Product>
      <PriceUpdateDate>2019/12/27 08:44</PriceUpdateDate>
      <ItemCode>8717163647271</ItemCode>
      <ItemType>1</ItemType>
      <ItemName>אקס ספריי גוף לגבר קוליז ן 150מ"ל</ItemName>
      <ManufactureName>יוניליוור ישראל שיווק בעמ</ManufactureName>
      <ManufactureCountry />
      <ManufactureItemDescription />
      <UnitQty>י"ח</UnitQty>
      <Quantity>150</Quantity>
      <UnitMeasure>ל  מ"ל</UnitMeasure>
      <BisWeighted>0</BisWeighted>
      <QtyInPackage>1</QtyInPackage>
      <ItemPrice>12.90</ItemPrice>
      <UnitOfMeasurePrice>8.60</UnitOfMeasurePrice>
      <AllowDiscount>1</AllowDiscount>
      <itemStatus>1</itemStatus>
      <LastUpdateDate />
      <LastUpdateTime />
    </Product>
    <Product>
      <PriceUpdateDate>2019/12/27 08:44</PriceUpdateDate>
      <ItemCode>8717163647295</ItemCode>
      <ItemType>1</ItemType>
      <ItemName>אקס ספריי אדרנלין 150מ"ל</ItemName>
      <ManufactureName>יוניליוור ישראל שיווק בעמ</ManufactureName>
      <ManufactureCountry />
      <ManufactureItemDescription />
      <UnitQty>י"ח</UnitQty>
      <Quantity>150</Quantity>
      <UnitMeasure>ל  מ"ל</UnitMeasure>
      <BisWeighted>0</BisWeighted>
      <QtyInPackage>1</QtyInPackage>
      <ItemPrice>12.90</ItemPrice>
      <UnitOfMeasurePrice>8.60</UnitOfMeasurePrice>
      <AllowDiscount>1</AllowDiscount>
      <itemStatus>1</itemStatus>
      <LastUpdateDate />
      <LastUpdateTime />
    </Product>
    <Product>
      <PriceUpdateDate>2019/12/27 08:44</PriceUpdateDate>
      <ItemCode>8717163647301</ItemCode>
      <ItemType>1</ItemType>
      <ItemName>אקס ספריי גוף גולד 150מ"ל</ItemName>
      <ManufactureName>יוניליוור ישראל שיווק בעמ</ManufactureName>
      <ManufactureCountry />
      <ManufactureItemDescription />
      <UnitQty>י"ח</UnitQty>
      <Quantity>150</Quantity>
      <UnitMeasure>ל  מ"ל</UnitMeasure>
      <BisWeighted>0</BisWeighted>
      <QtyInPackage>1</QtyInPackage>
      <ItemPrice>12.90</ItemPrice>
      <UnitOfMeasurePrice>8.60</UnitOfMeasurePrice>
      <AllowDiscount>1</AllowDiscount>
      <itemStatus>1</itemStatus>
      <LastUpdateDate />
      <LastUpdateTime />
    </Product>
    <Product>
      <PriceUpdateDate>2019/12/27 08:44</PriceUpdateDate>
      <ItemCode>8717163647318</ItemCode>
      <ItemType>1</ItemType>
      <ItemName>אקס ספריי אורבן</ItemName>
      <ManufactureName>יוניליוור ישראל שיווק בעמ</ManufactureName>
      <ManufactureCountry />
      <ManufactureItemDescription />
      <UnitQty>י"ח</UnitQty>
      <Quantity>1</Quantity>
      <UnitMeasure>י"ח</UnitMeasure>
      <BisWeighted>0</BisWeighted>
      <QtyInPackage>1</QtyInPackage>
      <ItemPrice>12.90</ItemPrice>
      <UnitOfMeasurePrice>12.90</UnitOfMeasurePrice>
      <AllowDiscount>1</AllowDiscount>
      <itemStatus>1</itemStatus>
      <LastUpdateDate />
      <LastUpdateTime />
    </Product>
    <Product>
      <PriceUpdateDate>2019/12/27 08:44</PriceUpdateDate>
      <ItemCode>8717163655757</ItemCode>
      <ItemType>1</ItemType>
      <ItemName>רקסונה ספריי נשים  150מ"ל</ItemName>
      <ManufactureName>יוניליוור ישראל שיווק בעמ</ManufactureName>
      <ManufactureCountry />
      <ManufactureItemDescription />
      <UnitQty>י"ח</UnitQty>
      <Quantity>150</Quantity>
      <UnitMeasure>ל  מ"ל</UnitMeasure>
      <BisWeighted>0</BisWeighted>
      <QtyInPackage>1</QtyInPackage>
      <ItemPrice>17.70</ItemPrice>
      <UnitOfMeasurePrice>11.80</UnitOfMeasurePrice>
      <AllowDiscount>1</AllowDiscount>
      <itemStatus>1</itemStatus>
      <LastUpdateDate />
      <LastUpdateTime />
    </Product>
    <Product>
      <PriceUpdateDate>2019/12/27 08:44</PriceUpdateDate>
      <ItemCode>8717163655764</ItemCode>
      <ItemType>1</ItemType>
      <ItemName>רקסונה ספריי פרש 150מ"ל</ItemName>
      <ManufactureName>יוניליוור ישראל שיווק בעמ</ManufactureName>
      <ManufactureCountry />
      <ManufactureItemDescription />
      <UnitQty>י"ח</UnitQty>
      <Quantity>150</Quantity>
      <UnitMeasure>ל  מ"ל</UnitMeasure>
      <BisWeighted>0</BisWeighted>
      <QtyInPackage>1</QtyInPackage>
      <ItemPrice>17.70</ItemPrice>
      <UnitOfMeasurePrice>11.80</UnitOfMeasurePrice>
      <AllowDiscount>1</AllowDiscount>
      <itemStatus>1</itemStatus>
      <LastUpdateDate />
      <LastUpdateTime />
    </Product>
    <Product>
      <PriceUpdateDate>2019/12/27 08:44</PriceUpdateDate>
      <ItemCode>8717163655825</ItemCode>
      <ItemType>1</ItemType>
      <ItemName>רקסונה ספריי נשים  כותנה 150מ"ל</ItemName>
      <ManufactureName>יוניליוור ישראל שיווק בעמ</ManufactureName>
      <ManufactureCountry />
      <ManufactureItemDescription />
      <UnitQty>י"ח</UnitQty>
      <Quantity>150</Quantity>
      <UnitMeasure>ל  מ"ל</UnitMeasure>
      <BisWeighted>0</BisWeighted>
      <QtyInPackage>1</QtyInPackage>
      <ItemPrice>17.70</ItemPrice>
      <UnitOfMeasurePrice>11.80</UnitOfMeasurePrice>
      <AllowDiscount>1</AllowDiscount>
      <itemStatus>1</itemStatus>
      <LastUpdateDate />
      <LastUpdateTime />
    </Product>
    <Product>
      <PriceUpdateDate>2019/12/27 08:44</PriceUpdateDate>
      <ItemCode>8717163663493</ItemCode>
      <ItemType>1</ItemType>
      <ItemName>רקסונה ספריי מן קובלט דריי</ItemName>
      <ManufactureName>יוניליוור ישראל שיווק בעמ</ManufactureName>
      <ManufactureCountry />
      <ManufactureItemDescription />
      <UnitQty>י"ח</UnitQty>
      <Quantity>1</Quantity>
      <UnitMeasure>י"ח</UnitMeasure>
      <BisWeighted>0</BisWeighted>
      <QtyInPackage>1</QtyInPackage>
      <ItemPrice>17.70</ItemPrice>
      <UnitOfMeasurePrice>17.70</UnitOfMeasurePrice>
      <AllowDiscount>1</AllowDiscount>
      <itemStatus>1</itemStatus>
      <LastUpdateDate />
      <LastUpdateTime />
    </Product>
    <Product>
      <PriceUpdateDate>2020/03/12 08:30</PriceUpdateDate>
      <ItemCode>8717163663516</ItemCode>
      <ItemType>1</ItemType>
      <ItemName>רקסונה ספריי מן אינביזבל</ItemName>
      <ManufactureName>יוניליוור ישראל שיווק בעמ</ManufactureName>
      <ManufactureCountry />
      <ManufactureItemDescription />
      <UnitQty>י"ח</UnitQty>
      <Quantity>1</Quantity>
      <UnitMeasure>י"ח</UnitMeasure>
      <BisWeighted>0</BisWeighted>
      <QtyInPackage>1</QtyInPackage>
      <ItemPrice>11.90</ItemPrice>
      <UnitOfMeasurePrice>11.90</UnitOfMeasurePrice>
      <AllowDiscount>1</AllowDiscount>
      <itemStatus>1</itemStatus>
      <LastUpdateDate />
      <LastUpdateTime />
    </Product>
    <Product>
      <PriceUpdateDate>2019/12/27 08:44</PriceUpdateDate>
      <ItemCode>8717163666753</ItemCode>
      <ItemType>1</ItemType>
      <ItemName>אקס דאו ספריי לגבר גולד 150מ"ל</ItemName>
      <ManufactureName>יוניליוור ישראל שיווק בעמ</ManufactureName>
      <ManufactureCountry />
      <ManufactureItemDescription />
      <UnitQty>י"ח</UnitQty>
      <Quantity>150</Quantity>
      <UnitMeasure>ל  מ"ל</UnitMeasure>
      <BisWeighted>0</BisWeighted>
      <QtyInPackage>1</QtyInPackage>
      <ItemPrice>12.90</ItemPrice>
      <UnitOfMeasurePrice>8.60</UnitOfMeasurePrice>
      <AllowDiscount>1</AllowDiscount>
      <itemStatus>1</itemStatus>
      <LastUpdateDate />
      <LastUpdateTime />
    </Product>
    <Product>
      <PriceUpdateDate>2020/01/05 14:36</PriceUpdateDate>
      <ItemCode>8717163705988</ItemCode>
      <ItemType>1</ItemType>
      <ItemName>רקסונה ספריי נשים אלוורה  150מ"ל</ItemName>
      <ManufactureName>יוניליוור ישראל שיווק בעמ</ManufactureName>
      <ManufactureCountry />
      <ManufactureItemDescription />
      <UnitQty>י"ח</UnitQty>
      <Quantity>150</Quantity>
      <UnitMeasure>ל  מ"ל</UnitMeasure>
      <BisWeighted>0</BisWeighted>
      <QtyInPackage>1</QtyInPackage>
      <ItemPrice>11.90</ItemPrice>
      <UnitOfMeasurePrice>7.93</UnitOfMeasurePrice>
      <AllowDiscount>1</AllowDiscount>
      <itemStatus>1</itemStatus>
      <LastUpdateDate />
      <LastUpdateTime />
    </Product>
    <Product>
      <PriceUpdateDate>2019/11/22 08:25</PriceUpdateDate>
      <ItemCode>8717163709405</ItemCode>
      <ItemType>1</ItemType>
      <ItemName>רקסונה ספריי נשים סטיי פרש בלו  150מ"ל</ItemName>
      <ManufactureName>יוניליוור ישראל שיווק בעמ</ManufactureName>
      <ManufactureCountry />
      <ManufactureItemDescription />
      <UnitQty>י"ח</UnitQty>
      <Quantity>150</Quantity>
      <UnitMeasure>ל  מ"ל</UnitMeasure>
      <BisWeighted>0</BisWeighted>
      <QtyInPackage>1</QtyInPackage>
      <ItemPrice>11.90</ItemPrice>
      <UnitOfMeasurePrice>7.93</UnitOfMeasurePrice>
      <AllowDiscount>1</AllowDiscount>
      <itemStatus>1</itemStatus>
      <LastUpdateDate />
      <LastUpdateTime />
    </Product>
    <Product>
      <PriceUpdateDate>2019/11/22 08:25</PriceUpdateDate>
      <ItemCode>8717163709412</ItemCode>
      <ItemType>1</ItemType>
      <ItemName>רקסונה ספריי נשים סטיי פרש לחצ`י  150מ"ל</ItemName>
      <ManufactureName>יוניליוור ישראל שיווק בעמ</ManufactureName>
      <ManufactureCountry />
      <ManufactureItemDescription />
      <UnitQty>י"ח</UnitQty>
      <Quantity>150</Quantity>
      <UnitMeasure>ל  מ"ל</UnitMeasure>
      <BisWeighted>0</BisWeighted>
      <QtyInPackage>1</QtyInPackage>
      <ItemPrice>11.90</ItemPrice>
      <UnitOfMeasurePrice>7.93</UnitOfMeasurePrice>
      <AllowDiscount>1</AllowDiscount>
      <itemStatus>1</itemStatus>
      <LastUpdateDate />
      <LastUpdateTime />
    </Product>
    <Product>
      <PriceUpdateDate>2019/12/27 08:44</PriceUpdateDate>
      <ItemCode>8717163711668</ItemCode>
      <ItemType>1</ItemType>
      <ItemName>רקסונה ספריי נשים טלק  150מ"ל</ItemName>
      <ManufactureName>יוניליוור ישראל שיווק בעמ</ManufactureName>
      <ManufactureCountry />
      <ManufactureItemDescription />
      <UnitQty>י"ח</UnitQty>
      <Quantity>150</Quantity>
      <UnitMeasure>ל  מ"ל</UnitMeasure>
      <BisWeighted>0</BisWeighted>
      <QtyInPackage>1</QtyInPackage>
      <ItemPrice>17.70</ItemPrice>
      <UnitOfMeasurePrice>11.80</UnitOfMeasurePrice>
      <AllowDiscount>1</AllowDiscount>
      <itemStatus>1</itemStatus>
      <LastUpdateDate />
      <LastUpdateTime />
    </Product>
    <Product>
      <PriceUpdateDate>2020/02/06 13:06</PriceUpdateDate>
      <ItemCode>8717163714850</ItemCode>
      <ItemType>1</ItemType>
      <ItemName>דאב דאו  ספריי 150מ"ל</ItemName>
      <ManufactureName>יוניליוור ישראל שיווק בעמ</ManufactureName>
      <ManufactureCountry />
      <ManufactureItemDescription />
      <UnitQty>י"ח</UnitQty>
      <Quantity>90</Quantity>
      <UnitMeasure>ל  מ"ל</UnitMeasure>
      <BisWeighted>0</BisWeighted>
      <QtyInPackage>1</QtyInPackage>
      <ItemPrice>15.90</ItemPrice>
      <UnitOfMeasurePrice>17.67</UnitOfMeasurePrice>
      <AllowDiscount>1</AllowDiscount>
      <itemStatus>1</itemStatus>
      <LastUpdateDate />
      <LastUpdateTime />
    </Product>
    <Product>
      <PriceUpdateDate>2020/02/06 13:06</PriceUpdateDate>
      <ItemCode>8717163714898</ItemCode>
      <ItemType>1</ItemType>
      <ItemName>דאב דאו  ספריי 150מ"ל</ItemName>
      <ManufactureName>יוניליוור ישראל שיווק בעמ</ManufactureName>
      <ManufactureCountry />
      <ManufactureItemDescription />
      <UnitQty>י"ח</UnitQty>
      <Quantity>90</Quantity>
      <UnitMeasure>ל  מ"ל</UnitMeasure>
      <BisWeighted>0</BisWeighted>
      <QtyInPackage>1</QtyInPackage>
      <ItemPrice>15.90</ItemPrice>
      <UnitOfMeasurePrice>17.67</UnitOfMeasurePrice>
      <AllowDiscount>1</AllowDiscount>
      <itemStatus>1</itemStatus>
      <LastUpdateDate />
      <LastUpdateTime />
    </Product>
    <Product>
      <PriceUpdateDate>2020/03/12 08:30</PriceUpdateDate>
      <ItemCode>8717163859759</ItemCode>
      <ItemType>1</ItemType>
      <ItemName>רקסונה ספריי נשים כותנה  150מ"ל</ItemName>
      <ManufactureName>יוניליוור ישראל שיווק בעמ</ManufactureName>
      <ManufactureCountry />
      <ManufactureItemDescription />
      <UnitQty>י"ח</UnitQty>
      <Quantity>150</Quantity>
      <UnitMeasure>ל  מ"ל</UnitMeasure>
      <BisWeighted>0</BisWeighted>
      <QtyInPackage>1</QtyInPackage>
      <ItemPrice>11.90</ItemPrice>
      <UnitOfMeasurePrice>7.93</UnitOfMeasurePrice>
      <AllowDiscount>1</AllowDiscount>
      <itemStatus>1</itemStatus>
      <LastUpdateDate />
      <LastUpdateTime />
    </Product>
    <Product>
      <PriceUpdateDate>2020/03/12 08:30</PriceUpdateDate>
      <ItemCode>8717163891735</ItemCode>
      <ItemType>1</ItemType>
      <ItemName>רקסונה ספריי גברים וורקאאוט</ItemName>
      <ManufactureName>יוניליוור ישראל שיווק בעמ</ManufactureName>
      <ManufactureCountry />
      <ManufactureItemDescription />
      <UnitQty>י"ח</UnitQty>
      <Quantity>1</Quantity>
      <UnitMeasure>י"ח</UnitMeasure>
      <BisWeighted>0</BisWeighted>
      <QtyInPackage>1</QtyInPackage>
      <ItemPrice>11.90</ItemPrice>
      <UnitOfMeasurePrice>11.90</UnitOfMeasurePrice>
      <AllowDiscount>1</AllowDiscount>
      <itemStatus>1</itemStatus>
      <LastUpdateDate />
      <LastUpdateTime />
    </Product>
    <Product>
      <PriceUpdateDate>2020/03/12 08:30</PriceUpdateDate>
      <ItemCode>8717644579886</ItemCode>
      <ItemType>1</ItemType>
      <ItemName>דאב דאו  ספריי מן אקסטרה פרש</ItemName>
      <ManufactureName>יוניליוור ישראל שיווק בעמ</ManufactureName>
      <ManufactureCountry />
      <ManufactureItemDescription />
      <UnitQty>י"ח</UnitQty>
      <Quantity>175</Quantity>
      <UnitMeasure>ל  מ"ל</UnitMeasure>
      <BisWeighted>0</BisWeighted>
      <QtyInPackage>1</QtyInPackage>
      <ItemPrice>14.90</ItemPrice>
      <UnitOfMeasurePrice>8.51</UnitOfMeasurePrice>
      <AllowDiscount>1</AllowDiscount>
      <itemStatus>1</itemStatus>
      <LastUpdateDate />
      <LastUpdateTime />
    </Product>
    <Product>
      <PriceUpdateDate>2019/12/27 08:44</PriceUpdateDate>
      <ItemCode>8717644585085</ItemCode>
      <ItemType>1</ItemType>
      <ItemName>רקסונה ספריי נשים   150מ"ל</ItemName>
      <ManufactureName>יוניליוור ישראל שיווק בעמ</ManufactureName>
      <ManufactureCountry />
      <ManufactureItemDescription />
      <UnitQty>י"ח</UnitQty>
      <Quantity>150</Quantity>
      <UnitMeasure>ל  מ"ל</UnitMeasure>
      <BisWeighted>0</BisWeighted>
      <QtyInPackage>1</QtyInPackage>
      <ItemPrice>17.70</ItemPrice>
      <UnitOfMeasurePrice>11.80</UnitOfMeasurePrice>
      <AllowDiscount>1</AllowDiscount>
      <itemStatus>1</itemStatus>
      <LastUpdateDate />
      <LastUpdateTime />
    </Product>
    <Product>
      <PriceUpdateDate>2016/05/27 09:34</PriceUpdateDate>
      <ItemCode>8718114734484</ItemCode>
      <ItemType>1</ItemType>
      <ItemName>מיונז מיילי 320גרם</ItemName>
      <ManufactureName>נטו מלינדה סחר בעמ</ManufactureName>
      <ManufactureCountry />
      <ManufactureItemDescription />
      <UnitQty>י"ח</UnitQty>
      <Quantity>320</Quantity>
      <UnitMeasure>ל  גרם</UnitMeasure>
      <BisWeighted>0</BisWeighted>
      <QtyInPackage>1</QtyInPackage>
      <ItemPrice>14.90</ItemPrice>
      <UnitOfMeasurePrice>4.66</UnitOfMeasurePrice>
      <AllowDiscount>1</AllowDiscount>
      <itemStatus>1</itemStatus>
      <LastUpdateDate />
      <LastUpdateTime />
    </Product>
    <Product>
      <PriceUpdateDate>2016/11/01 09:53</PriceUpdateDate>
      <ItemCode>8718951059610</ItemCode>
      <ItemType>1</ItemType>
      <ItemName>פלמוליב נוזל לניקוי כלים 750 מ"ל ספרינ</ItemName>
      <ManufactureName>ש.שסטוביץ בעמ</ManufactureName>
      <ManufactureCountry />
      <ManufactureItemDescription />
      <UnitQty>י"ח</UnitQty>
      <Quantity>750</Quantity>
      <UnitMeasure>ל  מ"ל</UnitMeasure>
      <BisWeighted>0</BisWeighted>
      <QtyInPackage>1</QtyInPackage>
      <ItemPrice>9.90</ItemPrice>
      <UnitOfMeasurePrice>1.32</UnitOfMeasurePrice>
      <AllowDiscount>1</AllowDiscount>
      <itemStatus>1</itemStatus>
      <LastUpdateDate />
      <LastUpdateTime />
    </Product>
    <Product>
      <PriceUpdateDate>2019/02/04 09:07</PriceUpdateDate>
      <ItemCode>8718951093331</ItemCode>
      <ItemType>1</ItemType>
      <ItemName>מרידול מברשת שיניים זוג</ItemName>
      <ManufactureName>ש.שסטוביץ בעמ</ManufactureName>
      <ManufactureCountry />
      <ManufactureItemDescription />
      <UnitQty>י"ח</UnitQty>
      <Quantity>1</Quantity>
      <UnitMeasure />
      <BisWeighted>0</BisWeighted>
      <QtyInPackage>1</QtyInPackage>
      <ItemPrice>32.90</ItemPrice>
      <UnitOfMeasurePrice>32.90</UnitOfMeasurePrice>
      <AllowDiscount>1</AllowDiscount>
      <itemStatus>1</itemStatus>
      <LastUpdateDate />
      <LastUpdateTime />
    </Product>
    <Product>
      <PriceUpdateDate>2019/06/02 10:01</PriceUpdateDate>
      <ItemCode>8718951100855</ItemCode>
      <ItemType>1</ItemType>
      <ItemName>קולגייט מקס אינטנס פואם 125מ"ל.</ItemName>
      <ManufactureName>ש.שסטוביץ בעמ</ManufactureName>
      <ManufactureCountry />
      <ManufactureItemDescription />
      <UnitQty>י"ח</UnitQty>
      <Quantity>125</Quantity>
      <UnitMeasure>ל  מ"ל</UnitMeasure>
      <BisWeighted>0</BisWeighted>
      <QtyInPackage>1</QtyInPackage>
      <ItemPrice>21.90</ItemPrice>
      <UnitOfMeasurePrice>17.52</UnitOfMeasurePrice>
      <AllowDiscount>1</AllowDiscount>
      <itemStatus>1</itemStatus>
      <LastUpdateDate />
      <LastUpdateTime />
    </Product>
    <Product>
      <PriceUpdateDate>2020/04/05 09:35</PriceUpdateDate>
      <ItemCode>8718951144064</ItemCode>
      <ItemType>1</ItemType>
      <ItemName>מרידול מברשת שיניים זוג פרדונט אקספרט.</ItemName>
      <ManufactureName>ש.שסטוביץ בעמ</ManufactureName>
      <ManufactureCountry />
      <ManufactureItemDescription />
      <UnitQty>י"ח</UnitQty>
      <Quantity>1</Quantity>
      <UnitMeasure />
      <BisWeighted>0</BisWeighted>
      <QtyInPackage>1</QtyInPackage>
      <ItemPrice>32.90</ItemPrice>
      <UnitOfMeasurePrice>32.90</UnitOfMeasurePrice>
      <AllowDiscount>1</AllowDiscount>
      <itemStatus>1</itemStatus>
      <LastUpdateDate />
      <LastUpdateTime />
    </Product>
    <Product>
      <PriceUpdateDate>2020/01/14 09:59</PriceUpdateDate>
      <ItemCode>8718951148536</ItemCode>
      <ItemType>1</ItemType>
      <ItemName>קולגייט מי פה פלאקס ורוד 500מ"ל</ItemName>
      <ManufactureName>ש.שסטוביץ בעמ</ManufactureName>
      <ManufactureCountry />
      <ManufactureItemDescription />
      <UnitQty>י"ח</UnitQty>
      <Quantity>500</Quantity>
      <UnitMeasure>ל  מ"ל</UnitMeasure>
      <BisWeighted>0</BisWeighted>
      <QtyInPackage>1</QtyInPackage>
      <ItemPrice>29.90</ItemPrice>
      <UnitOfMeasurePrice>5.98</UnitOfMeasurePrice>
      <AllowDiscount>1</AllowDiscount>
      <itemStatus>1</itemStatus>
      <LastUpdateDate />
      <LastUpdateTime />
    </Product>
    <Product>
      <PriceUpdateDate>2017/07/13 10:15</PriceUpdateDate>
      <ItemCode>8718951159808</ItemCode>
      <ItemType>1</ItemType>
      <ItemName>מברשת שיניים קולגייט 360 שלישייה</ItemName>
      <ManufactureName>ש.שסטוביץ בעמ</ManufactureName>
      <ManufactureCountry />
      <ManufactureItemDescription />
      <UnitQty>י"ח</UnitQty>
      <Quantity>1</Quantity>
      <UnitMeasure />
      <BisWeighted>0</BisWeighted>
      <QtyInPackage>1</QtyInPackage>
      <ItemPrice>34.90</ItemPrice>
      <UnitOfMeasurePrice>34.90</UnitOfMeasurePrice>
      <AllowDiscount>1</AllowDiscount>
      <itemStatus>1</itemStatus>
      <LastUpdateDate />
      <LastUpdateTime />
    </Product>
    <Product>
      <PriceUpdateDate>2018/11/20 07:48</PriceUpdateDate>
      <ItemCode>8718951166288</ItemCode>
      <ItemType>1</ItemType>
      <ItemName>קולגייט מקס וייט 125מ"ל</ItemName>
      <ManufactureName>ש.שסטוביץ בעמ</ManufactureName>
      <ManufactureCountry />
      <ManufactureItemDescription />
      <UnitQty>י"ח</UnitQty>
      <Quantity>125</Quantity>
      <UnitMeasure>ל  מ"ל</UnitMeasure>
      <BisWeighted>0</BisWeighted>
      <QtyInPackage>1</QtyInPackage>
      <ItemPrice>21.90</ItemPrice>
      <UnitOfMeasurePrice>17.52</UnitOfMeasurePrice>
      <AllowDiscount>1</AllowDiscount>
      <itemStatus>1</itemStatus>
      <LastUpdateDate />
      <LastUpdateTime />
    </Product>
    <Product>
      <PriceUpdateDate>2018/11/20 07:48</PriceUpdateDate>
      <ItemCode>8718951166561</ItemCode>
      <ItemType>1</ItemType>
      <ItemName>קולגייט מקס פרש כחול 125מ"ל</ItemName>
      <ManufactureName>ש.שסטוביץ בעמ</ManufactureName>
      <ManufactureCountry />
      <ManufactureItemDescription />
      <UnitQty>י"ח</UnitQty>
      <Quantity>125</Quantity>
      <UnitMeasure>ל  מ"ל</UnitMeasure>
      <BisWeighted>0</BisWeighted>
      <QtyInPackage>1</QtyInPackage>
      <ItemPrice>21.90</ItemPrice>
      <UnitOfMeasurePrice>17.52</UnitOfMeasurePrice>
      <AllowDiscount>1</AllowDiscount>
      <itemStatus>1</itemStatus>
      <LastUpdateDate />
      <LastUpdateTime />
    </Product>
    <Product>
      <PriceUpdateDate>2018/05/24 13:00</PriceUpdateDate>
      <ItemCode>8718951170445</ItemCode>
      <ItemType>1</ItemType>
      <ItemName>קולגייט סמיילס משחת שיניים ילדים גילאי</ItemName>
      <ManufactureName>ש.שסטוביץ בעמ</ManufactureName>
      <ManufactureCountry />
      <ManufactureItemDescription />
      <UnitQty>י"ח</UnitQty>
      <Quantity>50</Quantity>
      <UnitMeasure>ל  מ"ל</UnitMeasure>
      <BisWeighted>0</BisWeighted>
      <QtyInPackage>1</QtyInPackage>
      <ItemPrice>11.90</ItemPrice>
      <UnitOfMeasurePrice>23.80</UnitOfMeasurePrice>
      <AllowDiscount>1</AllowDiscount>
      <itemStatus>1</itemStatus>
      <LastUpdateDate />
      <LastUpdateTime />
    </Product>
    <Product>
      <PriceUpdateDate>2019/01/22 11:17</PriceUpdateDate>
      <ItemCode>8718951175280</ItemCode>
      <ItemType>1</ItemType>
      <ItemName>קולגייט טוטל פרו ויזבל אקשן  75מ"ל</ItemName>
      <ManufactureName>ש.שסטוביץ בעמ</ManufactureName>
      <ManufactureCountry />
      <ManufactureItemDescription />
      <UnitQty>י"ח</UnitQty>
      <Quantity>75</Quantity>
      <UnitMeasure>ל  מ"ל</UnitMeasure>
      <BisWeighted>0</BisWeighted>
      <QtyInPackage>1</QtyInPackage>
      <ItemPrice>16.90</ItemPrice>
      <UnitOfMeasurePrice>22.53</UnitOfMeasurePrice>
      <AllowDiscount>1</AllowDiscount>
      <itemStatus>1</itemStatus>
      <LastUpdateDate />
      <LastUpdateTime />
    </Product>
    <Product>
      <PriceUpdateDate>2019/01/22 11:17</PriceUpdateDate>
      <ItemCode>8718951175631</ItemCode>
      <ItemType>1</ItemType>
      <ItemName>קולגייט טוטל פרו גאם  75מ"ל</ItemName>
      <ManufactureName>ש.שסטוביץ בעמ</ManufactureName>
      <ManufactureCountry />
      <ManufactureItemDescription />
      <UnitQty>י"ח</UnitQty>
      <Quantity>75</Quantity>
      <UnitMeasure>ל  מ"ל</UnitMeasure>
      <BisWeighted>0</BisWeighted>
      <QtyInPackage>1</QtyInPackage>
      <ItemPrice>16.90</ItemPrice>
      <UnitOfMeasurePrice>22.53</UnitOfMeasurePrice>
      <AllowDiscount>1</AllowDiscount>
      <itemStatus>1</itemStatus>
      <LastUpdateDate />
      <LastUpdateTime />
    </Product>
    <Product>
      <PriceUpdateDate>2019/01/22 11:17</PriceUpdateDate>
      <ItemCode>8718951176102</ItemCode>
      <ItemType>1</ItemType>
      <ItemName>קולגייט טוטל נשימה רעננה 75מ"ל</ItemName>
      <ManufactureName>ש.שסטוביץ בעמ</ManufactureName>
      <ManufactureCountry />
      <ManufactureItemDescription />
      <UnitQty>י"ח</UnitQty>
      <Quantity>75</Quantity>
      <UnitMeasure>ל  מ"ל</UnitMeasure>
      <BisWeighted>0</BisWeighted>
      <QtyInPackage>1</QtyInPackage>
      <ItemPrice>16.90</ItemPrice>
      <UnitOfMeasurePrice>22.53</UnitOfMeasurePrice>
      <AllowDiscount>1</AllowDiscount>
      <itemStatus>1</itemStatus>
      <LastUpdateDate />
      <LastUpdateTime />
    </Product>
    <Product>
      <PriceUpdateDate>2018/02/14 10:43</PriceUpdateDate>
      <ItemCode>8718951187115</ItemCode>
      <ItemType>1</ItemType>
      <ItemName>אלמקס מברשת שיניים זוג ילדים3-6</ItemName>
      <ManufactureName>ש.שסטוביץ בעמ</ManufactureName>
      <ManufactureCountry />
      <ManufactureItemDescription />
      <UnitQty>י"ח</UnitQty>
      <Quantity>2</Quantity>
      <UnitMeasure>י"ח</UnitMeasure>
      <BisWeighted>0</BisWeighted>
      <QtyInPackage>1</QtyInPackage>
      <ItemPrice>23.90</ItemPrice>
      <UnitOfMeasurePrice>11.95</UnitOfMeasurePrice>
      <AllowDiscount>1</AllowDiscount>
      <itemStatus>1</itemStatus>
      <LastUpdateDate />
      <LastUpdateTime />
    </Product>
    <Product>
      <PriceUpdateDate>2018/02/14 10:43</PriceUpdateDate>
      <ItemCode>8718951187122</ItemCode>
      <ItemType>1</ItemType>
      <ItemName>אלמקס מברשת שיניים זוג ילדים 0-3</ItemName>
      <ManufactureName>ש.שסטוביץ בעמ</ManufactureName>
      <ManufactureCountry />
      <ManufactureItemDescription />
      <UnitQty>י"ח</UnitQty>
      <Quantity>2</Quantity>
      <UnitMeasure>י"ח</UnitMeasure>
      <BisWeighted>0</BisWeighted>
      <QtyInPackage>1</QtyInPackage>
      <ItemPrice>23.90</ItemPrice>
      <UnitOfMeasurePrice>11.95</UnitOfMeasurePrice>
      <AllowDiscount>1</AllowDiscount>
      <itemStatus>1</itemStatus>
      <LastUpdateDate />
      <LastUpdateTime />
    </Product>
    <Product>
      <PriceUpdateDate>2018/10/04 08:59</PriceUpdateDate>
      <ItemCode>8718951194144</ItemCode>
      <ItemType>1</ItemType>
      <ItemName>קולגייט אקטיס אופטיק וייט</ItemName>
      <ManufactureName>ש.שסטוביץ בעמ</ManufactureName>
      <ManufactureCountry />
      <ManufactureItemDescription />
      <UnitQty>י"ח</UnitQty>
      <Quantity>1</Quantity>
      <UnitMeasure />
      <BisWeighted>0</BisWeighted>
      <QtyInPackage>1</QtyInPackage>
      <ItemPrice>69.90</ItemPrice>
      <UnitOfMeasurePrice>69.90</UnitOfMeasurePrice>
      <AllowDiscount>1</AllowDiscount>
      <itemStatus>1</itemStatus>
      <LastUpdateDate />
      <LastUpdateTime />
    </Product>
    <Product>
      <PriceUpdateDate>2019/02/14 08:31</PriceUpdateDate>
      <ItemCode>8718951228801</ItemCode>
      <ItemType>1</ItemType>
      <ItemName>קולגייט מקס פרש כחול 125מ"ל כשל"פ</ItemName>
      <ManufactureName>ש.שסטוביץ בעמ</ManufactureName>
      <ManufactureCountry />
      <ManufactureItemDescription />
      <UnitQty>י"ח</UnitQty>
      <Quantity>125</Quantity>
      <UnitMeasure>ל  מ"ל</UnitMeasure>
      <BisWeighted>0</BisWeighted>
      <QtyInPackage>1</QtyInPackage>
      <ItemPrice>15.90</ItemPrice>
      <UnitOfMeasurePrice>12.72</UnitOfMeasurePrice>
      <AllowDiscount>1</AllowDiscount>
      <itemStatus>1</itemStatus>
      <LastUpdateDate />
      <LastUpdateTime />
    </Product>
    <Product>
      <PriceUpdateDate>2019/01/22 11:17</PriceUpdateDate>
      <ItemCode>8718951236790</ItemCode>
      <ItemType>1</ItemType>
      <ItemName>קולגייט טוטל קלין מינט  100מ"ל</ItemName>
      <ManufactureName>ש.שסטוביץ בעמ</ManufactureName>
      <ManufactureCountry />
      <ManufactureItemDescription />
      <UnitQty>י"ח</UnitQty>
      <Quantity>100</Quantity>
      <UnitMeasure>ל  מ"ל</UnitMeasure>
      <BisWeighted>0</BisWeighted>
      <QtyInPackage>1</QtyInPackage>
      <ItemPrice>16.90</ItemPrice>
      <UnitOfMeasurePrice>16.90</UnitOfMeasurePrice>
      <AllowDiscount>1</AllowDiscount>
      <itemStatus>1</itemStatus>
      <LastUpdateDate />
      <LastUpdateTime />
    </Product>
    <Product>
      <PriceUpdateDate>2019/01/22 11:17</PriceUpdateDate>
      <ItemCode>8718951236806</ItemCode>
      <ItemType>1</ItemType>
      <ItemName>קולגייט טוטל הלבנה  100מ"ל</ItemName>
      <ManufactureName>ש.שסטוביץ בעמ</ManufactureName>
      <ManufactureCountry />
      <ManufactureItemDescription />
      <UnitQty>י"ח</UnitQty>
      <Quantity>100</Quantity>
      <UnitMeasure>ל  מ"ל</UnitMeasure>
      <BisWeighted>0</BisWeighted>
      <QtyInPackage>1</QtyInPackage>
      <ItemPrice>16.90</ItemPrice>
      <UnitOfMeasurePrice>16.90</UnitOfMeasurePrice>
      <AllowDiscount>1</AllowDiscount>
      <itemStatus>1</itemStatus>
      <LastUpdateDate />
      <LastUpdateTime />
    </Product>
    <Product>
      <PriceUpdateDate>2019/01/22 11:17</PriceUpdateDate>
      <ItemCode>8718951236813</ItemCode>
      <ItemType>1</ItemType>
      <ItemName>קולגייט טוטל מתקדם  100מ"ל</ItemName>
      <ManufactureName>ש.שסטוביץ בעמ</ManufactureName>
      <ManufactureCountry />
      <ManufactureItemDescription />
      <UnitQty>י"ח</UnitQty>
      <Quantity>100</Quantity>
      <UnitMeasure>ל  מ"ל</UnitMeasure>
      <BisWeighted>0</BisWeighted>
      <QtyInPackage>1</QtyInPackage>
      <ItemPrice>16.90</ItemPrice>
      <UnitOfMeasurePrice>16.90</UnitOfMeasurePrice>
      <AllowDiscount>1</AllowDiscount>
      <itemStatus>1</itemStatus>
      <LastUpdateDate />
      <LastUpdateTime />
    </Product>
    <Product>
      <PriceUpdateDate>2019/01/22 11:17</PriceUpdateDate>
      <ItemCode>8718951240742</ItemCode>
      <ItemType>1</ItemType>
      <ItemName>קולגייט טוטל קפסים מרעננים   100מ"ל</ItemName>
      <ManufactureName>ש.שסטוביץ בעמ</ManufactureName>
      <ManufactureCountry />
      <ManufactureItemDescription />
      <UnitQty>י"ח</UnitQty>
      <Quantity>100</Quantity>
      <UnitMeasure>ל  מ"ל</UnitMeasure>
      <BisWeighted>0</BisWeighted>
      <QtyInPackage>1</QtyInPackage>
      <ItemPrice>16.90</ItemPrice>
      <UnitOfMeasurePrice>16.90</UnitOfMeasurePrice>
      <AllowDiscount>1</AllowDiscount>
      <itemStatus>1</itemStatus>
      <LastUpdateDate />
      <LastUpdateTime />
    </Product>
    <Product>
      <PriceUpdateDate>2020/03/25 08:24</PriceUpdateDate>
      <ItemCode>8718951264618</ItemCode>
      <ItemType>1</ItemType>
      <ItemName>קולגייט  אופטיק וייט75מ"ל</ItemName>
      <ManufactureName>ש.שסטוביץ בעמ</ManufactureName>
      <ManufactureCountry />
      <ManufactureItemDescription />
      <UnitQty>י"ח</UnitQty>
      <Quantity>256</Quantity>
      <UnitMeasure>ל  גרם</UnitMeasure>
      <BisWeighted>0</BisWeighted>
      <QtyInPackage>1</QtyInPackage>
      <ItemPrice>29.90</ItemPrice>
      <UnitOfMeasurePrice>11.68</UnitOfMeasurePrice>
      <AllowDiscount>1</AllowDiscount>
      <itemStatus>1</itemStatus>
      <LastUpdateDate />
      <LastUpdateTime />
    </Product>
    <Product>
      <PriceUpdateDate>2020/02/24 08:25</PriceUpdateDate>
      <ItemCode>8718951319806</ItemCode>
      <ItemType>1</ItemType>
      <ItemName>פלמוליב מן גל רחצה  ושמפו 750מ"ל מרענן</ItemName>
      <ManufactureName>ש.שסטוביץ בעמ</ManufactureName>
      <ManufactureCountry />
      <ManufactureItemDescription />
      <UnitQty>י"ח</UnitQty>
      <Quantity>750</Quantity>
      <UnitMeasure>ל  מ"ל</UnitMeasure>
      <BisWeighted>0</BisWeighted>
      <QtyInPackage>1</QtyInPackage>
      <ItemPrice>22.90</ItemPrice>
      <UnitOfMeasurePrice>3.05</UnitOfMeasurePrice>
      <AllowDiscount>1</AllowDiscount>
      <itemStatus>1</itemStatus>
      <LastUpdateDate />
      <LastUpdateTime />
    </Product>
    <Product>
      <PriceUpdateDate>2017/08/17 13:34</PriceUpdateDate>
      <ItemCode>8722700016106</ItemCode>
      <ItemType>1</ItemType>
      <ItemName>גלידה פיינטים דבלין מדסלייד</ItemName>
      <ManufactureName>מוצרי איכות אמריקאיים בעמ</ManufactureName>
      <ManufactureCountry />
      <ManufactureItemDescription />
      <UnitQty>י"ח</UnitQty>
      <Quantity>750</Quantity>
      <UnitMeasure>ל  מ"ל</UnitMeasure>
      <BisWeighted>0</BisWeighted>
      <QtyInPackage>1</QtyInPackage>
      <ItemPrice>23.90</ItemPrice>
      <UnitOfMeasurePrice>3.19</UnitOfMeasurePrice>
      <AllowDiscount>1</AllowDiscount>
      <itemStatus>1</itemStatus>
      <LastUpdateDate />
      <LastUpdateTime />
    </Product>
    <Product>
      <PriceUpdateDate>2017/08/17 13:34</PriceUpdateDate>
      <ItemCode>8722700036913</ItemCode>
      <ItemType>1</ItemType>
      <ItemName>גלידה פיינטים יוגורט צרי גרסיה</ItemName>
      <ManufactureName>מוצרי איכות אמריקאיים בעמ</ManufactureName>
      <ManufactureCountry />
      <ManufactureItemDescription />
      <UnitQty>י"ח</UnitQty>
      <Quantity>750</Quantity>
      <UnitMeasure>ל  מ"ל</UnitMeasure>
      <BisWeighted>0</BisWeighted>
      <QtyInPackage>1</QtyInPackage>
      <ItemPrice>23.90</ItemPrice>
      <UnitOfMeasurePrice>3.19</UnitOfMeasurePrice>
      <AllowDiscount>1</AllowDiscount>
      <itemStatus>1</itemStatus>
      <LastUpdateDate />
      <LastUpdateTime />
    </Product>
    <Product>
      <PriceUpdateDate>2017/08/17 13:34</PriceUpdateDate>
      <ItemCode>8722700036920</ItemCode>
      <ItemType>1</ItemType>
      <ItemName>גלידה פיינטים יוגורט שוק. בראוניס</ItemName>
      <ManufactureName>מוצרי איכות אמריקאיים בעמ</ManufactureName>
      <ManufactureCountry />
      <ManufactureItemDescription />
      <UnitQty>י"ח</UnitQty>
      <Quantity>750</Quantity>
      <UnitMeasure>ל  מ"ל</UnitMeasure>
      <BisWeighted>0</BisWeighted>
      <QtyInPackage>1</QtyInPackage>
      <ItemPrice>23.90</ItemPrice>
      <UnitOfMeasurePrice>3.19</UnitOfMeasurePrice>
      <AllowDiscount>1</AllowDiscount>
      <itemStatus>1</itemStatus>
      <LastUpdateDate />
      <LastUpdateTime />
    </Product>
    <Product>
      <PriceUpdateDate>2017/08/17 13:34</PriceUpdateDate>
      <ItemCode>8722700072867</ItemCode>
      <ItemType>1</ItemType>
      <ItemName>גלידה פיינטים טופי</ItemName>
      <ManufactureName>מוצרי איכות אמריקאיים בעמ</ManufactureName>
      <ManufactureCountry />
      <ManufactureItemDescription />
      <UnitQty>י"ח</UnitQty>
      <Quantity>750</Quantity>
      <UnitMeasure>ל  מ"ל</UnitMeasure>
      <BisWeighted>0</BisWeighted>
      <QtyInPackage>1</QtyInPackage>
      <ItemPrice>23.90</ItemPrice>
      <UnitOfMeasurePrice>3.19</UnitOfMeasurePrice>
      <AllowDiscount>1</AllowDiscount>
      <itemStatus>1</itemStatus>
      <LastUpdateDate />
      <LastUpdateTime />
    </Product>
    <Product>
      <PriceUpdateDate>2013/12/04 14:47</PriceUpdateDate>
      <ItemCode>8723400756552</ItemCode>
      <ItemType>1</ItemType>
      <ItemName>מנטוס מנטה 1\4</ItemName>
      <ManufactureName>ליימן שליסל</ManufactureName>
      <ManufactureCountry />
      <ManufactureItemDescription />
      <UnitQty>י"ח</UnitQty>
      <Quantity>1</Quantity>
      <UnitMeasure />
      <BisWeighted>0</BisWeighted>
      <QtyInPackage>1</QtyInPackage>
      <ItemPrice>11.90</ItemPrice>
      <UnitOfMeasurePrice>11.90</UnitOfMeasurePrice>
      <AllowDiscount>1</AllowDiscount>
      <itemStatus>1</itemStatus>
      <LastUpdateDate />
      <LastUpdateTime />
    </Product>
    <Product>
      <PriceUpdateDate>2014/01/03 13:46</PriceUpdateDate>
      <ItemCode>8723400763635</ItemCode>
      <ItemType>1</ItemType>
      <ItemName>מנטוס גלילים רביעייה</ItemName>
      <ManufactureName>ליימן שליסל</ManufactureName>
      <ManufactureCountry />
      <ManufactureItemDescription />
      <UnitQty>י"ח</UnitQty>
      <Quantity>37</Quantity>
      <UnitMeasure>ל  גרם</UnitMeasure>
      <BisWeighted>0</BisWeighted>
      <QtyInPackage>1</QtyInPackage>
      <ItemPrice>11.90</ItemPrice>
      <UnitOfMeasurePrice>32.16</UnitOfMeasurePrice>
      <AllowDiscount>1</AllowDiscount>
      <itemStatus>1</itemStatus>
      <LastUpdateDate />
      <LastUpdateTime />
    </Product>
    <Product>
      <PriceUpdateDate>2017/05/05 07:56</PriceUpdateDate>
      <ItemCode>8723400780557</ItemCode>
      <ItemType>1</ItemType>
      <ItemName>מנטוס תותי פרוטי  1\4</ItemName>
      <ManufactureName>ליימן שליסל</ManufactureName>
      <ManufactureCountry />
      <ManufactureItemDescription />
      <UnitQty>י"ח</UnitQty>
      <Quantity>1</Quantity>
      <UnitMeasure />
      <BisWeighted>0</BisWeighted>
      <QtyInPackage>1</QtyInPackage>
      <ItemPrice>11.90</ItemPrice>
      <UnitOfMeasurePrice>11.90</UnitOfMeasurePrice>
      <AllowDiscount>1</AllowDiscount>
      <itemStatus>1</itemStatus>
      <LastUpdateDate />
      <LastUpdateTime />
    </Product>
    <Product>
      <PriceUpdateDate>2018/07/24 10:11</PriceUpdateDate>
      <ItemCode>8850006331699</ItemCode>
      <ItemType>1</ItemType>
      <ItemName>מברשת שיניים קולגייט סלים סופט שלישייה</ItemName>
      <ManufactureName>ש.שסטוביץ בעמ</ManufactureName>
      <ManufactureCountry />
      <ManufactureItemDescription />
      <UnitQty>י"ח</UnitQty>
      <Quantity>1</Quantity>
      <UnitMeasure />
      <BisWeighted>0</BisWeighted>
      <QtyInPackage>1</QtyInPackage>
      <ItemPrice>29.90</ItemPrice>
      <UnitOfMeasurePrice>29.90</UnitOfMeasurePrice>
      <AllowDiscount>1</AllowDiscount>
      <itemStatus>1</itemStatus>
      <LastUpdateDate />
      <LastUpdateTime />
    </Product>
    <Product>
      <PriceUpdateDate>2019/06/26 08:59</PriceUpdateDate>
      <ItemCode>8850161161247</ItemCode>
      <ItemType>1</ItemType>
      <ItemName>מי קוקוס קוקו מקס 1ליטר</ItemName>
      <ManufactureName>טמפו משקאות בעמ</ManufactureName>
      <ManufactureCountry />
      <ManufactureItemDescription />
      <UnitQty>י"ח</UnitQty>
      <Quantity>1</Quantity>
      <UnitMeasure>ליטר</UnitMeasure>
      <BisWeighted>0</BisWeighted>
      <QtyInPackage>1</QtyInPackage>
      <ItemPrice>16.90</ItemPrice>
      <UnitOfMeasurePrice>16.90</UnitOfMeasurePrice>
      <AllowDiscount>1</AllowDiscount>
      <itemStatus>1</itemStatus>
      <LastUpdateDate />
      <LastUpdateTime />
    </Product>
    <Product>
      <PriceUpdateDate>2019/06/26 08:59</PriceUpdateDate>
      <ItemCode>8850161167089</ItemCode>
      <ItemType>1</ItemType>
      <ItemName>חלב קוקוס קוקו וואי 1ליטר</ItemName>
      <ManufactureName>טמפו משקאות בעמ</ManufactureName>
      <ManufactureCountry />
      <ManufactureItemDescription />
      <UnitQty>י"ח</UnitQty>
      <Quantity>1</Quantity>
      <UnitMeasure>ליטר</UnitMeasure>
      <BisWeighted>0</BisWeighted>
      <QtyInPackage>1</QtyInPackage>
      <ItemPrice>16.90</ItemPrice>
      <UnitOfMeasurePrice>16.90</UnitOfMeasurePrice>
      <AllowDiscount>1</AllowDiscount>
      <itemStatus>1</itemStatus>
      <LastUpdateDate />
      <LastUpdateTime />
    </Product>
    <Product>
      <PriceUpdateDate>2019/03/25 10:10</PriceUpdateDate>
      <ItemCode>8850206250592</ItemCode>
      <ItemType>1</ItemType>
      <ItemName>רוטב צילי סיראצה 530ג</ItemName>
      <ManufactureName>מזרח ומערב יבוא ושיווק</ManufactureName>
      <ManufactureCountry />
      <ManufactureItemDescription />
      <UnitQty>י"ח</UnitQty>
      <Quantity>530</Quantity>
      <UnitMeasure>ל  גרם</UnitMeasure>
      <BisWeighted>0</BisWeighted>
      <QtyInPackage>1</QtyInPackage>
      <ItemPrice>14.90</ItemPrice>
      <UnitOfMeasurePrice>2.81</UnitOfMeasurePrice>
      <AllowDiscount>1</AllowDiscount>
      <itemStatus>1</itemStatus>
      <LastUpdateDate />
      <LastUpdateTime />
    </Product>
    <Product>
      <PriceUpdateDate>2019/03/25 10:10</PriceUpdateDate>
      <ItemCode>8850367992157</ItemCode>
      <ItemType>1</ItemType>
      <ItemName>משקה מי קוקוס קרטון 1ל</ItemName>
      <ManufactureName>מזרח ומערב יבוא ושיווק</ManufactureName>
      <ManufactureCountry />
      <ManufactureItemDescription />
      <UnitQty>י"ח</UnitQty>
      <Quantity>1</Quantity>
      <UnitMeasure>ליטר</UnitMeasure>
      <BisWeighted>0</BisWeighted>
      <QtyInPackage>1</QtyInPackage>
      <ItemPrice>18.90</ItemPrice>
      <UnitOfMeasurePrice>18.90</UnitOfMeasurePrice>
      <AllowDiscount>1</AllowDiscount>
      <itemStatus>1</itemStatus>
      <LastUpdateDate />
      <LastUpdateTime />
    </Product>
    <Product>
      <PriceUpdateDate>2019/03/25 10:10</PriceUpdateDate>
      <ItemCode>8850367992164</ItemCode>
      <ItemType>1</ItemType>
      <ItemName>קרם קוקוס 250מ"ל</ItemName>
      <ManufactureName>מזרח ומערב יבוא ושיווק</ManufactureName>
      <ManufactureCountry />
      <ManufactureItemDescription />
      <UnitQty>י"ח</UnitQty>
      <Quantity>250</Quantity>
      <UnitMeasure>ל  מ"ל</UnitMeasure>
      <BisWeighted>0</BisWeighted>
      <QtyInPackage>1</QtyInPackage>
      <ItemPrice>7.90</ItemPrice>
      <UnitOfMeasurePrice>3.16</UnitOfMeasurePrice>
      <AllowDiscount>1</AllowDiscount>
      <itemStatus>1</itemStatus>
      <LastUpdateDate />
      <LastUpdateTime />
    </Product>
    <Product>
      <PriceUpdateDate>2019/03/25 10:10</PriceUpdateDate>
      <ItemCode>8850367992171</ItemCode>
      <ItemType>1</ItemType>
      <ItemName>קרם קוקוס 1ל</ItemName>
      <ManufactureName>מזרח ומערב יבוא ושיווק</ManufactureName>
      <ManufactureCountry />
      <ManufactureItemDescription />
      <UnitQty>י"ח</UnitQty>
      <Quantity>1</Quantity>
      <UnitMeasure>ליטר</UnitMeasure>
      <BisWeighted>0</BisWeighted>
      <QtyInPackage>1</QtyInPackage>
      <ItemPrice>17.90</ItemPrice>
      <UnitOfMeasurePrice>17.90</UnitOfMeasurePrice>
      <AllowDiscount>1</AllowDiscount>
      <itemStatus>1</itemStatus>
      <LastUpdateDate />
      <LastUpdateTime />
    </Product>
    <Product>
      <PriceUpdateDate>2019/03/25 10:10</PriceUpdateDate>
      <ItemCode>8850367992980</ItemCode>
      <ItemType>1</ItemType>
      <ItemName>נוזל אגוזי קוקוס 400 מ``ל</ItemName>
      <ManufactureName>מזרח ומערב יבוא ושיווק</ManufactureName>
      <ManufactureCountry />
      <ManufactureItemDescription />
      <UnitQty>י"ח</UnitQty>
      <Quantity>400</Quantity>
      <UnitMeasure>ל  מ"ל</UnitMeasure>
      <BisWeighted>0</BisWeighted>
      <QtyInPackage>1</QtyInPackage>
      <ItemPrice>5.90</ItemPrice>
      <UnitOfMeasurePrice>1.48</UnitOfMeasurePrice>
      <AllowDiscount>1</AllowDiscount>
      <itemStatus>1</itemStatus>
      <LastUpdateDate />
      <LastUpdateTime />
    </Product>
    <Product>
      <PriceUpdateDate>2019/03/25 10:10</PriceUpdateDate>
      <ItemCode>8850367992997</ItemCode>
      <ItemType>1</ItemType>
      <ItemName>קרם קוקוס 250מ"ל 17/19%</ItemName>
      <ManufactureName>מזרח ומערב יבוא ושיווק</ManufactureName>
      <ManufactureCountry />
      <ManufactureItemDescription />
      <UnitQty>י"ח</UnitQty>
      <Quantity>250</Quantity>
      <UnitMeasure>ל  מ"ל</UnitMeasure>
      <BisWeighted>0</BisWeighted>
      <QtyInPackage>1</QtyInPackage>
      <ItemPrice>5.90</ItemPrice>
      <UnitOfMeasurePrice>2.36</UnitOfMeasurePrice>
      <AllowDiscount>1</AllowDiscount>
      <itemStatus>1</itemStatus>
      <LastUpdateDate />
      <LastUpdateTime />
    </Product>
    <Product>
      <PriceUpdateDate>2019/03/25 10:10</PriceUpdateDate>
      <ItemCode>8850367993000</ItemCode>
      <ItemType>1</ItemType>
      <ItemName>קרם קוקוס 1ל 17/19%</ItemName>
      <ManufactureName>מזרח ומערב יבוא ושיווק</ManufactureName>
      <ManufactureCountry />
      <ManufactureItemDescription />
      <UnitQty>י"ח</UnitQty>
      <Quantity>1</Quantity>
      <UnitMeasure>ליטר</UnitMeasure>
      <BisWeighted>0</BisWeighted>
      <QtyInPackage>1</QtyInPackage>
      <ItemPrice>15.90</ItemPrice>
      <UnitOfMeasurePrice>15.90</UnitOfMeasurePrice>
      <AllowDiscount>1</AllowDiscount>
      <itemStatus>1</itemStatus>
      <LastUpdateDate />
      <LastUpdateTime />
    </Product>
    <Product>
      <PriceUpdateDate>2019/09/02 08:10</PriceUpdateDate>
      <ItemCode>8850367994021</ItemCode>
      <ItemType>1</ItemType>
      <ItemName>רוטב צילי מתוק 280 מ``ל ללא סכר וגולטן</ItemName>
      <ManufactureName>מזרח ומערב יבוא ושיווק</ManufactureName>
      <ManufactureCountry />
      <ManufactureItemDescription />
      <UnitQty>י"ח</UnitQty>
      <Quantity>280</Quantity>
      <UnitMeasure>ל  מ"ל</UnitMeasure>
      <BisWeighted>0</BisWeighted>
      <QtyInPackage>1</QtyInPackage>
      <ItemPrice>12.90</ItemPrice>
      <UnitOfMeasurePrice>4.61</UnitOfMeasurePrice>
      <AllowDiscount>1</AllowDiscount>
      <itemStatus>1</itemStatus>
      <LastUpdateDate />
      <LastUpdateTime />
    </Product>
    <Product>
      <PriceUpdateDate>2019/09/24 14:31</PriceUpdateDate>
      <ItemCode>8850389103111</ItemCode>
      <ItemType>1</ItemType>
      <ItemName>משקה אלוורה ענבים 300</ItemName>
      <ManufactureName>טמפו משקאות בעמ</ManufactureName>
      <ManufactureCountry />
      <ManufactureItemDescription />
      <UnitQty>י"ח</UnitQty>
      <Quantity>300</Quantity>
      <UnitMeasure>ל  מ"ל</UnitMeasure>
      <BisWeighted>0</BisWeighted>
      <QtyInPackage>1</QtyInPackage>
      <ItemPrice>6.90</ItemPrice>
      <UnitOfMeasurePrice>2.20</UnitOfMeasurePrice>
      <AllowDiscount>1</AllowDiscount>
      <itemStatus>1</itemStatus>
      <LastUpdateDate />
      <LastUpdateTime />
    </Product>
    <Product>
      <PriceUpdateDate>2019/09/24 14:31</PriceUpdateDate>
      <ItemCode>8850389103128</ItemCode>
      <ItemType>1</ItemType>
      <ItemName>משקה אלוורה תפוח 300</ItemName>
      <ManufactureName>טמפו משקאות בעמ</ManufactureName>
      <ManufactureCountry />
      <ManufactureItemDescription />
      <UnitQty>י"ח</UnitQty>
      <Quantity>300</Quantity>
      <UnitMeasure>ל  מ"ל</UnitMeasure>
      <BisWeighted>0</BisWeighted>
      <QtyInPackage>1</QtyInPackage>
      <ItemPrice>6.90</ItemPrice>
      <UnitOfMeasurePrice>2.20</UnitOfMeasurePrice>
      <AllowDiscount>1</AllowDiscount>
      <itemStatus>1</itemStatus>
      <LastUpdateDate />
      <LastUpdateTime />
    </Product>
    <Product>
      <PriceUpdateDate>2019/09/24 14:31</PriceUpdateDate>
      <ItemCode>8850389104637</ItemCode>
      <ItemType>1</ItemType>
      <ItemName>משקה אלוורה אפרסק 300</ItemName>
      <ManufactureName>טמפו משקאות בעמ</ManufactureName>
      <ManufactureCountry />
      <ManufactureItemDescription />
      <UnitQty>י"ח</UnitQty>
      <Quantity>300</Quantity>
      <UnitMeasure>ל  מ"ל</UnitMeasure>
      <BisWeighted>0</BisWeighted>
      <QtyInPackage>1</QtyInPackage>
      <ItemPrice>6.90</ItemPrice>
      <UnitOfMeasurePrice>2.20</UnitOfMeasurePrice>
      <AllowDiscount>1</AllowDiscount>
      <itemStatus>1</itemStatus>
      <LastUpdateDate />
      <LastUpdateTime />
    </Product>
    <Product>
      <PriceUpdateDate>2019/09/24 14:31</PriceUpdateDate>
      <ItemCode>8850389107614</ItemCode>
      <ItemType>1</ItemType>
      <ItemName>סאפה ליצ`י 300מ"ל</ItemName>
      <ManufactureName>טמפו משקאות בעמ</ManufactureName>
      <ManufactureCountry />
      <ManufactureItemDescription />
      <UnitQty>י"ח</UnitQty>
      <Quantity>300</Quantity>
      <UnitMeasure>ל  מ"ל</UnitMeasure>
      <BisWeighted>0</BisWeighted>
      <QtyInPackage>1</QtyInPackage>
      <ItemPrice>6.90</ItemPrice>
      <UnitOfMeasurePrice>2.20</UnitOfMeasurePrice>
      <AllowDiscount>1</AllowDiscount>
      <itemStatus>1</itemStatus>
      <LastUpdateDate />
      <LastUpdateTime />
    </Product>
    <Product>
      <PriceUpdateDate>2019/09/24 14:31</PriceUpdateDate>
      <ItemCode>8850389109311</ItemCode>
      <ItemType>1</ItemType>
      <ItemName>גיוס מי משקה אננס 300מ"ל</ItemName>
      <ManufactureName>טמפו משקאות בעמ</ManufactureName>
      <ManufactureCountry />
      <ManufactureItemDescription />
      <UnitQty>י"ח</UnitQty>
      <Quantity>300</Quantity>
      <UnitMeasure>ל  מ"ל</UnitMeasure>
      <BisWeighted>0</BisWeighted>
      <QtyInPackage>1</QtyInPackage>
      <ItemPrice>6.90</ItemPrice>
      <UnitOfMeasurePrice>2.20</UnitOfMeasurePrice>
      <AllowDiscount>1</AllowDiscount>
      <itemStatus>1</itemStatus>
      <LastUpdateDate />
      <LastUpdateTime />
    </Product>
    <Product>
      <PriceUpdateDate>2019/09/24 14:31</PriceUpdateDate>
      <ItemCode>8850389111659</ItemCode>
      <ItemType>1</ItemType>
      <ItemName>משקה אננס  300</ItemName>
      <ManufactureName>טמפו משקאות בעמ</ManufactureName>
      <ManufactureCountry />
      <ManufactureItemDescription />
      <UnitQty>י"ח</UnitQty>
      <Quantity>300</Quantity>
      <UnitMeasure>ל  מ"ל</UnitMeasure>
      <BisWeighted>0</BisWeighted>
      <QtyInPackage>1</QtyInPackage>
      <ItemPrice>6.90</ItemPrice>
      <UnitOfMeasurePrice>2.20</UnitOfMeasurePrice>
      <AllowDiscount>1</AllowDiscount>
      <itemStatus>1</itemStatus>
      <LastUpdateDate />
      <LastUpdateTime />
    </Product>
    <Product>
      <PriceUpdateDate>2019/09/24 14:31</PriceUpdateDate>
      <ItemCode>8850389115312</ItemCode>
      <ItemType>1</ItemType>
      <ItemName>סאפה מלון בקבוק 300מ"ל</ItemName>
      <ManufactureName>טמפו משקאות בעמ</ManufactureName>
      <ManufactureCountry />
      <ManufactureItemDescription />
      <UnitQty>י"ח</UnitQty>
      <Quantity>300</Quantity>
      <UnitMeasure>ל  מ"ל</UnitMeasure>
      <BisWeighted>0</BisWeighted>
      <QtyInPackage>1</QtyInPackage>
      <ItemPrice>6.90</ItemPrice>
      <UnitOfMeasurePrice>2.20</UnitOfMeasurePrice>
      <AllowDiscount>1</AllowDiscount>
      <itemStatus>1</itemStatus>
      <LastUpdateDate />
      <LastUpdateTime />
    </Product>
    <Product>
      <PriceUpdateDate>2019/01/06 12:28</PriceUpdateDate>
      <ItemCode>8850854000112</ItemCode>
      <ItemType>1</ItemType>
      <ItemName>רוטב צ`ילי חריף 700מ"ל המותג</ItemName>
      <ManufactureName>דין שיווק *****</ManufactureName>
      <ManufactureCountry />
      <ManufactureItemDescription />
      <UnitQty>י"ח</UnitQty>
      <Quantity>700</Quantity>
      <UnitMeasure>ל  מ"ל</UnitMeasure>
      <BisWeighted>0</BisWeighted>
      <QtyInPackage>1</QtyInPackage>
      <ItemPrice>11.90</ItemPrice>
      <UnitOfMeasurePrice>1.70</UnitOfMeasurePrice>
      <AllowDiscount>1</AllowDiscount>
      <itemStatus>1</itemStatus>
      <LastUpdateDate />
      <LastUpdateTime />
    </Product>
    <Product>
      <PriceUpdateDate>2019/01/06 12:28</PriceUpdateDate>
      <ItemCode>8850854000426</ItemCode>
      <ItemType>1</ItemType>
      <ItemName>רוטב צ`ילי מתוק 700מ"ל המותג</ItemName>
      <ManufactureName>דין שיווק *****</ManufactureName>
      <ManufactureCountry />
      <ManufactureItemDescription />
      <UnitQty>י"ח</UnitQty>
      <Quantity>700</Quantity>
      <UnitMeasure>ל  מ"ל</UnitMeasure>
      <BisWeighted>0</BisWeighted>
      <QtyInPackage>1</QtyInPackage>
      <ItemPrice>11.90</ItemPrice>
      <UnitOfMeasurePrice>1.70</UnitOfMeasurePrice>
      <AllowDiscount>1</AllowDiscount>
      <itemStatus>1</itemStatus>
      <LastUpdateDate />
      <LastUpdateTime />
    </Product>
    <Product>
      <PriceUpdateDate>2019/03/25 10:10</PriceUpdateDate>
      <ItemCode>8858271002870</ItemCode>
      <ItemType>1</ItemType>
      <ItemName>רוטב פאד תאי 250מ"ל</ItemName>
      <ManufactureName>מזרח ומערב יבוא ושיווק</ManufactureName>
      <ManufactureCountry />
      <ManufactureItemDescription />
      <UnitQty>י"ח</UnitQty>
      <Quantity>250</Quantity>
      <UnitMeasure>ל  מ"ל</UnitMeasure>
      <BisWeighted>0</BisWeighted>
      <QtyInPackage>1</QtyInPackage>
      <ItemPrice>11.90</ItemPrice>
      <UnitOfMeasurePrice>4.76</UnitOfMeasurePrice>
      <AllowDiscount>1</AllowDiscount>
      <itemStatus>1</itemStatus>
      <LastUpdateDate />
      <LastUpdateTime />
    </Product>
    <Product>
      <PriceUpdateDate>2016/01/07 17:57</PriceUpdateDate>
      <ItemCode>8858271002887</ItemCode>
      <ItemType>1</ItemType>
      <ItemName>רוטב טריאקי 250מ"ל</ItemName>
      <ManufactureName>מזרח ומערב יבוא ושיווק</ManufactureName>
      <ManufactureCountry />
      <ManufactureItemDescription />
      <UnitQty>י"ח</UnitQty>
      <Quantity>250</Quantity>
      <UnitMeasure>ל  מ"ל</UnitMeasure>
      <BisWeighted>0</BisWeighted>
      <QtyInPackage>1</QtyInPackage>
      <ItemPrice>11.90</ItemPrice>
      <UnitOfMeasurePrice>4.76</UnitOfMeasurePrice>
      <AllowDiscount>1</AllowDiscount>
      <itemStatus>1</itemStatus>
      <LastUpdateDate />
      <LastUpdateTime />
    </Product>
    <Product>
      <PriceUpdateDate>2019/03/25 10:10</PriceUpdateDate>
      <ItemCode>8858271003020</ItemCode>
      <ItemType>1</ItemType>
      <ItemName>רוטב סויה פורמולה 1 700מ"ל</ItemName>
      <ManufactureName>מזרח ומערב יבוא ושיווק</ManufactureName>
      <ManufactureCountry />
      <ManufactureItemDescription />
      <UnitQty>י"ח</UnitQty>
      <Quantity>700</Quantity>
      <UnitMeasure>ל  מ"ל</UnitMeasure>
      <BisWeighted>0</BisWeighted>
      <QtyInPackage>1</QtyInPackage>
      <ItemPrice>14.90</ItemPrice>
      <UnitOfMeasurePrice>2.13</UnitOfMeasurePrice>
      <AllowDiscount>1</AllowDiscount>
      <itemStatus>1</itemStatus>
      <LastUpdateDate />
      <LastUpdateTime />
    </Product>
    <Product>
      <PriceUpdateDate>2019/03/25 10:10</PriceUpdateDate>
      <ItemCode>8858271003044</ItemCode>
      <ItemType>1</ItemType>
      <ItemName>רוטב סויה פורמולה 5 700מ"ל</ItemName>
      <ManufactureName>מזרח ומערב יבוא ושיווק</ManufactureName>
      <ManufactureCountry />
      <ManufactureItemDescription />
      <UnitQty>י"ח</UnitQty>
      <Quantity>700</Quantity>
      <UnitMeasure>ל  מ"ל</UnitMeasure>
      <BisWeighted>0</BisWeighted>
      <QtyInPackage>1</QtyInPackage>
      <ItemPrice>14.90</ItemPrice>
      <UnitOfMeasurePrice>2.13</UnitOfMeasurePrice>
      <AllowDiscount>1</AllowDiscount>
      <itemStatus>1</itemStatus>
      <LastUpdateDate />
      <LastUpdateTime />
    </Product>
    <Product>
      <PriceUpdateDate>2016/01/07 17:57</PriceUpdateDate>
      <ItemCode>8858271003068</ItemCode>
      <ItemType>1</ItemType>
      <ItemName>רוטב סויה מתוקה 250מ"ל</ItemName>
      <ManufactureName>מזרח ומערב יבוא ושיווק</ManufactureName>
      <ManufactureCountry />
      <ManufactureItemDescription />
      <UnitQty>י"ח</UnitQty>
      <Quantity>250</Quantity>
      <UnitMeasure>ל  מ"ל</UnitMeasure>
      <BisWeighted>0</BisWeighted>
      <QtyInPackage>1</QtyInPackage>
      <ItemPrice>11.90</ItemPrice>
      <UnitOfMeasurePrice>4.76</UnitOfMeasurePrice>
      <AllowDiscount>1</AllowDiscount>
      <itemStatus>1</itemStatus>
      <LastUpdateDate />
      <LastUpdateTime />
    </Product>
    <Product>
      <PriceUpdateDate>2019/03/25 10:10</PriceUpdateDate>
      <ItemCode>8858271003075</ItemCode>
      <ItemType>1</ItemType>
      <ItemName>רוטב סויה מתוקה5 700מ"ל</ItemName>
      <ManufactureName>מזרח ומערב יבוא ושיווק</ManufactureName>
      <ManufactureCountry />
      <ManufactureItemDescription />
      <UnitQty>י"ח</UnitQty>
      <Quantity>700</Quantity>
      <UnitMeasure>ל  מ"ל</UnitMeasure>
      <BisWeighted>0</BisWeighted>
      <QtyInPackage>1</QtyInPackage>
      <ItemPrice>17.90</ItemPrice>
      <UnitOfMeasurePrice>2.56</UnitOfMeasurePrice>
      <AllowDiscount>1</AllowDiscount>
      <itemStatus>1</itemStatus>
      <LastUpdateDate />
      <LastUpdateTime />
    </Product>
    <Product>
      <PriceUpdateDate>2016/01/07 17:57</PriceUpdateDate>
      <ItemCode>8858271003136</ItemCode>
      <ItemType>1</ItemType>
      <ItemName>רוטב פטריות צמחוני 250מ"ל</ItemName>
      <ManufactureName>מזרח ומערב יבוא ושיווק</ManufactureName>
      <ManufactureCountry />
      <ManufactureItemDescription />
      <UnitQty>י"ח</UnitQty>
      <Quantity>250</Quantity>
      <UnitMeasure>ל  מ"ל</UnitMeasure>
      <BisWeighted>0</BisWeighted>
      <QtyInPackage>1</QtyInPackage>
      <ItemPrice>11.90</ItemPrice>
      <UnitOfMeasurePrice>4.76</UnitOfMeasurePrice>
      <AllowDiscount>1</AllowDiscount>
      <itemStatus>1</itemStatus>
      <LastUpdateDate />
      <LastUpdateTime />
    </Product>
    <Product>
      <PriceUpdateDate>2019/03/25 10:10</PriceUpdateDate>
      <ItemCode>8858271003921</ItemCode>
      <ItemType>1</ItemType>
      <ItemName>רוטב קארי אדום 250מ"ל</ItemName>
      <ManufactureName>מזרח ומערב יבוא ושיווק</ManufactureName>
      <ManufactureCountry />
      <ManufactureItemDescription />
      <UnitQty>י"ח</UnitQty>
      <Quantity>250</Quantity>
      <UnitMeasure>ל  מ"ל</UnitMeasure>
      <BisWeighted>0</BisWeighted>
      <QtyInPackage>1</QtyInPackage>
      <ItemPrice>11.90</ItemPrice>
      <UnitOfMeasurePrice>4.76</UnitOfMeasurePrice>
      <AllowDiscount>1</AllowDiscount>
      <itemStatus>1</itemStatus>
      <LastUpdateDate />
      <LastUpdateTime />
    </Product>
    <Product>
      <PriceUpdateDate>2019/03/25 10:10</PriceUpdateDate>
      <ItemCode>8858271003938</ItemCode>
      <ItemType>1</ItemType>
      <ItemName>רוטב קארי ירוק 250מ"ל</ItemName>
      <ManufactureName>מזרח ומערב יבוא ושיווק</ManufactureName>
      <ManufactureCountry />
      <ManufactureItemDescription />
      <UnitQty>י"ח</UnitQty>
      <Quantity>250</Quantity>
      <UnitMeasure>ל  מ"ל</UnitMeasure>
      <BisWeighted>0</BisWeighted>
      <QtyInPackage>1</QtyInPackage>
      <ItemPrice>11.90</ItemPrice>
      <UnitOfMeasurePrice>4.76</UnitOfMeasurePrice>
      <AllowDiscount>1</AllowDiscount>
      <itemStatus>1</itemStatus>
      <LastUpdateDate />
      <LastUpdateTime />
    </Product>
    <Product>
      <PriceUpdateDate>2019/03/25 10:10</PriceUpdateDate>
      <ItemCode>8858271004034</ItemCode>
      <ItemType>1</ItemType>
      <ItemName>רוטב צ`ילי חריף 700מ"ל</ItemName>
      <ManufactureName>מזרח ומערב יבוא ושיווק</ManufactureName>
      <ManufactureCountry />
      <ManufactureItemDescription />
      <UnitQty>י"ח</UnitQty>
      <Quantity>700</Quantity>
      <UnitMeasure>ל  מ"ל</UnitMeasure>
      <BisWeighted>0</BisWeighted>
      <QtyInPackage>1</QtyInPackage>
      <ItemPrice>13.90</ItemPrice>
      <UnitOfMeasurePrice>1.99</UnitOfMeasurePrice>
      <AllowDiscount>1</AllowDiscount>
      <itemStatus>1</itemStatus>
      <LastUpdateDate />
      <LastUpdateTime />
    </Product>
    <Product>
      <PriceUpdateDate>2019/03/25 10:10</PriceUpdateDate>
      <ItemCode>8858271004126</ItemCode>
      <ItemType>1</ItemType>
      <ItemName>רוטב חמוץ מתוק 700מ"ל</ItemName>
      <ManufactureName>מזרח ומערב יבוא ושיווק</ManufactureName>
      <ManufactureCountry />
      <ManufactureItemDescription />
      <UnitQty>י"ח</UnitQty>
      <Quantity>700</Quantity>
      <UnitMeasure>ל  מ"ל</UnitMeasure>
      <BisWeighted>0</BisWeighted>
      <QtyInPackage>1</QtyInPackage>
      <ItemPrice>14.90</ItemPrice>
      <UnitOfMeasurePrice>2.13</UnitOfMeasurePrice>
      <AllowDiscount>1</AllowDiscount>
      <itemStatus>1</itemStatus>
      <LastUpdateDate />
      <LastUpdateTime />
    </Product>
    <Product>
      <PriceUpdateDate>2019/03/25 10:10</PriceUpdateDate>
      <ItemCode>8858271004300</ItemCode>
      <ItemType>1</ItemType>
      <ItemName>רוטב טריאקי 700מ"ל</ItemName>
      <ManufactureName>מזרח ומערב יבוא ושיווק</ManufactureName>
      <ManufactureCountry />
      <ManufactureItemDescription />
      <UnitQty>י"ח</UnitQty>
      <Quantity>700</Quantity>
      <UnitMeasure>ל  מ"ל</UnitMeasure>
      <BisWeighted>0</BisWeighted>
      <QtyInPackage>1</QtyInPackage>
      <ItemPrice>20.90</ItemPrice>
      <UnitOfMeasurePrice>2.99</UnitOfMeasurePrice>
      <AllowDiscount>1</AllowDiscount>
      <itemStatus>1</itemStatus>
      <LastUpdateDate />
      <LastUpdateTime />
    </Product>
    <Product>
      <PriceUpdateDate>2019/03/25 10:10</PriceUpdateDate>
      <ItemCode>8858271004423</ItemCode>
      <ItemType>1</ItemType>
      <ItemName>רוטב טום יאם אפ 250מ"ל</ItemName>
      <ManufactureName>מזרח ומערב יבוא ושיווק</ManufactureName>
      <ManufactureCountry />
      <ManufactureItemDescription />
      <UnitQty>י"ח</UnitQty>
      <Quantity>250</Quantity>
      <UnitMeasure>ל  מ"ל</UnitMeasure>
      <BisWeighted>0</BisWeighted>
      <QtyInPackage>1</QtyInPackage>
      <ItemPrice>11.90</ItemPrice>
      <UnitOfMeasurePrice>4.76</UnitOfMeasurePrice>
      <AllowDiscount>1</AllowDiscount>
      <itemStatus>1</itemStatus>
      <LastUpdateDate />
      <LastUpdateTime />
    </Product>
    <Product>
      <PriceUpdateDate>2019/03/25 10:10</PriceUpdateDate>
      <ItemCode>8858271004522</ItemCode>
      <ItemType>1</ItemType>
      <ItemName>צ`ילי ירוק לתיבול דגים 250מ"ל</ItemName>
      <ManufactureName>מזרח ומערב יבוא ושיווק</ManufactureName>
      <ManufactureCountry />
      <ManufactureItemDescription />
      <UnitQty>י"ח</UnitQty>
      <Quantity>500</Quantity>
      <UnitMeasure>ל  גרם</UnitMeasure>
      <BisWeighted>0</BisWeighted>
      <QtyInPackage>1</QtyInPackage>
      <ItemPrice>11.90</ItemPrice>
      <UnitOfMeasurePrice>2.38</UnitOfMeasurePrice>
      <AllowDiscount>1</AllowDiscount>
      <itemStatus>1</itemStatus>
      <LastUpdateDate />
      <LastUpdateTime />
    </Product>
    <Product>
      <PriceUpdateDate>2019/03/25 10:10</PriceUpdateDate>
      <ItemCode>8858271004799</ItemCode>
      <ItemType>1</ItemType>
      <ItemName>רוטב צ`ילי מתוק  700מ"ל ALL PURPSES</ItemName>
      <ManufactureName>מזרח ומערב יבוא ושיווק</ManufactureName>
      <ManufactureCountry />
      <ManufactureItemDescription />
      <UnitQty>י"ח</UnitQty>
      <Quantity>700</Quantity>
      <UnitMeasure>ל  מ"ל</UnitMeasure>
      <BisWeighted>0</BisWeighted>
      <QtyInPackage>1</QtyInPackage>
      <ItemPrice>9.90</ItemPrice>
      <UnitOfMeasurePrice>1.41</UnitOfMeasurePrice>
      <AllowDiscount>1</AllowDiscount>
      <itemStatus>1</itemStatus>
      <LastUpdateDate />
      <LastUpdateTime />
    </Product>
    <Product>
      <PriceUpdateDate>2019/03/25 10:10</PriceUpdateDate>
      <ItemCode>8858271005772</ItemCode>
      <ItemType>1</ItemType>
      <ItemName>רוטב סויה ללא גלוטן 300מ"ל</ItemName>
      <ManufactureName>מזרח ומערב יבוא ושיווק</ManufactureName>
      <ManufactureCountry />
      <ManufactureItemDescription />
      <UnitQty>י"ח</UnitQty>
      <Quantity>300</Quantity>
      <UnitMeasure>ל  מ"ל</UnitMeasure>
      <BisWeighted>0</BisWeighted>
      <QtyInPackage>1</QtyInPackage>
      <ItemPrice>17.90</ItemPrice>
      <UnitOfMeasurePrice>5.97</UnitOfMeasurePrice>
      <AllowDiscount>1</AllowDiscount>
      <itemStatus>1</itemStatus>
      <LastUpdateDate />
      <LastUpdateTime />
    </Product>
    <Product>
      <PriceUpdateDate>2019/06/12 11:08</PriceUpdateDate>
      <ItemCode>8859018421114</ItemCode>
      <ItemType>1</ItemType>
      <ItemName>חטיף בננה ציפס מלח ים  45ג.</ItemName>
      <ManufactureName>ג.וילי פוד אינטרנשיונל בעמ</ManufactureName>
      <ManufactureCountry />
      <ManufactureItemDescription />
      <UnitQty>י"ח</UnitQty>
      <Quantity>45</Quantity>
      <UnitMeasure>ל  גרם</UnitMeasure>
      <BisWeighted>0</BisWeighted>
      <QtyInPackage>1</QtyInPackage>
      <ItemPrice>5.80</ItemPrice>
      <UnitOfMeasurePrice>12.89</UnitOfMeasurePrice>
      <AllowDiscount>1</AllowDiscount>
      <itemStatus>1</itemStatus>
      <LastUpdateDate />
      <LastUpdateTime />
    </Product>
    <Product>
      <PriceUpdateDate>2019/06/12 11:08</PriceUpdateDate>
      <ItemCode>8859018421510</ItemCode>
      <ItemType>1</ItemType>
      <ItemName>חטיף בננה צילי מתוק  45ג.</ItemName>
      <ManufactureName>ג.וילי פוד אינטרנשיונל בעמ</ManufactureName>
      <ManufactureCountry />
      <ManufactureItemDescription />
      <UnitQty>י"ח</UnitQty>
      <Quantity>45</Quantity>
      <UnitMeasure>ל  גרם</UnitMeasure>
      <BisWeighted>0</BisWeighted>
      <QtyInPackage>1</QtyInPackage>
      <ItemPrice>5.80</ItemPrice>
      <UnitOfMeasurePrice>12.89</UnitOfMeasurePrice>
      <AllowDiscount>1</AllowDiscount>
      <itemStatus>1</itemStatus>
      <LastUpdateDate />
      <LastUpdateTime />
    </Product>
    <Product>
      <PriceUpdateDate>2019/06/12 11:08</PriceUpdateDate>
      <ItemCode>8859018421718</ItemCode>
      <ItemType>1</ItemType>
      <ItemName>חטיף בננה ציפס ברביקיו 45ג</ItemName>
      <ManufactureName>ג.וילי פוד אינטרנשיונל בעמ</ManufactureName>
      <ManufactureCountry />
      <ManufactureItemDescription />
      <UnitQty>י"ח</UnitQty>
      <Quantity>45</Quantity>
      <UnitMeasure>ל  גרם</UnitMeasure>
      <BisWeighted>0</BisWeighted>
      <QtyInPackage>1</QtyInPackage>
      <ItemPrice>5.80</ItemPrice>
      <UnitOfMeasurePrice>12.89</UnitOfMeasurePrice>
      <AllowDiscount>1</AllowDiscount>
      <itemStatus>1</itemStatus>
      <LastUpdateDate />
      <LastUpdateTime />
    </Product>
    <Product>
      <PriceUpdateDate>2015/12/02 09:09</PriceUpdateDate>
      <ItemCode>8901138500306</ItemCode>
      <ItemType>1</ItemType>
      <ItemName>משחת שניים 100גר המלאיה</ItemName>
      <ManufactureName>שקד תבל בעמ</ManufactureName>
      <ManufactureCountry />
      <ManufactureItemDescription />
      <UnitQty>י"ח</UnitQty>
      <Quantity>100</Quantity>
      <UnitMeasure>ל  מ"ל</UnitMeasure>
      <BisWeighted>0</BisWeighted>
      <QtyInPackage>1</QtyInPackage>
      <ItemPrice>19.90</ItemPrice>
      <UnitOfMeasurePrice>19.90</UnitOfMeasurePrice>
      <AllowDiscount>1</AllowDiscount>
      <itemStatus>1</itemStatus>
      <LastUpdateDate />
      <LastUpdateTime />
    </Product>
    <Product>
      <PriceUpdateDate>2016/10/07 10:28</PriceUpdateDate>
      <ItemCode>8901138825577</ItemCode>
      <ItemType>1</ItemType>
      <ItemName>משחת שניים 100גר המלאיה להגנה מושלמת 75מ</ItemName>
      <ManufactureName>שקד תבל בעמ</ManufactureName>
      <ManufactureCountry />
      <ManufactureItemDescription />
      <UnitQty>י"ח</UnitQty>
      <Quantity>1</Quantity>
      <UnitMeasure />
      <BisWeighted>0</BisWeighted>
      <QtyInPackage>1</QtyInPackage>
      <ItemPrice>19.90</ItemPrice>
      <UnitOfMeasurePrice>19.90</UnitOfMeasurePrice>
      <AllowDiscount>1</AllowDiscount>
      <itemStatus>1</itemStatus>
      <LastUpdateDate />
      <LastUpdateTime />
    </Product>
    <Product>
      <PriceUpdateDate>2016/10/07 10:28</PriceUpdateDate>
      <ItemCode>8901138825591</ItemCode>
      <ItemType>1</ItemType>
      <ItemName>משחת שניים 100גר מלבינה 75מ"ל</ItemName>
      <ManufactureName>שקד תבל בעמ</ManufactureName>
      <ManufactureCountry />
      <ManufactureItemDescription />
      <UnitQty>י"ח</UnitQty>
      <Quantity>1</Quantity>
      <UnitMeasure />
      <BisWeighted>0</BisWeighted>
      <QtyInPackage>1</QtyInPackage>
      <ItemPrice>19.90</ItemPrice>
      <UnitOfMeasurePrice>19.90</UnitOfMeasurePrice>
      <AllowDiscount>1</AllowDiscount>
      <itemStatus>1</itemStatus>
      <LastUpdateDate />
      <LastUpdateTime />
    </Product>
    <Product>
      <PriceUpdateDate>2016/10/07 10:28</PriceUpdateDate>
      <ItemCode>8901138825614</ItemCode>
      <ItemType>1</ItemType>
      <ItemName>משחת שניים 75גר המלאיה</ItemName>
      <ManufactureName>שקד תבל בעמ</ManufactureName>
      <ManufactureCountry />
      <ManufactureItemDescription />
      <UnitQty>י"ח</UnitQty>
      <Quantity>75</Quantity>
      <UnitMeasure>ל  גרם</UnitMeasure>
      <BisWeighted>0</BisWeighted>
      <QtyInPackage>1</QtyInPackage>
      <ItemPrice>19.90</ItemPrice>
      <UnitOfMeasurePrice>26.53</UnitOfMeasurePrice>
      <AllowDiscount>1</AllowDiscount>
      <itemStatus>1</itemStatus>
      <LastUpdateDate />
      <LastUpdateTime />
    </Product>
    <Product>
      <PriceUpdateDate>2016/10/07 10:28</PriceUpdateDate>
      <ItemCode>8901138825638</ItemCode>
      <ItemType>1</ItemType>
      <ItemName>משחת שניים 75גר המלאיה</ItemName>
      <ManufactureName>שקד תבל בעמ</ManufactureName>
      <ManufactureCountry />
      <ManufactureItemDescription />
      <UnitQty>י"ח</UnitQty>
      <Quantity>75</Quantity>
      <UnitMeasure>ל  גרם</UnitMeasure>
      <BisWeighted>0</BisWeighted>
      <QtyInPackage>1</QtyInPackage>
      <ItemPrice>19.90</ItemPrice>
      <UnitOfMeasurePrice>26.53</UnitOfMeasurePrice>
      <AllowDiscount>1</AllowDiscount>
      <itemStatus>1</itemStatus>
      <LastUpdateDate />
      <LastUpdateTime />
    </Product>
    <Product>
      <PriceUpdateDate>2019/12/09 12:59</PriceUpdateDate>
      <ItemCode>8901719902413</ItemCode>
      <ItemType>1</ItemType>
      <ItemName>ביסקויט פרלה גי וניל 300ג</ItemName>
      <ManufactureName>ציון תורגמן בעמ</ManufactureName>
      <ManufactureCountry />
      <ManufactureItemDescription />
      <UnitQty>י"ח</UnitQty>
      <Quantity>300</Quantity>
      <UnitMeasure>ל  גרם</UnitMeasure>
      <BisWeighted>0</BisWeighted>
      <QtyInPackage>1</QtyInPackage>
      <ItemPrice>6.90</ItemPrice>
      <UnitOfMeasurePrice>2.30</UnitOfMeasurePrice>
      <AllowDiscount>1</AllowDiscount>
      <itemStatus>1</itemStatus>
      <LastUpdateDate />
      <LastUpdateTime />
    </Product>
    <Product>
      <PriceUpdateDate>2020/04/23 11:11</PriceUpdateDate>
      <ItemCode>8906009801575</ItemCode>
      <ItemType>1</ItemType>
      <ItemName>גליליות וופל אגוזים 100 גרם אבאל</ItemName>
      <ManufactureName>אבאל יזמות בעמ</ManufactureName>
      <ManufactureCountry />
      <ManufactureItemDescription />
      <UnitQty>י"ח</UnitQty>
      <Quantity>100</Quantity>
      <UnitMeasure>ל  גרם</UnitMeasure>
      <BisWeighted>0</BisWeighted>
      <QtyInPackage>1</QtyInPackage>
      <ItemPrice>3.90</ItemPrice>
      <UnitOfMeasurePrice>3.90</UnitOfMeasurePrice>
      <AllowDiscount>1</AllowDiscount>
      <itemStatus>1</itemStatus>
      <LastUpdateDate />
      <LastUpdateTime />
    </Product>
    <Product>
      <PriceUpdateDate>2020/04/23 11:11</PriceUpdateDate>
      <ItemCode>8906009801599</ItemCode>
      <ItemType>1</ItemType>
      <ItemName>גליליות וופל אגוזי לוז 100 גרם אבאל</ItemName>
      <ManufactureName>אבאל יזמות בעמ</ManufactureName>
      <ManufactureCountry />
      <ManufactureItemDescription />
      <UnitQty>י"ח</UnitQty>
      <Quantity>100</Quantity>
      <UnitMeasure>ל  גרם</UnitMeasure>
      <BisWeighted>0</BisWeighted>
      <QtyInPackage>1</QtyInPackage>
      <ItemPrice>3.90</ItemPrice>
      <UnitOfMeasurePrice>3.90</UnitOfMeasurePrice>
      <AllowDiscount>1</AllowDiscount>
      <itemStatus>1</itemStatus>
      <LastUpdateDate />
      <LastUpdateTime />
    </Product>
    <Product>
      <PriceUpdateDate>2019/03/25 10:10</PriceUpdateDate>
      <ItemCode>8934878081712</ItemCode>
      <ItemType>1</ItemType>
      <ItemName>אטריות אורז 5מ"מ 450גר</ItemName>
      <ManufactureName>מזרח ומערב יבוא ושיווק</ManufactureName>
      <ManufactureCountry />
      <ManufactureItemDescription />
      <UnitQty>י"ח</UnitQty>
      <Quantity>450</Quantity>
      <UnitMeasure>ל  גרם</UnitMeasure>
      <BisWeighted>0</BisWeighted>
      <QtyInPackage>1</QtyInPackage>
      <ItemPrice>8.90</ItemPrice>
      <UnitOfMeasurePrice>1.98</UnitOfMeasurePrice>
      <AllowDiscount>1</AllowDiscount>
      <itemStatus>1</itemStatus>
      <LastUpdateDate />
      <LastUpdateTime />
    </Product>
    <Product>
      <PriceUpdateDate>2019/03/25 10:10</PriceUpdateDate>
      <ItemCode>8934878081736</ItemCode>
      <ItemType>1</ItemType>
      <ItemName>אטריות אורז 3מ"מ 450גר</ItemName>
      <ManufactureName>מזרח ומערב יבוא ושיווק</ManufactureName>
      <ManufactureCountry />
      <ManufactureItemDescription />
      <UnitQty>י"ח</UnitQty>
      <Quantity>400</Quantity>
      <UnitMeasure>ל  גרם</UnitMeasure>
      <BisWeighted>0</BisWeighted>
      <QtyInPackage>1</QtyInPackage>
      <ItemPrice>8.90</ItemPrice>
      <UnitOfMeasurePrice>2.23</UnitOfMeasurePrice>
      <AllowDiscount>1</AllowDiscount>
      <itemStatus>1</itemStatus>
      <LastUpdateDate />
      <LastUpdateTime />
    </Product>
    <Product>
      <PriceUpdateDate>2019/03/25 10:10</PriceUpdateDate>
      <ItemCode>8934878081798</ItemCode>
      <ItemType>1</ItemType>
      <ItemName>דפי אורז 16ס"מ 400גר</ItemName>
      <ManufactureName>מזרח ומערב יבוא ושיווק</ManufactureName>
      <ManufactureCountry />
      <ManufactureItemDescription />
      <UnitQty>י"ח</UnitQty>
      <Quantity>400</Quantity>
      <UnitMeasure>ל  גרם</UnitMeasure>
      <BisWeighted>0</BisWeighted>
      <QtyInPackage>1</QtyInPackage>
      <ItemPrice>11.90</ItemPrice>
      <UnitOfMeasurePrice>2.98</UnitOfMeasurePrice>
      <AllowDiscount>1</AllowDiscount>
      <itemStatus>1</itemStatus>
      <LastUpdateDate />
      <LastUpdateTime />
    </Product>
    <Product>
      <PriceUpdateDate>2019/03/25 10:10</PriceUpdateDate>
      <ItemCode>8934878081811</ItemCode>
      <ItemType>1</ItemType>
      <ItemName>דפי אורז 22ס"מ 400גר</ItemName>
      <ManufactureName>מזרח ומערב יבוא ושיווק</ManufactureName>
      <ManufactureCountry />
      <ManufactureItemDescription />
      <UnitQty>י"ח</UnitQty>
      <Quantity>400</Quantity>
      <UnitMeasure>ל  גרם</UnitMeasure>
      <BisWeighted>0</BisWeighted>
      <QtyInPackage>1</QtyInPackage>
      <ItemPrice>15.90</ItemPrice>
      <UnitOfMeasurePrice>3.98</UnitOfMeasurePrice>
      <AllowDiscount>1</AllowDiscount>
      <itemStatus>1</itemStatus>
      <LastUpdateDate />
      <LastUpdateTime />
    </Product>
    <Product>
      <PriceUpdateDate>2019/03/25 10:10</PriceUpdateDate>
      <ItemCode>8934878081835</ItemCode>
      <ItemType>1</ItemType>
      <ItemName>אטריות אורז דקות 1מ"מ 450גר</ItemName>
      <ManufactureName>מזרח ומערב יבוא ושיווק</ManufactureName>
      <ManufactureCountry />
      <ManufactureItemDescription />
      <UnitQty>י"ח</UnitQty>
      <Quantity>450</Quantity>
      <UnitMeasure>ל  גרם</UnitMeasure>
      <BisWeighted>0</BisWeighted>
      <QtyInPackage>1</QtyInPackage>
      <ItemPrice>7.90</ItemPrice>
      <UnitOfMeasurePrice>1.76</UnitOfMeasurePrice>
      <AllowDiscount>1</AllowDiscount>
      <itemStatus>1</itemStatus>
      <LastUpdateDate />
      <LastUpdateTime />
    </Product>
    <Product>
      <PriceUpdateDate>2017/11/10 08:42</PriceUpdateDate>
      <ItemCode>9000100651028</ItemCode>
      <ItemType>1</ItemType>
      <ItemName>דאודורנט רול און FA בלאק סאן</ItemName>
      <ManufactureName>הנקל סוד בעמ</ManufactureName>
      <ManufactureCountry />
      <ManufactureItemDescription />
      <UnitQty>י"ח</UnitQty>
      <Quantity>200</Quantity>
      <UnitMeasure>ל  מ"ל</UnitMeasure>
      <BisWeighted>0</BisWeighted>
      <QtyInPackage>1</QtyInPackage>
      <ItemPrice>10.90</ItemPrice>
      <UnitOfMeasurePrice>5.45</UnitOfMeasurePrice>
      <AllowDiscount>1</AllowDiscount>
      <itemStatus>1</itemStatus>
      <LastUpdateDate />
      <LastUpdateTime />
    </Product>
    <Product>
      <PriceUpdateDate>2017/11/09 09:34</PriceUpdateDate>
      <ItemCode>9000100736817</ItemCode>
      <ItemType>1</ItemType>
      <ItemName>פה רול  מקס`פרוטקט</ItemName>
      <ManufactureName>הנקל סוד בעמ</ManufactureName>
      <ManufactureCountry />
      <ManufactureItemDescription />
      <UnitQty>י"ח</UnitQty>
      <Quantity>50</Quantity>
      <UnitMeasure>ל  מ"ל</UnitMeasure>
      <BisWeighted>0</BisWeighted>
      <QtyInPackage>1</QtyInPackage>
      <ItemPrice>10.90</ItemPrice>
      <UnitOfMeasurePrice>21.80</UnitOfMeasurePrice>
      <AllowDiscount>1</AllowDiscount>
      <itemStatus>1</itemStatus>
      <LastUpdateDate />
      <LastUpdateTime />
    </Product>
    <Product>
      <PriceUpdateDate>2017/11/09 09:34</PriceUpdateDate>
      <ItemCode>9000100738248</ItemCode>
      <ItemType>1</ItemType>
      <ItemName>דאודורנט רול און FA ספורט</ItemName>
      <ManufactureName>הנקל סוד בעמ</ManufactureName>
      <ManufactureCountry />
      <ManufactureItemDescription />
      <UnitQty>י"ח</UnitQty>
      <Quantity>200</Quantity>
      <UnitMeasure>ל  מ"ל</UnitMeasure>
      <BisWeighted>0</BisWeighted>
      <QtyInPackage>1</QtyInPackage>
      <ItemPrice>10.90</ItemPrice>
      <UnitOfMeasurePrice>5.45</UnitOfMeasurePrice>
      <AllowDiscount>1</AllowDiscount>
      <itemStatus>1</itemStatus>
      <LastUpdateDate />
      <LastUpdateTime />
    </Product>
    <Product>
      <PriceUpdateDate>2018/03/02 08:31</PriceUpdateDate>
      <ItemCode>9000100760591</ItemCode>
      <ItemType>1</ItemType>
      <ItemName>פה רול פור מאן</ItemName>
      <ManufactureName>הנקל סוד בעמ</ManufactureName>
      <ManufactureCountry />
      <ManufactureItemDescription />
      <UnitQty>י"ח</UnitQty>
      <Quantity>50</Quantity>
      <UnitMeasure>ל  מ"ל</UnitMeasure>
      <BisWeighted>0</BisWeighted>
      <QtyInPackage>1</QtyInPackage>
      <ItemPrice>10.90</ItemPrice>
      <UnitOfMeasurePrice>21.80</UnitOfMeasurePrice>
      <AllowDiscount>1</AllowDiscount>
      <itemStatus>1</itemStatus>
      <LastUpdateDate />
      <LastUpdateTime />
    </Product>
    <Product>
      <PriceUpdateDate>2017/11/09 09:34</PriceUpdateDate>
      <ItemCode>9000100798709</ItemCode>
      <ItemType>1</ItemType>
      <ItemName>פה רול פור מאן</ItemName>
      <ManufactureName>הנקל סוד בעמ</ManufactureName>
      <ManufactureCountry />
      <ManufactureItemDescription />
      <UnitQty>י"ח</UnitQty>
      <Quantity>50</Quantity>
      <UnitMeasure>ל  מ"ל</UnitMeasure>
      <BisWeighted>0</BisWeighted>
      <QtyInPackage>1</QtyInPackage>
      <ItemPrice>10.90</ItemPrice>
      <UnitOfMeasurePrice>21.80</UnitOfMeasurePrice>
      <AllowDiscount>1</AllowDiscount>
      <itemStatus>1</itemStatus>
      <LastUpdateDate />
      <LastUpdateTime />
    </Product>
    <Product>
      <PriceUpdateDate>2017/11/09 09:34</PriceUpdateDate>
      <ItemCode>9000100806657</ItemCode>
      <ItemType>1</ItemType>
      <ItemName>פה רול פור מאן ספורט</ItemName>
      <ManufactureName>הנקל סוד בעמ</ManufactureName>
      <ManufactureCountry />
      <ManufactureItemDescription />
      <UnitQty>י"ח</UnitQty>
      <Quantity>50</Quantity>
      <UnitMeasure>ל  מ"ל</UnitMeasure>
      <BisWeighted>0</BisWeighted>
      <QtyInPackage>1</QtyInPackage>
      <ItemPrice>10.90</ItemPrice>
      <UnitOfMeasurePrice>21.80</UnitOfMeasurePrice>
      <AllowDiscount>1</AllowDiscount>
      <itemStatus>1</itemStatus>
      <LastUpdateDate />
      <LastUpdateTime />
    </Product>
    <Product>
      <PriceUpdateDate>2017/11/10 08:42</PriceUpdateDate>
      <ItemCode>9000100806824</ItemCode>
      <ItemType>1</ItemType>
      <ItemName>פה רול פור מאן ULTIMATE DRY ספורט</ItemName>
      <ManufactureName>הנקל סוד בעמ</ManufactureName>
      <ManufactureCountry />
      <ManufactureItemDescription />
      <UnitQty>י"ח</UnitQty>
      <Quantity>50</Quantity>
      <UnitMeasure>ל  מ"ל</UnitMeasure>
      <BisWeighted>0</BisWeighted>
      <QtyInPackage>1</QtyInPackage>
      <ItemPrice>10.90</ItemPrice>
      <UnitOfMeasurePrice>21.80</UnitOfMeasurePrice>
      <AllowDiscount>1</AllowDiscount>
      <itemStatus>1</itemStatus>
      <LastUpdateDate />
      <LastUpdateTime />
    </Product>
    <Product>
      <PriceUpdateDate>2017/11/10 08:42</PriceUpdateDate>
      <ItemCode>9000100876780</ItemCode>
      <ItemType>1</ItemType>
      <ItemName>פה רול פור מאן</ItemName>
      <ManufactureName>הנקל סוד בעמ</ManufactureName>
      <ManufactureCountry />
      <ManufactureItemDescription />
      <UnitQty>י"ח</UnitQty>
      <Quantity>50</Quantity>
      <UnitMeasure>ל  מ"ל</UnitMeasure>
      <BisWeighted>0</BisWeighted>
      <QtyInPackage>1</QtyInPackage>
      <ItemPrice>10.90</ItemPrice>
      <UnitOfMeasurePrice>21.80</UnitOfMeasurePrice>
      <AllowDiscount>1</AllowDiscount>
      <itemStatus>1</itemStatus>
      <LastUpdateDate />
      <LastUpdateTime />
    </Product>
    <Product>
      <PriceUpdateDate>2017/11/10 08:42</PriceUpdateDate>
      <ItemCode>9000100935913</ItemCode>
      <ItemType>1</ItemType>
      <ItemName>פה רול פור מאן</ItemName>
      <ManufactureName>הנקל סוד בעמ</ManufactureName>
      <ManufactureCountry />
      <ManufactureItemDescription />
      <UnitQty>י"ח</UnitQty>
      <Quantity>50</Quantity>
      <UnitMeasure>ל  מ"ל</UnitMeasure>
      <BisWeighted>0</BisWeighted>
      <QtyInPackage>1</QtyInPackage>
      <ItemPrice>10.90</ItemPrice>
      <UnitOfMeasurePrice>21.80</UnitOfMeasurePrice>
      <AllowDiscount>1</AllowDiscount>
      <itemStatus>1</itemStatus>
      <LastUpdateDate />
      <LastUpdateTime />
    </Product>
    <Product>
      <PriceUpdateDate>2017/11/09 09:34</PriceUpdateDate>
      <ItemCode>9000100936545</ItemCode>
      <ItemType>1</ItemType>
      <ItemName>פה רול פור מאן ספורט</ItemName>
      <ManufactureName>הנקל סוד בעמ</ManufactureName>
      <ManufactureCountry />
      <ManufactureItemDescription />
      <UnitQty>י"ח</UnitQty>
      <Quantity>50</Quantity>
      <UnitMeasure>ל  מ"ל</UnitMeasure>
      <BisWeighted>0</BisWeighted>
      <QtyInPackage>1</QtyInPackage>
      <ItemPrice>10.90</ItemPrice>
      <UnitOfMeasurePrice>21.80</UnitOfMeasurePrice>
      <AllowDiscount>1</AllowDiscount>
      <itemStatus>1</itemStatus>
      <LastUpdateDate />
      <LastUpdateTime />
    </Product>
    <Product>
      <PriceUpdateDate>2017/12/25 13:59</PriceUpdateDate>
      <ItemCode>9000101050936</ItemCode>
      <ItemType>1</ItemType>
      <ItemName>מכסה גליס 300מ"ל שמני הזנה</ItemName>
      <ManufactureName>הנקל סוד בעמ</ManufactureName>
      <ManufactureCountry />
      <ManufactureItemDescription />
      <UnitQty>י"ח</UnitQty>
      <Quantity>300</Quantity>
      <UnitMeasure>ל  מ"ל</UnitMeasure>
      <BisWeighted>0</BisWeighted>
      <QtyInPackage>1</QtyInPackage>
      <ItemPrice>28.90</ItemPrice>
      <UnitOfMeasurePrice>9.63</UnitOfMeasurePrice>
      <AllowDiscount>1</AllowDiscount>
      <itemStatus>1</itemStatus>
      <LastUpdateDate />
      <LastUpdateTime />
    </Product>
    <Product>
      <PriceUpdateDate>2018/03/02 08:31</PriceUpdateDate>
      <ItemCode>9000101092172</ItemCode>
      <ItemType>1</ItemType>
      <ItemName>פה רול פור מאן</ItemName>
      <ManufactureName>הנקל סוד בעמ</ManufactureName>
      <ManufactureCountry />
      <ManufactureItemDescription />
      <UnitQty>י"ח</UnitQty>
      <Quantity>50</Quantity>
      <UnitMeasure>ל  מ"ל</UnitMeasure>
      <BisWeighted>0</BisWeighted>
      <QtyInPackage>1</QtyInPackage>
      <ItemPrice>10.90</ItemPrice>
      <UnitOfMeasurePrice>21.80</UnitOfMeasurePrice>
      <AllowDiscount>1</AllowDiscount>
      <itemStatus>1</itemStatus>
      <LastUpdateDate />
      <LastUpdateTime />
    </Product>
    <Product>
      <PriceUpdateDate>2019/01/25 08:08</PriceUpdateDate>
      <ItemCode>9001616202186</ItemCode>
      <ItemType>1</ItemType>
      <ItemName>בקבוק 330מ"ל ללא חלקים מתפרקים</ItemName>
      <ManufactureName>אלפא קוסמטיקה</ManufactureName>
      <ManufactureCountry />
      <ManufactureItemDescription />
      <UnitQty>י"ח</UnitQty>
      <Quantity>260</Quantity>
      <UnitMeasure>ל  מ"ל</UnitMeasure>
      <BisWeighted>0</BisWeighted>
      <QtyInPackage>1</QtyInPackage>
      <ItemPrice>38.90</ItemPrice>
      <UnitOfMeasurePrice>14.96</UnitOfMeasurePrice>
      <AllowDiscount>1</AllowDiscount>
      <itemStatus>1</itemStatus>
      <LastUpdateDate />
      <LastUpdateTime />
    </Product>
    <Product>
      <PriceUpdateDate>2019/01/25 08:08</PriceUpdateDate>
      <ItemCode>9001616661099</ItemCode>
      <ItemType>1</ItemType>
      <ItemName>בקבוק 270מ"ל ללא חלקים מתפרקים</ItemName>
      <ManufactureName>אלפא קוסמטיקה</ManufactureName>
      <ManufactureCountry />
      <ManufactureItemDescription />
      <UnitQty>י"ח</UnitQty>
      <Quantity>260</Quantity>
      <UnitMeasure>ל  מ"ל</UnitMeasure>
      <BisWeighted>0</BisWeighted>
      <QtyInPackage>1</QtyInPackage>
      <ItemPrice>38.90</ItemPrice>
      <UnitOfMeasurePrice>14.96</UnitOfMeasurePrice>
      <AllowDiscount>1</AllowDiscount>
      <itemStatus>1</itemStatus>
      <LastUpdateDate />
      <LastUpdateTime />
    </Product>
    <Product>
      <PriceUpdateDate>2016/04/14 14:11</PriceUpdateDate>
      <ItemCode>9001616669903</ItemCode>
      <ItemType>1</ItemType>
      <ItemName>בקבוק 160מ"ל</ItemName>
      <ManufactureName>אלפא קוסמטיקה</ManufactureName>
      <ManufactureCountry />
      <ManufactureItemDescription />
      <UnitQty>י"ח</UnitQty>
      <Quantity>1</Quantity>
      <UnitMeasure />
      <BisWeighted>0</BisWeighted>
      <QtyInPackage>1</QtyInPackage>
      <ItemPrice>38.90</ItemPrice>
      <UnitOfMeasurePrice>38.90</UnitOfMeasurePrice>
      <AllowDiscount>1</AllowDiscount>
      <itemStatus>1</itemStatus>
      <LastUpdateDate />
      <LastUpdateTime />
    </Product>
    <Product>
      <PriceUpdateDate>2016/04/14 14:11</PriceUpdateDate>
      <ItemCode>9001616669927</ItemCode>
      <ItemType>1</ItemType>
      <ItemName>בקבוק 260מ"ל</ItemName>
      <ManufactureName>אלפא קוסמטיקה</ManufactureName>
      <ManufactureCountry />
      <ManufactureItemDescription />
      <UnitQty>י"ח</UnitQty>
      <Quantity>260</Quantity>
      <UnitMeasure>ל  מ"ל</UnitMeasure>
      <BisWeighted>0</BisWeighted>
      <QtyInPackage>1</QtyInPackage>
      <ItemPrice>38.90</ItemPrice>
      <UnitOfMeasurePrice>14.96</UnitOfMeasurePrice>
      <AllowDiscount>1</AllowDiscount>
      <itemStatus>1</itemStatus>
      <LastUpdateDate />
      <LastUpdateTime />
    </Product>
    <Product>
      <PriceUpdateDate>2018/11/27 08:30</PriceUpdateDate>
      <ItemCode>9001616680991</ItemCode>
      <ItemType>1</ItemType>
      <ItemName>בקבוק 260מ"ל</ItemName>
      <ManufactureName>אלפא קוסמטיקה</ManufactureName>
      <ManufactureCountry />
      <ManufactureItemDescription />
      <UnitQty>י"ח</UnitQty>
      <Quantity>260</Quantity>
      <UnitMeasure>ל  מ"ל</UnitMeasure>
      <BisWeighted>0</BisWeighted>
      <QtyInPackage>1</QtyInPackage>
      <ItemPrice>38.90</ItemPrice>
      <UnitOfMeasurePrice>14.96</UnitOfMeasurePrice>
      <AllowDiscount>1</AllowDiscount>
      <itemStatus>1</itemStatus>
      <LastUpdateDate />
      <LastUpdateTime />
    </Product>
    <Product>
      <PriceUpdateDate>2018/11/27 08:30</PriceUpdateDate>
      <ItemCode>9001616681363</ItemCode>
      <ItemType>1</ItemType>
      <ItemName>בקבוק 260מ"ל</ItemName>
      <ManufactureName>אלפא קוסמטיקה</ManufactureName>
      <ManufactureCountry />
      <ManufactureItemDescription />
      <UnitQty>י"ח</UnitQty>
      <Quantity>260</Quantity>
      <UnitMeasure>ל  מ"ל</UnitMeasure>
      <BisWeighted>0</BisWeighted>
      <QtyInPackage>1</QtyInPackage>
      <ItemPrice>38.90</ItemPrice>
      <UnitOfMeasurePrice>14.96</UnitOfMeasurePrice>
      <AllowDiscount>1</AllowDiscount>
      <itemStatus>1</itemStatus>
      <LastUpdateDate />
      <LastUpdateTime />
    </Product>
    <Product>
      <PriceUpdateDate>2020/02/06 08:52</PriceUpdateDate>
      <ItemCode>9001616682216</ItemCode>
      <ItemType>1</ItemType>
      <ItemName>בקבוק 160מ"ל תכלת</ItemName>
      <ManufactureName>אלפא קוסמטיקה</ManufactureName>
      <ManufactureCountry />
      <ManufactureItemDescription />
      <UnitQty>י"ח</UnitQty>
      <Quantity>1</Quantity>
      <UnitMeasure />
      <BisWeighted>0</BisWeighted>
      <QtyInPackage>1</QtyInPackage>
      <ItemPrice>38.90</ItemPrice>
      <UnitOfMeasurePrice>38.90</UnitOfMeasurePrice>
      <AllowDiscount>1</AllowDiscount>
      <itemStatus>1</itemStatus>
      <LastUpdateDate />
      <LastUpdateTime />
    </Product>
    <Product>
      <PriceUpdateDate>2018/11/27 08:30</PriceUpdateDate>
      <ItemCode>9001616682223</ItemCode>
      <ItemType>1</ItemType>
      <ItemName>בקבוק 160מ"ל</ItemName>
      <ManufactureName>אלפא קוסמטיקה</ManufactureName>
      <ManufactureCountry />
      <ManufactureItemDescription />
      <UnitQty>י"ח</UnitQty>
      <Quantity>1</Quantity>
      <UnitMeasure />
      <BisWeighted>0</BisWeighted>
      <QtyInPackage>1</QtyInPackage>
      <ItemPrice>38.90</ItemPrice>
      <UnitOfMeasurePrice>38.90</UnitOfMeasurePrice>
      <AllowDiscount>1</AllowDiscount>
      <itemStatus>1</itemStatus>
      <LastUpdateDate />
      <LastUpdateTime />
    </Product>
    <Product>
      <PriceUpdateDate>2020/02/06 08:52</PriceUpdateDate>
      <ItemCode>9001616702969</ItemCode>
      <ItemType>1</ItemType>
      <ItemName>בקבוק 270מ"ל ללא חלקים מתפרקים ורוד</ItemName>
      <ManufactureName>אלפא קוסמטיקה</ManufactureName>
      <ManufactureCountry />
      <ManufactureItemDescription />
      <UnitQty>י"ח</UnitQty>
      <Quantity>260</Quantity>
      <UnitMeasure>ל  מ"ל</UnitMeasure>
      <BisWeighted>0</BisWeighted>
      <QtyInPackage>1</QtyInPackage>
      <ItemPrice>38.90</ItemPrice>
      <UnitOfMeasurePrice>14.96</UnitOfMeasurePrice>
      <AllowDiscount>1</AllowDiscount>
      <itemStatus>1</itemStatus>
      <LastUpdateDate />
      <LastUpdateTime />
    </Product>
    <Product>
      <PriceUpdateDate>2020/02/06 08:52</PriceUpdateDate>
      <ItemCode>9001616702976</ItemCode>
      <ItemType>1</ItemType>
      <ItemName>בקבוק 270מ"ל ללא חלקים מתפרקים לבן</ItemName>
      <ManufactureName>אלפא קוסמטיקה</ManufactureName>
      <ManufactureCountry />
      <ManufactureItemDescription />
      <UnitQty>י"ח</UnitQty>
      <Quantity>260</Quantity>
      <UnitMeasure>ל  מ"ל</UnitMeasure>
      <BisWeighted>0</BisWeighted>
      <QtyInPackage>1</QtyInPackage>
      <ItemPrice>38.90</ItemPrice>
      <UnitOfMeasurePrice>14.96</UnitOfMeasurePrice>
      <AllowDiscount>1</AllowDiscount>
      <itemStatus>1</itemStatus>
      <LastUpdateDate />
      <LastUpdateTime />
    </Product>
    <Product>
      <PriceUpdateDate>2020/02/06 08:52</PriceUpdateDate>
      <ItemCode>9001616702990</ItemCode>
      <ItemType>1</ItemType>
      <ItemName>בקבוק 270מ"ל ללא חלקים מתפרקים ירוק</ItemName>
      <ManufactureName>אלפא קוסמטיקה</ManufactureName>
      <ManufactureCountry />
      <ManufactureItemDescription />
      <UnitQty>י"ח</UnitQty>
      <Quantity>260</Quantity>
      <UnitMeasure>ל  מ"ל</UnitMeasure>
      <BisWeighted>0</BisWeighted>
      <QtyInPackage>1</QtyInPackage>
      <ItemPrice>38.90</ItemPrice>
      <UnitOfMeasurePrice>14.96</UnitOfMeasurePrice>
      <AllowDiscount>1</AllowDiscount>
      <itemStatus>1</itemStatus>
      <LastUpdateDate />
      <LastUpdateTime />
    </Product>
    <Product>
      <PriceUpdateDate>2019/01/25 08:08</PriceUpdateDate>
      <ItemCode>9001616703010</ItemCode>
      <ItemType>1</ItemType>
      <ItemName>בקבוק 330מ"ל ללא חלקים מתפרקים</ItemName>
      <ManufactureName>אלפא קוסמטיקה</ManufactureName>
      <ManufactureCountry />
      <ManufactureItemDescription />
      <UnitQty>י"ח</UnitQty>
      <Quantity>260</Quantity>
      <UnitMeasure>ל  מ"ל</UnitMeasure>
      <BisWeighted>0</BisWeighted>
      <QtyInPackage>1</QtyInPackage>
      <ItemPrice>38.90</ItemPrice>
      <UnitOfMeasurePrice>14.96</UnitOfMeasurePrice>
      <AllowDiscount>1</AllowDiscount>
      <itemStatus>1</itemStatus>
      <LastUpdateDate />
      <LastUpdateTime />
    </Product>
    <Product>
      <PriceUpdateDate>2016/06/16 07:56</PriceUpdateDate>
      <ItemCode>9310072028743</ItemCode>
      <ItemType>1</ItemType>
      <ItemName>טים טם אורגינל</ItemName>
      <ManufactureName>מ.סידס ובנו בעמ</ManufactureName>
      <ManufactureCountry />
      <ManufactureItemDescription />
      <UnitQty>י"ח</UnitQty>
      <Quantity>200</Quantity>
      <UnitMeasure>ל  גרם</UnitMeasure>
      <BisWeighted>0</BisWeighted>
      <QtyInPackage>1</QtyInPackage>
      <ItemPrice>20.90</ItemPrice>
      <UnitOfMeasurePrice>10.45</UnitOfMeasurePrice>
      <AllowDiscount>1</AllowDiscount>
      <itemStatus>1</itemStatus>
      <LastUpdateDate />
      <LastUpdateTime />
    </Product>
    <Product>
      <PriceUpdateDate>2019/12/22 13:17</PriceUpdateDate>
      <ItemCode>5411188110835</ItemCode>
      <ItemType>1</ItemType>
      <ItemName>אלפרו חלב שקדים 1ל</ItemName>
      <ManufactureName>ש.שסטוביץ בעמ</ManufactureName>
      <ManufactureCountry />
      <ManufactureItemDescription />
      <UnitQty>י"ח</UnitQty>
      <Quantity>1</Quantity>
      <UnitMeasure>ליטר</UnitMeasure>
      <BisWeighted>0</BisWeighted>
      <QtyInPackage>1</QtyInPackage>
      <ItemPrice>15.90</ItemPrice>
      <UnitOfMeasurePrice>15.90</UnitOfMeasurePrice>
      <AllowDiscount>1</AllowDiscount>
      <itemStatus>1</itemStatus>
      <LastUpdateDate />
      <LastUpdateTime />
    </Product>
    <Product>
      <PriceUpdateDate>2020/03/17 07:49</PriceUpdateDate>
      <ItemCode>72900001954542</ItemCode>
      <ItemType>0</ItemType>
      <ItemName>מגבוני האגיס  4 יח</ItemName>
      <ManufactureName>קימברלי קלארק ישראל שיווק בעמ</ManufactureName>
      <ManufactureCountry />
      <ManufactureItemDescription />
      <UnitQty>י"ח</UnitQty>
      <Quantity>4</Quantity>
      <UnitMeasure>י"ח</UnitMeasure>
      <BisWeighted>0</BisWeighted>
      <QtyInPackage>1</QtyInPackage>
      <ItemPrice>18.90</ItemPrice>
      <UnitOfMeasurePrice>4.73</UnitOfMeasurePrice>
      <AllowDiscount>1</AllowDiscount>
      <itemStatus>1</itemStatus>
      <LastUpdateDate />
      <LastUpdateTime />
    </Product>
    <Product>
      <PriceUpdateDate>2018/03/27 09:14</PriceUpdateDate>
      <ItemCode>72901004722684</ItemCode>
      <ItemType>0</ItemType>
      <ItemName>צ יטוס ביג 40ג</ItemName>
      <ManufactureName>שטראוס פריטו ליי בעמ</ManufactureName>
      <ManufactureCountry />
      <ManufactureItemDescription />
      <UnitQty>י"ח</UnitQty>
      <Quantity>400</Quantity>
      <UnitMeasure>ל  גרם</UnitMeasure>
      <BisWeighted>0</BisWeighted>
      <QtyInPackage>1</QtyInPackage>
      <ItemPrice>2.90</ItemPrice>
      <UnitOfMeasurePrice>0.73</UnitOfMeasurePrice>
      <AllowDiscount>1</AllowDiscount>
      <itemStatus>1</itemStatus>
      <LastUpdateDate />
      <LastUpdateTime />
    </Product>
    <Product>
      <PriceUpdateDate>2018/04/15 14:07</PriceUpdateDate>
      <ItemCode>72901008501513</ItemCode>
      <ItemType>0</ItemType>
      <ItemName>גבינת עיזים חצי קשה 200ג</ItemName>
      <ManufactureName>ג.וילי פוד אינטרנשיונל בעמ</ManufactureName>
      <ManufactureCountry />
      <ManufactureItemDescription />
      <UnitQty>י"ח</UnitQty>
      <Quantity>200</Quantity>
      <UnitMeasure>ל  גרם</UnitMeasure>
      <BisWeighted>0</BisWeighted>
      <QtyInPackage>1</QtyInPackage>
      <ItemPrice>24.90</ItemPrice>
      <UnitOfMeasurePrice>12.45</UnitOfMeasurePrice>
      <AllowDiscount>0</AllowDiscount>
      <itemStatus>1</itemStatus>
      <LastUpdateDate />
      <LastUpdateTime />
    </Product>
    <Product>
      <PriceUpdateDate>2017/01/26 13:22</PriceUpdateDate>
      <ItemCode>729*0106722415</ItemCode>
      <ItemType>0</ItemType>
      <ItemName>שוקולד לבן במילוי תות מגדים</ItemName>
      <ManufactureName>שטראוס גרופ בעמ</ManufactureName>
      <ManufactureCountry />
      <ManufactureItemDescription />
      <UnitQty>י"ח</UnitQty>
      <Quantity>100</Quantity>
      <UnitMeasure>ל  גרם</UnitMeasure>
      <BisWeighted>0</BisWeighted>
      <QtyInPackage>1</QtyInPackage>
      <ItemPrice>5.50</ItemPrice>
      <UnitOfMeasurePrice>5.50</UnitOfMeasurePrice>
      <AllowDiscount>1</AllowDiscount>
      <itemStatus>1</itemStatus>
      <LastUpdateDate />
      <LastUpdateTime />
    </Product>
    <Product>
      <PriceUpdateDate>2020/02/26 08:38</PriceUpdateDate>
      <ItemCode>80018416255080</ItemCode>
      <ItemType>0</ItemType>
      <ItemName>פיירי פלטינום אורגינל  1.015ל</ItemName>
      <ManufactureName>דיפלומט מפיצים 1968 בעמ</ManufactureName>
      <ManufactureCountry />
      <ManufactureItemDescription />
      <UnitQty>י"ח</UnitQty>
      <Quantity>1.01</Quantity>
      <UnitMeasure>ליטר</UnitMeasure>
      <BisWeighted>0</BisWeighted>
      <QtyInPackage>1</QtyInPackage>
      <ItemPrice>15.90</ItemPrice>
      <UnitOfMeasurePrice>15.74</UnitOfMeasurePrice>
      <AllowDiscount>1</AllowDiscount>
      <itemStatus>1</itemStatus>
      <LastUpdateDate />
      <LastUpdateTime />
    </Product>
    <Product>
      <PriceUpdateDate>2019/02/03 09:34</PriceUpdateDate>
      <ItemCode>84232007208680</ItemCode>
      <ItemType>0</ItemType>
      <ItemName>סלים דליס לילדים עם שוקולד חלב כשלפ</ItemName>
      <ManufactureName>ש.שסטוביץ בעמ</ManufactureName>
      <ManufactureCountry />
      <ManufactureItemDescription />
      <UnitQty>י"ח</UnitQty>
      <Quantity>283</Quantity>
      <UnitMeasure>ל  גרם</UnitMeasure>
      <BisWeighted>0</BisWeighted>
      <QtyInPackage>1</QtyInPackage>
      <ItemPrice>12.90</ItemPrice>
      <UnitOfMeasurePrice>4.56</UnitOfMeasurePrice>
      <AllowDiscount>1</AllowDiscount>
      <itemStatus>1</itemStatus>
      <LastUpdateDate />
      <LastUpdateTime />
    </Product>
    <Product>
      <PriceUpdateDate>2019/02/03 09:34</PriceUpdateDate>
      <ItemCode>84232007209793</ItemCode>
      <ItemType>0</ItemType>
      <ItemName>חטיף בריאות במילוי שוקולד חלב</ItemName>
      <ManufactureName>ש.שסטוביץ בעמ</ManufactureName>
      <ManufactureCountry />
      <ManufactureItemDescription />
      <UnitQty>י"ח</UnitQty>
      <Quantity>283</Quantity>
      <UnitMeasure>ל  גרם</UnitMeasure>
      <BisWeighted>0</BisWeighted>
      <QtyInPackage>1</QtyInPackage>
      <ItemPrice>12.90</ItemPrice>
      <UnitOfMeasurePrice>4.56</UnitOfMeasurePrice>
      <AllowDiscount>1</AllowDiscount>
      <itemStatus>1</itemStatus>
      <LastUpdateDate />
      <LastUpdateTime />
    </Product>
    <Product>
      <PriceUpdateDate>2020/01/22 08:15</PriceUpdateDate>
      <ItemCode>93100880070015</ItemCode>
      <ItemType>0</ItemType>
      <ItemName>דיפנד  תחבושות  אוברני</ItemName>
      <ManufactureName>קימברלי קלארק ישראל שיווק בעמ</ManufactureName>
      <ManufactureCountry />
      <ManufactureItemDescription />
      <UnitQty>י"ח</UnitQty>
      <Quantity>1</Quantity>
      <UnitMeasure />
      <BisWeighted>0</BisWeighted>
      <QtyInPackage>1</QtyInPackage>
      <ItemPrice>19.90</ItemPrice>
      <UnitOfMeasurePrice>19.90</UnitOfMeasurePrice>
      <AllowDiscount>1</AllowDiscount>
      <itemStatus>1</itemStatus>
      <LastUpdateDate />
      <LastUpdateTime />
    </Product>
  </Products>
</Prices>