<?xml version="1.0" encoding="utf-8"?>
<Prices>
  <ChainID>7290696200003</ChainID>
  <SubChainID>001</SubChainID>
  <StoreID>002</StoreID>
  <BikoretNo>000</BikoretNo>
  <Products>
    <Product>
      <PriceUpdateDate>2015/11/30 12:36</PriceUpdateDate>
      <ItemCode>14</ItemCode>
      <ItemType>0</ItemType>
      <ItemName>נילוס 200 גר</ItemName>
      <ManufactureName>ישרא גל דברי מזון</ManufactureName>
      <ManufactureCountry />
      <ManufactureItemDescription />
      <UnitQty>יח`</UnitQty>
      <Quantity>1</Quantity>
      <UnitMeasure />
      <BisWeighted>0</BisWeighted>
      <QtyInPackage>1</QtyInPackage>
      <ItemPrice>14.90</ItemPrice>
      <UnitOfMeasurePrice>14.90</UnitOfMeasurePrice>
      <AllowDiscount>0</AllowDiscount>
      <itemStatus>1</itemStatus>
      <LastUpdateDate />
      <LastUpdateTime />
    </Product>
    <Product>
      <PriceUpdateDate>2012/01/29 11:58</PriceUpdateDate>
      <ItemCode>18</ItemCode>
      <ItemType>0</ItemType>
      <ItemName>קליר שמפו 400</ItemName>
      <ManufactureName>יוניליוור ישראל שיווק בעמ</ManufactureName>
      <ManufactureCountry />
      <ManufactureItemDescription />
      <UnitQty>יח`</UnitQty>
      <Quantity>1</Quantity>
      <UnitMeasure />
      <BisWeighted>0</BisWeighted>
      <QtyInPackage>1</QtyInPackage>
      <ItemPrice>12.99</ItemPrice>
      <UnitOfMeasurePrice>12.99</UnitOfMeasurePrice>
      <AllowDiscount>0</AllowDiscount>
      <itemStatus>1</itemStatus>
      <LastUpdateDate />
      <LastUpdateTime />
    </Product>
    <Product>
      <PriceUpdateDate>2015/11/29 15:17</PriceUpdateDate>
      <ItemCode>142</ItemCode>
      <ItemType>0</ItemType>
      <ItemName>פיתה</ItemName>
      <ManufactureName>מאפיית כפיר צ. ידעי בעמ</ManufactureName>
      <ManufactureCountry />
      <ManufactureItemDescription />
      <UnitQty>יח`</UnitQty>
      <Quantity>1</Quantity>
      <UnitMeasure />
      <BisWeighted>0</BisWeighted>
      <QtyInPackage>1</QtyInPackage>
      <ItemPrice>1.50</ItemPrice>
      <UnitOfMeasurePrice>1.50</UnitOfMeasurePrice>
      <AllowDiscount>0</AllowDiscount>
      <itemStatus>1</itemStatus>
      <LastUpdateDate />
      <LastUpdateTime />
    </Product>
    <Product>
      <PriceUpdateDate>2018/11/05 13:07</PriceUpdateDate>
      <ItemCode>600</ItemCode>
      <ItemType>0</ItemType>
      <ItemName>סנדוויץ` עובד</ItemName>
      <ManufactureName>קבוצת אסם סחר שות. מוגבלת</ManufactureName>
      <ManufactureCountry />
      <ManufactureItemDescription />
      <UnitQty>יח`</UnitQty>
      <Quantity>1</Quantity>
      <UnitMeasure />
      <BisWeighted>0</BisWeighted>
      <QtyInPackage>1</QtyInPackage>
      <ItemPrice>3.50</ItemPrice>
      <UnitOfMeasurePrice>3.50</UnitOfMeasurePrice>
      <AllowDiscount>0</AllowDiscount>
      <itemStatus>1</itemStatus>
      <LastUpdateDate />
      <LastUpdateTime />
    </Product>
    <Product>
      <PriceUpdateDate>2020/04/22 09:50</PriceUpdateDate>
      <ItemCode>2003</ItemCode>
      <ItemType>0</ItemType>
      <ItemName>אבוקדו</ItemName>
      <ManufactureName>צמח שיווק תוצרת חקלאית אגשח בע</ManufactureName>
      <ManufactureCountry />
      <ManufactureItemDescription />
      <UnitQty>ק"ג</UnitQty>
      <Quantity>1</Quantity>
      <UnitMeasure />
      <BisWeighted>1</BisWeighted>
      <QtyInPackage>1</QtyInPackage>
      <ItemPrice>15.90</ItemPrice>
      <UnitOfMeasurePrice>15.90</UnitOfMeasurePrice>
      <AllowDiscount>1</AllowDiscount>
      <itemStatus>1</itemStatus>
      <LastUpdateDate />
      <LastUpdateTime />
    </Product>
    <Product>
      <PriceUpdateDate>2020/02/23 12:18</PriceUpdateDate>
      <ItemCode>2004</ItemCode>
      <ItemType>0</ItemType>
      <ItemName>אבטיח</ItemName>
      <ManufactureName>יבולי החמישה ו.ב</ManufactureName>
      <ManufactureCountry />
      <ManufactureItemDescription />
      <UnitQty>ק"ג</UnitQty>
      <Quantity>1</Quantity>
      <UnitMeasure />
      <BisWeighted>1</BisWeighted>
      <QtyInPackage>1</QtyInPackage>
      <ItemPrice>5.90</ItemPrice>
      <UnitOfMeasurePrice>5.90</UnitOfMeasurePrice>
      <AllowDiscount>1</AllowDiscount>
      <itemStatus>1</itemStatus>
      <LastUpdateDate />
      <LastUpdateTime />
    </Product>
    <Product>
      <PriceUpdateDate>2020/04/19 11:31</PriceUpdateDate>
      <ItemCode>2006</ItemCode>
      <ItemType>0</ItemType>
      <ItemName>ארטישוק</ItemName>
      <ManufactureName>ג`אן ציון</ManufactureName>
      <ManufactureCountry />
      <ManufactureItemDescription />
      <UnitQty>ק"ג</UnitQty>
      <Quantity>1</Quantity>
      <UnitMeasure />
      <BisWeighted>1</BisWeighted>
      <QtyInPackage>1</QtyInPackage>
      <ItemPrice>6.90</ItemPrice>
      <UnitOfMeasurePrice>6.90</UnitOfMeasurePrice>
      <AllowDiscount>1</AllowDiscount>
      <itemStatus>1</itemStatus>
      <LastUpdateDate />
      <LastUpdateTime />
    </Product>
    <Product>
      <PriceUpdateDate>2020/03/15 16:53</PriceUpdateDate>
      <ItemCode>2007</ItemCode>
      <ItemType>0</ItemType>
      <ItemName>בטטה</ItemName>
      <ManufactureName>החקלאי תלמי אל-בועז חדד</ManufactureName>
      <ManufactureCountry />
      <ManufactureItemDescription />
      <UnitQty>ק"ג</UnitQty>
      <Quantity>1</Quantity>
      <UnitMeasure />
      <BisWeighted>1</BisWeighted>
      <QtyInPackage>1</QtyInPackage>
      <ItemPrice>8.90</ItemPrice>
      <UnitOfMeasurePrice>8.90</UnitOfMeasurePrice>
      <AllowDiscount>1</AllowDiscount>
      <itemStatus>1</itemStatus>
      <LastUpdateDate />
      <LastUpdateTime />
    </Product>
    <Product>
      <PriceUpdateDate>2020/05/03 11:04</PriceUpdateDate>
      <ItemCode>2009</ItemCode>
      <ItemType>0</ItemType>
      <ItemName>בננות</ItemName>
      <ManufactureName>גליל שוק מקומי אגשח בעמ</ManufactureName>
      <ManufactureCountry />
      <ManufactureItemDescription />
      <UnitQty>ק"ג</UnitQty>
      <Quantity>1</Quantity>
      <UnitMeasure />
      <BisWeighted>1</BisWeighted>
      <QtyInPackage>1</QtyInPackage>
      <ItemPrice>6.90</ItemPrice>
      <UnitOfMeasurePrice>6.90</UnitOfMeasurePrice>
      <AllowDiscount>1</AllowDiscount>
      <itemStatus>1</itemStatus>
      <LastUpdateDate />
      <LastUpdateTime />
    </Product>
    <Product>
      <PriceUpdateDate>2020/04/30 17:20</PriceUpdateDate>
      <ItemCode>2010</ItemCode>
      <ItemType>0</ItemType>
      <ItemName>בצל יבש</ItemName>
      <ManufactureName>אום אל נור לגידולים חקלאיים בע</ManufactureName>
      <ManufactureCountry />
      <ManufactureItemDescription />
      <UnitQty>ק"ג</UnitQty>
      <Quantity>1</Quantity>
      <UnitMeasure />
      <BisWeighted>1</BisWeighted>
      <QtyInPackage>1</QtyInPackage>
      <ItemPrice>3.90</ItemPrice>
      <UnitOfMeasurePrice>3.90</UnitOfMeasurePrice>
      <AllowDiscount>1</AllowDiscount>
      <itemStatus>1</itemStatus>
      <LastUpdateDate />
      <LastUpdateTime />
    </Product>
    <Product>
      <PriceUpdateDate>2013/12/31 09:50</PriceUpdateDate>
      <ItemCode>7290010051335</ItemCode>
      <ItemType>1</ItemType>
      <ItemName>בצל ירוק</ItemName>
      <ManufactureName>א.אדמה (2007) בעמ</ManufactureName>
      <ManufactureCountry />
      <ManufactureItemDescription />
      <UnitQty>יח`</UnitQty>
      <Quantity>1</Quantity>
      <UnitMeasure />
      <BisWeighted>0</BisWeighted>
      <QtyInPackage>1</QtyInPackage>
      <ItemPrice>6</ItemPrice>
      <UnitOfMeasurePrice>6</UnitOfMeasurePrice>
      <AllowDiscount>1</AllowDiscount>
      <itemStatus>1</itemStatus>
      <LastUpdateDate />
      <LastUpdateTime />
    </Product>
    <Product>
      <PriceUpdateDate>2020/04/05 11:56</PriceUpdateDate>
      <ItemCode>2012</ItemCode>
      <ItemType>0</ItemType>
      <ItemName>אננס</ItemName>
      <ManufactureName>ח.ע בסד שיווק פירות בעמ</ManufactureName>
      <ManufactureCountry />
      <ManufactureItemDescription />
      <UnitQty>יח`</UnitQty>
      <Quantity>1</Quantity>
      <UnitMeasure />
      <BisWeighted>0</BisWeighted>
      <QtyInPackage>1</QtyInPackage>
      <ItemPrice>39.90</ItemPrice>
      <UnitOfMeasurePrice>39.90</UnitOfMeasurePrice>
      <AllowDiscount>1</AllowDiscount>
      <itemStatus>1</itemStatus>
      <LastUpdateDate />
      <LastUpdateTime />
    </Product>
    <Product>
      <PriceUpdateDate>2020/04/19 10:35</PriceUpdateDate>
      <ItemCode>2014</ItemCode>
      <ItemType>0</ItemType>
      <ItemName>גזר ארוז</ItemName>
      <ManufactureName>גזר שליט (חוות מיכאל)בעמ</ManufactureName>
      <ManufactureCountry />
      <ManufactureItemDescription />
      <UnitQty>ק"ג</UnitQty>
      <Quantity>1</Quantity>
      <UnitMeasure />
      <BisWeighted>1</BisWeighted>
      <QtyInPackage>1</QtyInPackage>
      <ItemPrice>4.90</ItemPrice>
      <UnitOfMeasurePrice>4.90</UnitOfMeasurePrice>
      <AllowDiscount>1</AllowDiscount>
      <itemStatus>1</itemStatus>
      <LastUpdateDate />
      <LastUpdateTime />
    </Product>
    <Product>
      <PriceUpdateDate>2020/04/05 11:56</PriceUpdateDate>
      <ItemCode>2015</ItemCode>
      <ItemType>0</ItemType>
      <ItemName>דלעת</ItemName>
      <ManufactureName>שוסטר תעשיות מזון בעמ</ManufactureName>
      <ManufactureCountry />
      <ManufactureItemDescription />
      <UnitQty>ק"ג</UnitQty>
      <Quantity>1</Quantity>
      <UnitMeasure />
      <BisWeighted>1</BisWeighted>
      <QtyInPackage>1</QtyInPackage>
      <ItemPrice>12.90</ItemPrice>
      <UnitOfMeasurePrice>12.90</UnitOfMeasurePrice>
      <AllowDiscount>1</AllowDiscount>
      <itemStatus>1</itemStatus>
      <LastUpdateDate />
      <LastUpdateTime />
    </Product>
    <Product>
      <PriceUpdateDate>2020/04/19 11:31</PriceUpdateDate>
      <ItemCode>2016</ItemCode>
      <ItemType>0</ItemType>
      <ItemName>דלורית</ItemName>
      <ManufactureName>שוסטר תעשיות מזון בעמ</ManufactureName>
      <ManufactureCountry />
      <ManufactureItemDescription />
      <UnitQty>ק"ג</UnitQty>
      <Quantity>1</Quantity>
      <UnitMeasure />
      <BisWeighted>1</BisWeighted>
      <QtyInPackage>1</QtyInPackage>
      <ItemPrice>9.90</ItemPrice>
      <UnitOfMeasurePrice>9.90</UnitOfMeasurePrice>
      <AllowDiscount>1</AllowDiscount>
      <itemStatus>1</itemStatus>
      <LastUpdateDate />
      <LastUpdateTime />
    </Product>
    <Product>
      <PriceUpdateDate>2019/10/06 13:59</PriceUpdateDate>
      <ItemCode>2017</ItemCode>
      <ItemType>0</ItemType>
      <ItemName>תפוח זהוב</ItemName>
      <ManufactureName>בראשית - אגודה שיתופית חקלאית</ManufactureName>
      <ManufactureCountry />
      <ManufactureItemDescription />
      <UnitQty>ק"ג</UnitQty>
      <Quantity>1</Quantity>
      <UnitMeasure />
      <BisWeighted>1</BisWeighted>
      <QtyInPackage>1</QtyInPackage>
      <ItemPrice>9.90</ItemPrice>
      <UnitOfMeasurePrice>9.90</UnitOfMeasurePrice>
      <AllowDiscount>1</AllowDiscount>
      <itemStatus>1</itemStatus>
      <LastUpdateDate />
      <LastUpdateTime />
    </Product>
    <Product>
      <PriceUpdateDate>2020/01/19 12:34</PriceUpdateDate>
      <ItemCode>2019</ItemCode>
      <ItemType>0</ItemType>
      <ItemName>חסה עגולה</ItemName>
      <ManufactureName>הירוקים של רצון בעמ</ManufactureName>
      <ManufactureCountry />
      <ManufactureItemDescription />
      <UnitQty>יח`</UnitQty>
      <Quantity>1</Quantity>
      <UnitMeasure />
      <BisWeighted>0</BisWeighted>
      <QtyInPackage>1</QtyInPackage>
      <ItemPrice>5.90</ItemPrice>
      <UnitOfMeasurePrice>5.90</UnitOfMeasurePrice>
      <AllowDiscount>1</AllowDiscount>
      <itemStatus>1</itemStatus>
      <LastUpdateDate />
      <LastUpdateTime />
    </Product>
    <Product>
      <PriceUpdateDate>2019/12/15 14:11</PriceUpdateDate>
      <ItemCode>2020</ItemCode>
      <ItemType>0</ItemType>
      <ItemName>חסה רגילה</ItemName>
      <ManufactureName>הירוקים של רצון בעמ</ManufactureName>
      <ManufactureCountry />
      <ManufactureItemDescription />
      <UnitQty>יח`</UnitQty>
      <Quantity>1</Quantity>
      <UnitMeasure />
      <BisWeighted>0</BisWeighted>
      <QtyInPackage>1</QtyInPackage>
      <ItemPrice>4.90</ItemPrice>
      <UnitOfMeasurePrice>4.90</UnitOfMeasurePrice>
      <AllowDiscount>1</AllowDiscount>
      <itemStatus>1</itemStatus>
      <LastUpdateDate />
      <LastUpdateTime />
    </Product>
    <Product>
      <PriceUpdateDate>2020/03/29 12:44</PriceUpdateDate>
      <ItemCode>2021</ItemCode>
      <ItemType>0</ItemType>
      <ItemName>חצילים</ItemName>
      <ManufactureName>שיווק רפול אוליאל</ManufactureName>
      <ManufactureCountry />
      <ManufactureItemDescription />
      <UnitQty>ק"ג</UnitQty>
      <Quantity>1</Quantity>
      <UnitMeasure />
      <BisWeighted>1</BisWeighted>
      <QtyInPackage>1</QtyInPackage>
      <ItemPrice>6.90</ItemPrice>
      <UnitOfMeasurePrice>6.90</UnitOfMeasurePrice>
      <AllowDiscount>1</AllowDiscount>
      <itemStatus>1</itemStatus>
      <LastUpdateDate />
      <LastUpdateTime />
    </Product>
    <Product>
      <PriceUpdateDate>2013/11/17 09:00</PriceUpdateDate>
      <ItemCode>7290010051052</ItemCode>
      <ItemType>1</ItemType>
      <ItemName>ירק</ItemName>
      <ManufactureName>א.אדמה (2007) בעמ</ManufactureName>
      <ManufactureCountry />
      <ManufactureItemDescription />
      <UnitQty>יח`</UnitQty>
      <Quantity>1</Quantity>
      <UnitMeasure />
      <BisWeighted>0</BisWeighted>
      <QtyInPackage>1</QtyInPackage>
      <ItemPrice>3.90</ItemPrice>
      <UnitOfMeasurePrice>3.90</UnitOfMeasurePrice>
      <AllowDiscount>1</AllowDiscount>
      <itemStatus>1</itemStatus>
      <LastUpdateDate />
      <LastUpdateTime />
    </Product>
    <Product>
      <PriceUpdateDate>2020/05/03 11:04</PriceUpdateDate>
      <ItemCode>2023</ItemCode>
      <ItemType>0</ItemType>
      <ItemName>תפוח יונתן</ItemName>
      <ManufactureName>בראשית - אגודה שיתופית חקלאית</ManufactureName>
      <ManufactureCountry />
      <ManufactureItemDescription />
      <UnitQty>ק"ג</UnitQty>
      <Quantity>1</Quantity>
      <UnitMeasure />
      <BisWeighted>1</BisWeighted>
      <QtyInPackage>1</QtyInPackage>
      <ItemPrice>9.90</ItemPrice>
      <UnitOfMeasurePrice>9.90</UnitOfMeasurePrice>
      <AllowDiscount>1</AllowDiscount>
      <itemStatus>1</itemStatus>
      <LastUpdateDate />
      <LastUpdateTime />
    </Product>
    <Product>
      <PriceUpdateDate>2019/11/17 10:36</PriceUpdateDate>
      <ItemCode>2024</ItemCode>
      <ItemType>0</ItemType>
      <ItemName>כרוב לבן</ItemName>
      <ManufactureName>תעשיות תוצרת חקלאית אביטן בני</ManufactureName>
      <ManufactureCountry />
      <ManufactureItemDescription />
      <UnitQty>ק"ג</UnitQty>
      <Quantity>1</Quantity>
      <UnitMeasure />
      <BisWeighted>1</BisWeighted>
      <QtyInPackage>1</QtyInPackage>
      <ItemPrice>3.90</ItemPrice>
      <UnitOfMeasurePrice>3.90</UnitOfMeasurePrice>
      <AllowDiscount>1</AllowDiscount>
      <itemStatus>1</itemStatus>
      <LastUpdateDate />
      <LastUpdateTime />
    </Product>
    <Product>
      <PriceUpdateDate>2019/12/08 14:05</PriceUpdateDate>
      <ItemCode>2025</ItemCode>
      <ItemType>0</ItemType>
      <ItemName>כרובית</ItemName>
      <ManufactureName>ד.ע. ימין גידול ושיווק ירקות ב</ManufactureName>
      <ManufactureCountry />
      <ManufactureItemDescription />
      <UnitQty>יח`</UnitQty>
      <Quantity>1</Quantity>
      <UnitMeasure />
      <BisWeighted>0</BisWeighted>
      <QtyInPackage>1</QtyInPackage>
      <ItemPrice>9.90</ItemPrice>
      <UnitOfMeasurePrice>9.90</UnitOfMeasurePrice>
      <AllowDiscount>1</AllowDiscount>
      <itemStatus>1</itemStatus>
      <LastUpdateDate />
      <LastUpdateTime />
    </Product>
    <Product>
      <PriceUpdateDate>2020/03/29 11:35</PriceUpdateDate>
      <ItemCode>2027</ItemCode>
      <ItemType>0</ItemType>
      <ItemName>לימון</ItemName>
      <ManufactureName>יהודה כרמלה</ManufactureName>
      <ManufactureCountry />
      <ManufactureItemDescription />
      <UnitQty>ק"ג</UnitQty>
      <Quantity>1</Quantity>
      <UnitMeasure />
      <BisWeighted>1</BisWeighted>
      <QtyInPackage>1</QtyInPackage>
      <ItemPrice>9.90</ItemPrice>
      <UnitOfMeasurePrice>9.90</UnitOfMeasurePrice>
      <AllowDiscount>1</AllowDiscount>
      <itemStatus>1</itemStatus>
      <LastUpdateDate />
      <LastUpdateTime />
    </Product>
    <Product>
      <PriceUpdateDate>2020/03/15 16:53</PriceUpdateDate>
      <ItemCode>2028</ItemCode>
      <ItemType>0</ItemType>
      <ItemName>מלפפון</ItemName>
      <ManufactureName>ד. חי שווק תוצרת חקלאית בעמ</ManufactureName>
      <ManufactureCountry />
      <ManufactureItemDescription />
      <UnitQty>ק"ג</UnitQty>
      <Quantity>1</Quantity>
      <UnitMeasure />
      <BisWeighted>1</BisWeighted>
      <QtyInPackage>1</QtyInPackage>
      <ItemPrice>5.90</ItemPrice>
      <UnitOfMeasurePrice>5.90</UnitOfMeasurePrice>
      <AllowDiscount>1</AllowDiscount>
      <itemStatus>1</itemStatus>
      <LastUpdateDate />
      <LastUpdateTime />
    </Product>
    <Product>
      <PriceUpdateDate>2020/05/03 11:52</PriceUpdateDate>
      <ItemCode>2029</ItemCode>
      <ItemType>0</ItemType>
      <ItemName>מלון</ItemName>
      <ManufactureName>יבולי תנובת הדרום בעמ</ManufactureName>
      <ManufactureCountry />
      <ManufactureItemDescription />
      <UnitQty>ק"ג</UnitQty>
      <Quantity>1</Quantity>
      <UnitMeasure />
      <BisWeighted>1</BisWeighted>
      <QtyInPackage>1</QtyInPackage>
      <ItemPrice>8.90</ItemPrice>
      <UnitOfMeasurePrice>8.90</UnitOfMeasurePrice>
      <AllowDiscount>1</AllowDiscount>
      <itemStatus>1</itemStatus>
      <LastUpdateDate />
      <LastUpdateTime />
    </Product>
    <Product>
      <PriceUpdateDate>2018/05/04 11:18</PriceUpdateDate>
      <ItemCode>7290010051182</ItemCode>
      <ItemType>1</ItemType>
      <ItemName>עלי נענע</ItemName>
      <ManufactureName>א.אדמה (2007) בעמ</ManufactureName>
      <ManufactureCountry />
      <ManufactureItemDescription />
      <UnitQty>יח`</UnitQty>
      <Quantity>1</Quantity>
      <UnitMeasure />
      <BisWeighted>0</BisWeighted>
      <QtyInPackage>1</QtyInPackage>
      <ItemPrice>3.90</ItemPrice>
      <UnitOfMeasurePrice>3.90</UnitOfMeasurePrice>
      <AllowDiscount>1</AllowDiscount>
      <itemStatus>1</itemStatus>
      <LastUpdateDate />
      <LastUpdateTime />
    </Product>
    <Product>
      <PriceUpdateDate>2017/04/02 07:09</PriceUpdateDate>
      <ItemCode>7290010051205</ItemCode>
      <ItemType>1</ItemType>
      <ItemName>עלי סלרי</ItemName>
      <ManufactureName>א.אדמה (2007) בעמ</ManufactureName>
      <ManufactureCountry />
      <ManufactureItemDescription />
      <UnitQty>יח`</UnitQty>
      <Quantity>1</Quantity>
      <UnitMeasure />
      <BisWeighted>0</BisWeighted>
      <QtyInPackage>1</QtyInPackage>
      <ItemPrice>4.90</ItemPrice>
      <UnitOfMeasurePrice>4.90</UnitOfMeasurePrice>
      <AllowDiscount>1</AllowDiscount>
      <itemStatus>1</itemStatus>
      <LastUpdateDate />
      <LastUpdateTime />
    </Product>
    <Product>
      <PriceUpdateDate>2013/12/18 11:55</PriceUpdateDate>
      <ItemCode>7290010051199</ItemCode>
      <ItemType>1</ItemType>
      <ItemName>שורש פטרוזיליה</ItemName>
      <ManufactureName>א.אדמה (2007) בעמ</ManufactureName>
      <ManufactureCountry />
      <ManufactureItemDescription />
      <UnitQty>יח`</UnitQty>
      <Quantity>1</Quantity>
      <UnitMeasure />
      <BisWeighted>0</BisWeighted>
      <QtyInPackage>1</QtyInPackage>
      <ItemPrice>4.90</ItemPrice>
      <UnitOfMeasurePrice>4.90</UnitOfMeasurePrice>
      <AllowDiscount>1</AllowDiscount>
      <itemStatus>1</itemStatus>
      <LastUpdateDate />
      <LastUpdateTime />
    </Product>
    <Product>
      <PriceUpdateDate>2019/12/29 14:07</PriceUpdateDate>
      <ItemCode>2033</ItemCode>
      <ItemType>0</ItemType>
      <ItemName>תפוח סמיט</ItemName>
      <ManufactureName>בראשית - אגודה שיתופית חקלאית</ManufactureName>
      <ManufactureCountry />
      <ManufactureItemDescription />
      <UnitQty>ק"ג</UnitQty>
      <Quantity>1</Quantity>
      <UnitMeasure />
      <BisWeighted>1</BisWeighted>
      <QtyInPackage>1</QtyInPackage>
      <ItemPrice>9.90</ItemPrice>
      <UnitOfMeasurePrice>9.90</UnitOfMeasurePrice>
      <AllowDiscount>1</AllowDiscount>
      <itemStatus>1</itemStatus>
      <LastUpdateDate />
      <LastUpdateTime />
    </Product>
    <Product>
      <PriceUpdateDate>2019/10/27 12:09</PriceUpdateDate>
      <ItemCode>2034</ItemCode>
      <ItemType>0</ItemType>
      <ItemName>תפוח סטארקינג חרמון</ItemName>
      <ManufactureName>בראשית - אגודה שיתופית חקלאית</ManufactureName>
      <ManufactureCountry />
      <ManufactureItemDescription />
      <UnitQty>ק"ג</UnitQty>
      <Quantity>1</Quantity>
      <UnitMeasure />
      <BisWeighted>1</BisWeighted>
      <QtyInPackage>1</QtyInPackage>
      <ItemPrice>9.90</ItemPrice>
      <UnitOfMeasurePrice>9.90</UnitOfMeasurePrice>
      <AllowDiscount>1</AllowDiscount>
      <itemStatus>1</itemStatus>
      <LastUpdateDate />
      <LastUpdateTime />
    </Product>
    <Product>
      <PriceUpdateDate>2020/04/19 10:35</PriceUpdateDate>
      <ItemCode>2035</ItemCode>
      <ItemType>0</ItemType>
      <ItemName>סלק</ItemName>
      <ManufactureName>תעשיות תוצרת חקלאית אביטן בני</ManufactureName>
      <ManufactureCountry />
      <ManufactureItemDescription />
      <UnitQty>ק"ג</UnitQty>
      <Quantity>1</Quantity>
      <UnitMeasure />
      <BisWeighted>1</BisWeighted>
      <QtyInPackage>1</QtyInPackage>
      <ItemPrice>5.90</ItemPrice>
      <UnitOfMeasurePrice>5.90</UnitOfMeasurePrice>
      <AllowDiscount>1</AllowDiscount>
      <itemStatus>1</itemStatus>
      <LastUpdateDate />
      <LastUpdateTime />
    </Product>
    <Product>
      <PriceUpdateDate>2020/04/19 10:35</PriceUpdateDate>
      <ItemCode>2036</ItemCode>
      <ItemType>0</ItemType>
      <ItemName>עגבניה</ItemName>
      <ManufactureName>שיווק העשור ירקות הזהב בעמ</ManufactureName>
      <ManufactureCountry />
      <ManufactureItemDescription />
      <UnitQty>ק"ג</UnitQty>
      <Quantity>1</Quantity>
      <UnitMeasure />
      <BisWeighted>1</BisWeighted>
      <QtyInPackage>1</QtyInPackage>
      <ItemPrice>4.90</ItemPrice>
      <UnitOfMeasurePrice>4.90</UnitOfMeasurePrice>
      <AllowDiscount>1</AllowDiscount>
      <itemStatus>1</itemStatus>
      <LastUpdateDate />
      <LastUpdateTime />
    </Product>
    <Product>
      <PriceUpdateDate>2017/09/14 09:28</PriceUpdateDate>
      <ItemCode>2038</ItemCode>
      <ItemType>0</ItemType>
      <ItemName>פטריות שמפיניון יחידה</ItemName>
      <ManufactureName>חוות השמפיניון בעמ</ManufactureName>
      <ManufactureCountry />
      <ManufactureItemDescription />
      <UnitQty>יח`</UnitQty>
      <Quantity>1</Quantity>
      <UnitMeasure />
      <BisWeighted>0</BisWeighted>
      <QtyInPackage>1</QtyInPackage>
      <ItemPrice>9.90</ItemPrice>
      <UnitOfMeasurePrice>9.90</UnitOfMeasurePrice>
      <AllowDiscount>1</AllowDiscount>
      <itemStatus>1</itemStatus>
      <LastUpdateDate />
      <LastUpdateTime />
    </Product>
    <Product>
      <PriceUpdateDate>2020/05/03 11:52</PriceUpdateDate>
      <ItemCode>2039</ItemCode>
      <ItemType>0</ItemType>
      <ItemName>פומלה</ItemName>
      <ManufactureName>מהדרין תנופורט יצוא ( ש.מ.)</ManufactureName>
      <ManufactureCountry />
      <ManufactureItemDescription />
      <UnitQty>ק"ג</UnitQty>
      <Quantity>1</Quantity>
      <UnitMeasure />
      <BisWeighted>1</BisWeighted>
      <QtyInPackage>1</QtyInPackage>
      <ItemPrice>9.90</ItemPrice>
      <UnitOfMeasurePrice>9.90</UnitOfMeasurePrice>
      <AllowDiscount>1</AllowDiscount>
      <itemStatus>1</itemStatus>
      <LastUpdateDate />
      <LastUpdateTime />
    </Product>
    <Product>
      <PriceUpdateDate>2020/03/29 12:44</PriceUpdateDate>
      <ItemCode>2040</ItemCode>
      <ItemType>0</ItemType>
      <ItemName>פלפל ירוק</ItemName>
      <ManufactureName>ד. חי שווק תוצרת חקלאית בעמ</ManufactureName>
      <ManufactureCountry />
      <ManufactureItemDescription />
      <UnitQty>ק"ג</UnitQty>
      <Quantity>1</Quantity>
      <UnitMeasure />
      <BisWeighted>1</BisWeighted>
      <QtyInPackage>1</QtyInPackage>
      <ItemPrice>9.90</ItemPrice>
      <UnitOfMeasurePrice>9.90</UnitOfMeasurePrice>
      <AllowDiscount>1</AllowDiscount>
      <itemStatus>1</itemStatus>
      <LastUpdateDate />
      <LastUpdateTime />
    </Product>
    <Product>
      <PriceUpdateDate>2020/05/03 11:04</PriceUpdateDate>
      <ItemCode>2041</ItemCode>
      <ItemType>0</ItemType>
      <ItemName>פלפל חריף</ItemName>
      <ManufactureName>ד. חי שווק תוצרת חקלאית בעמ</ManufactureName>
      <ManufactureCountry />
      <ManufactureItemDescription />
      <UnitQty>ק"ג</UnitQty>
      <Quantity>1</Quantity>
      <UnitMeasure />
      <BisWeighted>1</BisWeighted>
      <QtyInPackage>1</QtyInPackage>
      <ItemPrice>9.90</ItemPrice>
      <UnitOfMeasurePrice>9.90</UnitOfMeasurePrice>
      <AllowDiscount>1</AllowDiscount>
      <itemStatus>1</itemStatus>
      <LastUpdateDate />
      <LastUpdateTime />
    </Product>
    <Product>
      <PriceUpdateDate>2019/04/15 12:21</PriceUpdateDate>
      <ItemCode>2043</ItemCode>
      <ItemType>0</ItemType>
      <ItemName>צנונית</ItemName>
      <ManufactureName>יראון - עבודות חקלאיות בעמ</ManufactureName>
      <ManufactureCountry />
      <ManufactureItemDescription />
      <UnitQty>יח`</UnitQty>
      <Quantity>1</Quantity>
      <UnitMeasure />
      <BisWeighted>0</BisWeighted>
      <QtyInPackage>1</QtyInPackage>
      <ItemPrice>5.90</ItemPrice>
      <UnitOfMeasurePrice>5.90</UnitOfMeasurePrice>
      <AllowDiscount>1</AllowDiscount>
      <itemStatus>1</itemStatus>
      <LastUpdateDate />
      <LastUpdateTime />
    </Product>
    <Product>
      <PriceUpdateDate>2020/03/15 16:53</PriceUpdateDate>
      <ItemCode>2044</ItemCode>
      <ItemType>0</ItemType>
      <ItemName>צנון</ItemName>
      <ManufactureName>עמית בראון שיווק עמ</ManufactureName>
      <ManufactureCountry />
      <ManufactureItemDescription />
      <UnitQty>ק"ג</UnitQty>
      <Quantity>1</Quantity>
      <UnitMeasure />
      <BisWeighted>1</BisWeighted>
      <QtyInPackage>1</QtyInPackage>
      <ItemPrice>5.90</ItemPrice>
      <UnitOfMeasurePrice>5.90</UnitOfMeasurePrice>
      <AllowDiscount>1</AllowDiscount>
      <itemStatus>1</itemStatus>
      <LastUpdateDate />
      <LastUpdateTime />
    </Product>
    <Product>
      <PriceUpdateDate>2020/04/19 11:31</PriceUpdateDate>
      <ItemCode>2046</ItemCode>
      <ItemType>0</ItemType>
      <ItemName>קולורבי</ItemName>
      <ManufactureName>תעשיות תוצרת חקלאית אביטן בני</ManufactureName>
      <ManufactureCountry />
      <ManufactureItemDescription />
      <UnitQty>ק"ג</UnitQty>
      <Quantity>1</Quantity>
      <UnitMeasure />
      <BisWeighted>1</BisWeighted>
      <QtyInPackage>1</QtyInPackage>
      <ItemPrice>6.90</ItemPrice>
      <UnitOfMeasurePrice>6.90</UnitOfMeasurePrice>
      <AllowDiscount>1</AllowDiscount>
      <itemStatus>1</itemStatus>
      <LastUpdateDate />
      <LastUpdateTime />
    </Product>
    <Product>
      <PriceUpdateDate>2020/03/15 16:53</PriceUpdateDate>
      <ItemCode>2047</ItemCode>
      <ItemType>0</ItemType>
      <ItemName>קלמנטינה</ItemName>
      <ManufactureName>תעשיות תוצרת חקלאית אביטן בני</ManufactureName>
      <ManufactureCountry />
      <ManufactureItemDescription />
      <UnitQty>ק"ג</UnitQty>
      <Quantity>1</Quantity>
      <UnitMeasure />
      <BisWeighted>1</BisWeighted>
      <QtyInPackage>1</QtyInPackage>
      <ItemPrice>6.90</ItemPrice>
      <UnitOfMeasurePrice>6.90</UnitOfMeasurePrice>
      <AllowDiscount>1</AllowDiscount>
      <itemStatus>1</itemStatus>
      <LastUpdateDate />
      <LastUpdateTime />
    </Product>
    <Product>
      <PriceUpdateDate>2020/05/03 11:52</PriceUpdateDate>
      <ItemCode>2048</ItemCode>
      <ItemType>0</ItemType>
      <ItemName>קישואים</ItemName>
      <ManufactureName>ד. חי שווק תוצרת חקלאית בעמ</ManufactureName>
      <ManufactureCountry />
      <ManufactureItemDescription />
      <UnitQty>ק"ג</UnitQty>
      <Quantity>1</Quantity>
      <UnitMeasure />
      <BisWeighted>1</BisWeighted>
      <QtyInPackage>1</QtyInPackage>
      <ItemPrice>7.90</ItemPrice>
      <UnitOfMeasurePrice>7.90</UnitOfMeasurePrice>
      <AllowDiscount>1</AllowDiscount>
      <itemStatus>1</itemStatus>
      <LastUpdateDate />
      <LastUpdateTime />
    </Product>
    <Product>
      <PriceUpdateDate>2020/04/19 10:35</PriceUpdateDate>
      <ItemCode>2049</ItemCode>
      <ItemType>0</ItemType>
      <ItemName>קיווי</ItemName>
      <ManufactureName>בראשית - אגודה שיתופית חקלאית</ManufactureName>
      <ManufactureCountry />
      <ManufactureItemDescription />
      <UnitQty>ק"ג</UnitQty>
      <Quantity>1</Quantity>
      <UnitMeasure />
      <BisWeighted>1</BisWeighted>
      <QtyInPackage>1</QtyInPackage>
      <ItemPrice>12.90</ItemPrice>
      <UnitOfMeasurePrice>12.90</UnitOfMeasurePrice>
      <AllowDiscount>1</AllowDiscount>
      <itemStatus>1</itemStatus>
      <LastUpdateDate />
      <LastUpdateTime />
    </Product>
    <Product>
      <PriceUpdateDate>2020/04/05 11:56</PriceUpdateDate>
      <ItemCode>2050</ItemCode>
      <ItemType>0</ItemType>
      <ItemName>פומלית</ItemName>
      <ManufactureName>תעשיות תוצרת חקלאית אביטן בני</ManufactureName>
      <ManufactureCountry />
      <ManufactureItemDescription />
      <UnitQty>ק"ג</UnitQty>
      <Quantity>1</Quantity>
      <UnitMeasure />
      <BisWeighted>1</BisWeighted>
      <QtyInPackage>1</QtyInPackage>
      <ItemPrice>7.90</ItemPrice>
      <UnitOfMeasurePrice>7.90</UnitOfMeasurePrice>
      <AllowDiscount>1</AllowDiscount>
      <itemStatus>1</itemStatus>
      <LastUpdateDate />
      <LastUpdateTime />
    </Product>
    <Product>
      <PriceUpdateDate>2020/05/03 11:04</PriceUpdateDate>
      <ItemCode>2051</ItemCode>
      <ItemType>0</ItemType>
      <ItemName>לפת</ItemName>
      <ManufactureName>מלוא הסל שיווק ירקות בעמ</ManufactureName>
      <ManufactureCountry />
      <ManufactureItemDescription />
      <UnitQty>ק"ג</UnitQty>
      <Quantity>1</Quantity>
      <UnitMeasure />
      <BisWeighted>1</BisWeighted>
      <QtyInPackage>1</QtyInPackage>
      <ItemPrice>5.90</ItemPrice>
      <UnitOfMeasurePrice>5.90</UnitOfMeasurePrice>
      <AllowDiscount>1</AllowDiscount>
      <itemStatus>1</itemStatus>
      <LastUpdateDate />
      <LastUpdateTime />
    </Product>
    <Product>
      <PriceUpdateDate>2020/03/29 12:44</PriceUpdateDate>
      <ItemCode>2053</ItemCode>
      <ItemType>0</ItemType>
      <ItemName>שום יבש</ItemName>
      <ManufactureName>חברת יוסף אופנהימר 1986 בעמ</ManufactureName>
      <ManufactureCountry />
      <ManufactureItemDescription />
      <UnitQty>יח`</UnitQty>
      <Quantity>1</Quantity>
      <UnitMeasure />
      <BisWeighted>0</BisWeighted>
      <QtyInPackage>1</QtyInPackage>
      <ItemPrice>10</ItemPrice>
      <UnitOfMeasurePrice>10</UnitOfMeasurePrice>
      <AllowDiscount>1</AllowDiscount>
      <itemStatus>1</itemStatus>
      <LastUpdateDate />
      <LastUpdateTime />
    </Product>
    <Product>
      <PriceUpdateDate>2020/05/03 11:52</PriceUpdateDate>
      <ItemCode>2054</ItemCode>
      <ItemType>0</ItemType>
      <ItemName>שומר</ItemName>
      <ManufactureName>תעשיות תוצרת חקלאית אביטן בני</ManufactureName>
      <ManufactureCountry />
      <ManufactureItemDescription />
      <UnitQty>ק"ג</UnitQty>
      <Quantity>1</Quantity>
      <UnitMeasure />
      <BisWeighted>1</BisWeighted>
      <QtyInPackage>1</QtyInPackage>
      <ItemPrice>7.90</ItemPrice>
      <UnitOfMeasurePrice>7.90</UnitOfMeasurePrice>
      <AllowDiscount>1</AllowDiscount>
      <itemStatus>1</itemStatus>
      <LastUpdateDate />
      <LastUpdateTime />
    </Product>
    <Product>
      <PriceUpdateDate>2019/06/10 12:57</PriceUpdateDate>
      <ItemCode>2058</ItemCode>
      <ItemType>0</ItemType>
      <ItemName>תפוא לבן</ItemName>
      <ManufactureName>עוגן שיווק *בימי שני תפוא ב -</ManufactureName>
      <ManufactureCountry />
      <ManufactureItemDescription />
      <UnitQty>ק"ג</UnitQty>
      <Quantity>1</Quantity>
      <UnitMeasure />
      <BisWeighted>1</BisWeighted>
      <QtyInPackage>1</QtyInPackage>
      <ItemPrice>3.90</ItemPrice>
      <UnitOfMeasurePrice>3.90</UnitOfMeasurePrice>
      <AllowDiscount>1</AllowDiscount>
      <itemStatus>1</itemStatus>
      <LastUpdateDate />
      <LastUpdateTime />
    </Product>
    <Product>
      <PriceUpdateDate>2020/02/16 16:34</PriceUpdateDate>
      <ItemCode>2059</ItemCode>
      <ItemType>0</ItemType>
      <ItemName>תפוזים</ItemName>
      <ManufactureName>תעשיות תוצרת חקלאית אביטן בני</ManufactureName>
      <ManufactureCountry />
      <ManufactureItemDescription />
      <UnitQty>ק"ג</UnitQty>
      <Quantity>1</Quantity>
      <UnitMeasure />
      <BisWeighted>1</BisWeighted>
      <QtyInPackage>1</QtyInPackage>
      <ItemPrice>5.90</ItemPrice>
      <UnitOfMeasurePrice>5.90</UnitOfMeasurePrice>
      <AllowDiscount>1</AllowDiscount>
      <itemStatus>1</itemStatus>
      <LastUpdateDate />
      <LastUpdateTime />
    </Product>
    <Product>
      <PriceUpdateDate>2020/05/03 11:04</PriceUpdateDate>
      <ItemCode>2060</ItemCode>
      <ItemType>0</ItemType>
      <ItemName>תירס ארוז</ItemName>
      <ManufactureName>בננות החוף אגשח בעמ</ManufactureName>
      <ManufactureCountry />
      <ManufactureItemDescription />
      <UnitQty>ק"ג</UnitQty>
      <Quantity>1</Quantity>
      <UnitMeasure />
      <BisWeighted>1</BisWeighted>
      <QtyInPackage>1</QtyInPackage>
      <ItemPrice>8.90</ItemPrice>
      <UnitOfMeasurePrice>8.90</UnitOfMeasurePrice>
      <AllowDiscount>1</AllowDiscount>
      <itemStatus>1</itemStatus>
      <LastUpdateDate />
      <LastUpdateTime />
    </Product>
    <Product>
      <PriceUpdateDate>2020/05/03 11:04</PriceUpdateDate>
      <ItemCode>2061</ItemCode>
      <ItemType>0</ItemType>
      <ItemName>פלפל אדום</ItemName>
      <ManufactureName>י.ל החקלאים שיווק והפצה בעמ</ManufactureName>
      <ManufactureCountry />
      <ManufactureItemDescription />
      <UnitQty>ק"ג</UnitQty>
      <Quantity>1</Quantity>
      <UnitMeasure />
      <BisWeighted>1</BisWeighted>
      <QtyInPackage>1</QtyInPackage>
      <ItemPrice>8.90</ItemPrice>
      <UnitOfMeasurePrice>8.90</UnitOfMeasurePrice>
      <AllowDiscount>1</AllowDiscount>
      <itemStatus>1</itemStatus>
      <LastUpdateDate />
      <LastUpdateTime />
    </Product>
    <Product>
      <PriceUpdateDate>2020/04/19 10:35</PriceUpdateDate>
      <ItemCode>2063</ItemCode>
      <ItemType>0</ItemType>
      <ItemName>אגס</ItemName>
      <ManufactureName>בראשית - אגודה שיתופית חקלאית</ManufactureName>
      <ManufactureCountry />
      <ManufactureItemDescription />
      <UnitQty>ק"ג</UnitQty>
      <Quantity>1</Quantity>
      <UnitMeasure />
      <BisWeighted>1</BisWeighted>
      <QtyInPackage>1</QtyInPackage>
      <ItemPrice>12.90</ItemPrice>
      <UnitOfMeasurePrice>12.90</UnitOfMeasurePrice>
      <AllowDiscount>1</AllowDiscount>
      <itemStatus>1</itemStatus>
      <LastUpdateDate />
      <LastUpdateTime />
    </Product>
    <Product>
      <PriceUpdateDate>2020/05/03 11:52</PriceUpdateDate>
      <ItemCode>2064</ItemCode>
      <ItemType>0</ItemType>
      <ItemName>כרוב אדום</ItemName>
      <ManufactureName>תעשיות תוצרת חקלאית אביטן בני</ManufactureName>
      <ManufactureCountry />
      <ManufactureItemDescription />
      <UnitQty>ק"ג</UnitQty>
      <Quantity>1</Quantity>
      <UnitMeasure />
      <BisWeighted>1</BisWeighted>
      <QtyInPackage>1</QtyInPackage>
      <ItemPrice>5.90</ItemPrice>
      <UnitOfMeasurePrice>5.90</UnitOfMeasurePrice>
      <AllowDiscount>1</AllowDiscount>
      <itemStatus>1</itemStatus>
      <LastUpdateDate />
      <LastUpdateTime />
    </Product>
    <Product>
      <PriceUpdateDate>2020/03/15 16:53</PriceUpdateDate>
      <ItemCode>2065</ItemCode>
      <ItemType>0</ItemType>
      <ItemName>פלפל חריף אדום</ItemName>
      <ManufactureName>דובדבן שיווק בעמ</ManufactureName>
      <ManufactureCountry />
      <ManufactureItemDescription />
      <UnitQty>ק"ג</UnitQty>
      <Quantity>1</Quantity>
      <UnitMeasure />
      <BisWeighted>1</BisWeighted>
      <QtyInPackage>1</QtyInPackage>
      <ItemPrice>11.90</ItemPrice>
      <UnitOfMeasurePrice>11.90</UnitOfMeasurePrice>
      <AllowDiscount>1</AllowDiscount>
      <itemStatus>1</itemStatus>
      <LastUpdateDate />
      <LastUpdateTime />
    </Product>
    <Product>
      <PriceUpdateDate>2020/03/29 12:44</PriceUpdateDate>
      <ItemCode>2066</ItemCode>
      <ItemType>0</ItemType>
      <ItemName>פלפל בהיר</ItemName>
      <ManufactureName>ד. חי שווק תוצרת חקלאית בעמ</ManufactureName>
      <ManufactureCountry />
      <ManufactureItemDescription />
      <UnitQty>ק"ג</UnitQty>
      <Quantity>1</Quantity>
      <UnitMeasure />
      <BisWeighted>1</BisWeighted>
      <QtyInPackage>1</QtyInPackage>
      <ItemPrice>9.90</ItemPrice>
      <UnitOfMeasurePrice>9.90</UnitOfMeasurePrice>
      <AllowDiscount>1</AllowDiscount>
      <itemStatus>1</itemStatus>
      <LastUpdateDate />
      <LastUpdateTime />
    </Product>
    <Product>
      <PriceUpdateDate>2020/04/30 17:20</PriceUpdateDate>
      <ItemCode>2067</ItemCode>
      <ItemType>0</ItemType>
      <ItemName>פלפל צהוב</ItemName>
      <ManufactureName>ד. חי שווק תוצרת חקלאית בעמ</ManufactureName>
      <ManufactureCountry />
      <ManufactureItemDescription />
      <UnitQty>ק"ג</UnitQty>
      <Quantity>1</Quantity>
      <UnitMeasure />
      <BisWeighted>1</BisWeighted>
      <QtyInPackage>1</QtyInPackage>
      <ItemPrice>9.90</ItemPrice>
      <UnitOfMeasurePrice>9.90</UnitOfMeasurePrice>
      <AllowDiscount>1</AllowDiscount>
      <itemStatus>1</itemStatus>
      <LastUpdateDate />
      <LastUpdateTime />
    </Product>
    <Product>
      <PriceUpdateDate>2020/03/29 12:44</PriceUpdateDate>
      <ItemCode>2068</ItemCode>
      <ItemType>0</ItemType>
      <ItemName>אפרסמון</ItemName>
      <ManufactureName>מור פירות השרון בעמ</ManufactureName>
      <ManufactureCountry />
      <ManufactureItemDescription />
      <UnitQty>ק"ג</UnitQty>
      <Quantity>1</Quantity>
      <UnitMeasure />
      <BisWeighted>1</BisWeighted>
      <QtyInPackage>1</QtyInPackage>
      <ItemPrice>9.90</ItemPrice>
      <UnitOfMeasurePrice>9.90</UnitOfMeasurePrice>
      <AllowDiscount>1</AllowDiscount>
      <itemStatus>1</itemStatus>
      <LastUpdateDate />
      <LastUpdateTime />
    </Product>
    <Product>
      <PriceUpdateDate>2015/07/27 08:58</PriceUpdateDate>
      <ItemCode>7290010051724</ItemCode>
      <ItemType>1</ItemType>
      <ItemName>מלפפון בייבי</ItemName>
      <ManufactureName>א.אדמה (2007) בעמ</ManufactureName>
      <ManufactureCountry />
      <ManufactureItemDescription />
      <UnitQty>יח`</UnitQty>
      <Quantity>1</Quantity>
      <UnitMeasure />
      <BisWeighted>0</BisWeighted>
      <QtyInPackage>1</QtyInPackage>
      <ItemPrice>8.90</ItemPrice>
      <UnitOfMeasurePrice>8.90</UnitOfMeasurePrice>
      <AllowDiscount>1</AllowDiscount>
      <itemStatus>1</itemStatus>
      <LastUpdateDate />
      <LastUpdateTime />
    </Product>
    <Product>
      <PriceUpdateDate>2020/04/19 10:35</PriceUpdateDate>
      <ItemCode>2072</ItemCode>
      <ItemType>0</ItemType>
      <ItemName>בצל אדום</ItemName>
      <ManufactureName>אום אל נור לגידולים חקלאיים בע</ManufactureName>
      <ManufactureCountry />
      <ManufactureItemDescription />
      <UnitQty>ק"ג</UnitQty>
      <Quantity>1</Quantity>
      <UnitMeasure />
      <BisWeighted>1</BisWeighted>
      <QtyInPackage>1</QtyInPackage>
      <ItemPrice>5.90</ItemPrice>
      <UnitOfMeasurePrice>5.90</UnitOfMeasurePrice>
      <AllowDiscount>1</AllowDiscount>
      <itemStatus>1</itemStatus>
      <LastUpdateDate />
      <LastUpdateTime />
    </Product>
    <Product>
      <PriceUpdateDate>2017/11/02 12:06</PriceUpdateDate>
      <ItemCode>2074</ItemCode>
      <ItemType>0</ItemType>
      <ItemName>שרי ארוז</ItemName>
      <ManufactureName>צימן עגבניות</ManufactureName>
      <ManufactureCountry />
      <ManufactureItemDescription />
      <UnitQty>יח`</UnitQty>
      <Quantity>1</Quantity>
      <UnitMeasure />
      <BisWeighted>0</BisWeighted>
      <QtyInPackage>1</QtyInPackage>
      <ItemPrice>9.90</ItemPrice>
      <UnitOfMeasurePrice>9.90</UnitOfMeasurePrice>
      <AllowDiscount>1</AllowDiscount>
      <itemStatus>1</itemStatus>
      <LastUpdateDate />
      <LastUpdateTime />
    </Product>
    <Product>
      <PriceUpdateDate>2020/05/03 11:04</PriceUpdateDate>
      <ItemCode>2080</ItemCode>
      <ItemType>0</ItemType>
      <ItemName>נקטרינה</ItemName>
      <ManufactureName>מיטב פרי הרמה (1995) בעמ</ManufactureName>
      <ManufactureCountry />
      <ManufactureItemDescription />
      <UnitQty>ק"ג</UnitQty>
      <Quantity>1</Quantity>
      <UnitMeasure />
      <BisWeighted>1</BisWeighted>
      <QtyInPackage>1</QtyInPackage>
      <ItemPrice>15.90</ItemPrice>
      <UnitOfMeasurePrice>15.90</UnitOfMeasurePrice>
      <AllowDiscount>1</AllowDiscount>
      <itemStatus>1</itemStatus>
      <LastUpdateDate />
      <LastUpdateTime />
    </Product>
    <Product>
      <PriceUpdateDate>2020/02/04 11:03</PriceUpdateDate>
      <ItemCode>2081</ItemCode>
      <ItemType>0</ItemType>
      <ItemName>ענבי טלי שחורים</ItemName>
      <ManufactureName>לכיש מושב עובדים להתישבות חקלא</ManufactureName>
      <ManufactureCountry />
      <ManufactureItemDescription />
      <UnitQty>ק"ג</UnitQty>
      <Quantity>1</Quantity>
      <UnitMeasure />
      <BisWeighted>1</BisWeighted>
      <QtyInPackage>1</QtyInPackage>
      <ItemPrice>29.90</ItemPrice>
      <UnitOfMeasurePrice>29.90</UnitOfMeasurePrice>
      <AllowDiscount>1</AllowDiscount>
      <itemStatus>1</itemStatus>
      <LastUpdateDate />
      <LastUpdateTime />
    </Product>
    <Product>
      <PriceUpdateDate>2020/03/26 08:02</PriceUpdateDate>
      <ItemCode>2082</ItemCode>
      <ItemType>0</ItemType>
      <ItemName>תפוח פינק ליידי</ItemName>
      <ManufactureName>בראשית - אגודה שיתופית חקלאית</ManufactureName>
      <ManufactureCountry />
      <ManufactureItemDescription />
      <UnitQty>ק"ג</UnitQty>
      <Quantity>1</Quantity>
      <UnitMeasure />
      <BisWeighted>1</BisWeighted>
      <QtyInPackage>1</QtyInPackage>
      <ItemPrice>14.90</ItemPrice>
      <UnitOfMeasurePrice>14.90</UnitOfMeasurePrice>
      <AllowDiscount>1</AllowDiscount>
      <itemStatus>1</itemStatus>
      <LastUpdateDate />
      <LastUpdateTime />
    </Product>
    <Product>
      <PriceUpdateDate>2018/07/23 12:14</PriceUpdateDate>
      <ItemCode>2086</ItemCode>
      <ItemType>0</ItemType>
      <ItemName>מג`הול תמר בקופסא</ItemName>
      <ManufactureName>דין שיווק וקליה בעמ</ManufactureName>
      <ManufactureCountry />
      <ManufactureItemDescription />
      <UnitQty>יח`</UnitQty>
      <Quantity>1</Quantity>
      <UnitMeasure />
      <BisWeighted>0</BisWeighted>
      <QtyInPackage>1</QtyInPackage>
      <ItemPrice>19.90</ItemPrice>
      <UnitOfMeasurePrice>19.90</UnitOfMeasurePrice>
      <AllowDiscount>1</AllowDiscount>
      <itemStatus>1</itemStatus>
      <LastUpdateDate />
      <LastUpdateTime />
    </Product>
    <Product>
      <PriceUpdateDate>2020/05/03 11:04</PriceUpdateDate>
      <ItemCode>2090</ItemCode>
      <ItemType>0</ItemType>
      <ItemName>שסק</ItemName>
      <ManufactureName>אלדד קליימן שיווק בעמ</ManufactureName>
      <ManufactureCountry />
      <ManufactureItemDescription />
      <UnitQty>ק"ג</UnitQty>
      <Quantity>1</Quantity>
      <UnitMeasure />
      <BisWeighted>1</BisWeighted>
      <QtyInPackage>1</QtyInPackage>
      <ItemPrice>12.90</ItemPrice>
      <UnitOfMeasurePrice>12.90</UnitOfMeasurePrice>
      <AllowDiscount>1</AllowDiscount>
      <itemStatus>1</itemStatus>
      <LastUpdateDate />
      <LastUpdateTime />
    </Product>
    <Product>
      <PriceUpdateDate>2020/05/03 11:52</PriceUpdateDate>
      <ItemCode>2091</ItemCode>
      <ItemType>0</ItemType>
      <ItemName>אפרסק</ItemName>
      <ManufactureName>מיטב פרי הרמה (1995) בעמ</ManufactureName>
      <ManufactureCountry />
      <ManufactureItemDescription />
      <UnitQty>ק"ג</UnitQty>
      <Quantity>1</Quantity>
      <UnitMeasure />
      <BisWeighted>1</BisWeighted>
      <QtyInPackage>1</QtyInPackage>
      <ItemPrice>15.90</ItemPrice>
      <UnitOfMeasurePrice>15.90</UnitOfMeasurePrice>
      <AllowDiscount>1</AllowDiscount>
      <itemStatus>1</itemStatus>
      <LastUpdateDate />
      <LastUpdateTime />
    </Product>
    <Product>
      <PriceUpdateDate>2020/04/19 11:31</PriceUpdateDate>
      <ItemCode>2092</ItemCode>
      <ItemType>0</ItemType>
      <ItemName>פלפל שושקה</ItemName>
      <ManufactureName>ד. חי שווק תוצרת חקלאית בעמ</ManufactureName>
      <ManufactureCountry />
      <ManufactureItemDescription />
      <UnitQty>ק"ג</UnitQty>
      <Quantity>1</Quantity>
      <UnitMeasure />
      <BisWeighted>1</BisWeighted>
      <QtyInPackage>1</QtyInPackage>
      <ItemPrice>9.90</ItemPrice>
      <UnitOfMeasurePrice>9.90</UnitOfMeasurePrice>
      <AllowDiscount>1</AllowDiscount>
      <itemStatus>1</itemStatus>
      <LastUpdateDate />
      <LastUpdateTime />
    </Product>
    <Product>
      <PriceUpdateDate>2020/04/05 11:56</PriceUpdateDate>
      <ItemCode>2095</ItemCode>
      <ItemType>0</ItemType>
      <ItemName>סברס</ItemName>
      <ManufactureName>מהדרין תנופורט יצוא ( ש.מ.)</ManufactureName>
      <ManufactureCountry />
      <ManufactureItemDescription />
      <UnitQty>ק"ג</UnitQty>
      <Quantity>1</Quantity>
      <UnitMeasure />
      <BisWeighted>1</BisWeighted>
      <QtyInPackage>1</QtyInPackage>
      <ItemPrice>29.90</ItemPrice>
      <UnitOfMeasurePrice>29.90</UnitOfMeasurePrice>
      <AllowDiscount>1</AllowDiscount>
      <itemStatus>1</itemStatus>
      <LastUpdateDate />
      <LastUpdateTime />
    </Product>
    <Product>
      <PriceUpdateDate>2020/04/30 10:59</PriceUpdateDate>
      <ItemCode>7290008268004</ItemCode>
      <ItemType>1</ItemType>
      <ItemName>דובדבנים ארוז</ItemName>
      <ManufactureName>בראשית - אגודה שיתופית חקלאית</ManufactureName>
      <ManufactureCountry />
      <ManufactureItemDescription />
      <UnitQty>יח`</UnitQty>
      <Quantity>1</Quantity>
      <UnitMeasure />
      <BisWeighted>0</BisWeighted>
      <QtyInPackage>1</QtyInPackage>
      <ItemPrice>29.90</ItemPrice>
      <UnitOfMeasurePrice>29.90</UnitOfMeasurePrice>
      <AllowDiscount>1</AllowDiscount>
      <itemStatus>1</itemStatus>
      <LastUpdateDate />
      <LastUpdateTime />
    </Product>
    <Product>
      <PriceUpdateDate>2020/05/03 11:04</PriceUpdateDate>
      <ItemCode>2098</ItemCode>
      <ItemType>0</ItemType>
      <ItemName>משמש</ItemName>
      <ManufactureName>גליל שוק מקומי אגשח בעמ</ManufactureName>
      <ManufactureCountry />
      <ManufactureItemDescription />
      <UnitQty>ק"ג</UnitQty>
      <Quantity>1</Quantity>
      <UnitMeasure />
      <BisWeighted>1</BisWeighted>
      <QtyInPackage>1</QtyInPackage>
      <ItemPrice>29.90</ItemPrice>
      <UnitOfMeasurePrice>29.90</UnitOfMeasurePrice>
      <AllowDiscount>1</AllowDiscount>
      <itemStatus>1</itemStatus>
      <LastUpdateDate />
      <LastUpdateTime />
    </Product>
    <Product>
      <PriceUpdateDate>2019/11/10 11:45</PriceUpdateDate>
      <ItemCode>2099</ItemCode>
      <ItemType>0</ItemType>
      <ItemName>שזיף אדום</ItemName>
      <ManufactureName>משק רזניק בעמ</ManufactureName>
      <ManufactureCountry />
      <ManufactureItemDescription />
      <UnitQty>ק"ג</UnitQty>
      <Quantity>1</Quantity>
      <UnitMeasure />
      <BisWeighted>1</BisWeighted>
      <QtyInPackage>1</QtyInPackage>
      <ItemPrice>9.90</ItemPrice>
      <UnitOfMeasurePrice>9.90</UnitOfMeasurePrice>
      <AllowDiscount>1</AllowDiscount>
      <itemStatus>1</itemStatus>
      <LastUpdateDate />
      <LastUpdateTime />
    </Product>
    <Product>
      <PriceUpdateDate>2013/12/04 16:00</PriceUpdateDate>
      <ItemCode>7290010051298</ItemCode>
      <ItemType>1</ItemType>
      <ItemName>סלק עלים מנגולד</ItemName>
      <ManufactureName>א.אדמה (2007) בעמ</ManufactureName>
      <ManufactureCountry />
      <ManufactureItemDescription />
      <UnitQty>יח`</UnitQty>
      <Quantity>1</Quantity>
      <UnitMeasure />
      <BisWeighted>0</BisWeighted>
      <QtyInPackage>1</QtyInPackage>
      <ItemPrice>4.90</ItemPrice>
      <UnitOfMeasurePrice>4.90</UnitOfMeasurePrice>
      <AllowDiscount>1</AllowDiscount>
      <itemStatus>1</itemStatus>
      <LastUpdateDate />
      <LastUpdateTime />
    </Product>
    <Product>
      <PriceUpdateDate>2020/04/30 17:20</PriceUpdateDate>
      <ItemCode>2113</ItemCode>
      <ItemType>0</ItemType>
      <ItemName>פלפל כתום</ItemName>
      <ManufactureName>י.ל החקלאים שיווק והפצה בעמ</ManufactureName>
      <ManufactureCountry />
      <ManufactureItemDescription />
      <UnitQty>ק"ג</UnitQty>
      <Quantity>1</Quantity>
      <UnitMeasure />
      <BisWeighted>1</BisWeighted>
      <QtyInPackage>1</QtyInPackage>
      <ItemPrice>9.90</ItemPrice>
      <UnitOfMeasurePrice>9.90</UnitOfMeasurePrice>
      <AllowDiscount>1</AllowDiscount>
      <itemStatus>1</itemStatus>
      <LastUpdateDate />
      <LastUpdateTime />
    </Product>
    <Product>
      <PriceUpdateDate>2020/03/29 12:44</PriceUpdateDate>
      <ItemCode>2115</ItemCode>
      <ItemType>0</ItemType>
      <ItemName>שום טרי בתפזורת</ItemName>
      <ManufactureName>בננות החוף אגשח בעמ</ManufactureName>
      <ManufactureCountry />
      <ManufactureItemDescription />
      <UnitQty>ק"ג</UnitQty>
      <Quantity>1</Quantity>
      <UnitMeasure />
      <BisWeighted>1</BisWeighted>
      <QtyInPackage>1</QtyInPackage>
      <ItemPrice>29.90</ItemPrice>
      <UnitOfMeasurePrice>29.90</UnitOfMeasurePrice>
      <AllowDiscount>1</AllowDiscount>
      <itemStatus>1</itemStatus>
      <LastUpdateDate />
      <LastUpdateTime />
    </Product>
    <Product>
      <PriceUpdateDate>2019/06/10 12:57</PriceUpdateDate>
      <ItemCode>2120</ItemCode>
      <ItemType>0</ItemType>
      <ItemName>תפוא אדום</ItemName>
      <ManufactureName>עוגן שיווק *בימי שני תפוא ב -</ManufactureName>
      <ManufactureCountry />
      <ManufactureItemDescription />
      <UnitQty>ק"ג</UnitQty>
      <Quantity>1</Quantity>
      <UnitMeasure />
      <BisWeighted>1</BisWeighted>
      <QtyInPackage>1</QtyInPackage>
      <ItemPrice>4.90</ItemPrice>
      <UnitOfMeasurePrice>4.90</UnitOfMeasurePrice>
      <AllowDiscount>1</AllowDiscount>
      <itemStatus>1</itemStatus>
      <LastUpdateDate />
      <LastUpdateTime />
    </Product>
    <Product>
      <PriceUpdateDate>2020/01/05 11:12</PriceUpdateDate>
      <ItemCode>2132</ItemCode>
      <ItemType>0</ItemType>
      <ItemName>ברוקולי ארוז</ItemName>
      <ManufactureName>בננות החוף אגשח בעמ</ManufactureName>
      <ManufactureCountry />
      <ManufactureItemDescription />
      <UnitQty>יח`</UnitQty>
      <Quantity>1</Quantity>
      <UnitMeasure />
      <BisWeighted>0</BisWeighted>
      <QtyInPackage>1</QtyInPackage>
      <ItemPrice>9.90</ItemPrice>
      <UnitOfMeasurePrice>9.90</UnitOfMeasurePrice>
      <AllowDiscount>1</AllowDiscount>
      <itemStatus>1</itemStatus>
      <LastUpdateDate />
      <LastUpdateTime />
    </Product>
    <Product>
      <PriceUpdateDate>2018/08/12 10:21</PriceUpdateDate>
      <ItemCode>7290006704061</ItemCode>
      <ItemType>1</ItemType>
      <ItemName>עירית ארוזה</ItemName>
      <ManufactureName>א.אדמה (2007) בעמ</ManufactureName>
      <ManufactureCountry />
      <ManufactureItemDescription />
      <UnitQty>יח`</UnitQty>
      <Quantity>1</Quantity>
      <UnitMeasure />
      <BisWeighted>0</BisWeighted>
      <QtyInPackage>1</QtyInPackage>
      <ItemPrice>4.90</ItemPrice>
      <UnitOfMeasurePrice>4.90</UnitOfMeasurePrice>
      <AllowDiscount>1</AllowDiscount>
      <itemStatus>1</itemStatus>
      <LastUpdateDate />
      <LastUpdateTime />
    </Product>
    <Product>
      <PriceUpdateDate>2018/05/04 11:18</PriceUpdateDate>
      <ItemCode>7290010051038</ItemCode>
      <ItemType>1</ItemType>
      <ItemName>אספרגוס ארוז</ItemName>
      <ManufactureName>א.אדמה (2007) בעמ</ManufactureName>
      <ManufactureCountry />
      <ManufactureItemDescription />
      <UnitQty>יח`</UnitQty>
      <Quantity>1</Quantity>
      <UnitMeasure />
      <BisWeighted>0</BisWeighted>
      <QtyInPackage>1</QtyInPackage>
      <ItemPrice>24.90</ItemPrice>
      <UnitOfMeasurePrice>24.90</UnitOfMeasurePrice>
      <AllowDiscount>1</AllowDiscount>
      <itemStatus>1</itemStatus>
      <LastUpdateDate />
      <LastUpdateTime />
    </Product>
    <Product>
      <PriceUpdateDate>2019/12/08 14:05</PriceUpdateDate>
      <ItemCode>2158</ItemCode>
      <ItemType>0</ItemType>
      <ItemName>תפוזים ברשת</ItemName>
      <ManufactureName>מהדרין תנופורט יצוא ( ש.מ.)</ManufactureName>
      <ManufactureCountry />
      <ManufactureItemDescription />
      <UnitQty>ק"ג</UnitQty>
      <Quantity>1</Quantity>
      <UnitMeasure />
      <BisWeighted>1</BisWeighted>
      <QtyInPackage>1</QtyInPackage>
      <ItemPrice>4.90</ItemPrice>
      <UnitOfMeasurePrice>4.90</UnitOfMeasurePrice>
      <AllowDiscount>1</AllowDiscount>
      <itemStatus>1</itemStatus>
      <LastUpdateDate />
      <LastUpdateTime />
    </Product>
    <Product>
      <PriceUpdateDate>2019/11/28 09:51</PriceUpdateDate>
      <ItemCode>2162</ItemCode>
      <ItemType>0</ItemType>
      <ItemName>תפוא תפזורת</ItemName>
      <ManufactureName>בכורי שדה דרום 2002 בעמ</ManufactureName>
      <ManufactureCountry />
      <ManufactureItemDescription />
      <UnitQty>ק"ג</UnitQty>
      <Quantity>1</Quantity>
      <UnitMeasure />
      <BisWeighted>1</BisWeighted>
      <QtyInPackage>1</QtyInPackage>
      <ItemPrice>5.90</ItemPrice>
      <UnitOfMeasurePrice>5.90</UnitOfMeasurePrice>
      <AllowDiscount>1</AllowDiscount>
      <itemStatus>1</itemStatus>
      <LastUpdateDate />
      <LastUpdateTime />
    </Product>
    <Product>
      <PriceUpdateDate>2020/03/02 13:53</PriceUpdateDate>
      <ItemCode>2163</ItemCode>
      <ItemType>0</ItemType>
      <ItemName>לימון סיני</ItemName>
      <ManufactureName>עמית בראון שיווק עמ</ManufactureName>
      <ManufactureCountry />
      <ManufactureItemDescription />
      <UnitQty>יח`</UnitQty>
      <Quantity>1</Quantity>
      <UnitMeasure />
      <BisWeighted>0</BisWeighted>
      <QtyInPackage>1</QtyInPackage>
      <ItemPrice>10</ItemPrice>
      <UnitOfMeasurePrice>10</UnitOfMeasurePrice>
      <AllowDiscount>1</AllowDiscount>
      <itemStatus>1</itemStatus>
      <LastUpdateDate />
      <LastUpdateTime />
    </Product>
    <Product>
      <PriceUpdateDate>2020/04/19 11:31</PriceUpdateDate>
      <ItemCode>2165</ItemCode>
      <ItemType>0</ItemType>
      <ItemName>פטריות חומות תפזורת גדולות למילוי</ItemName>
      <ManufactureName>חוות השמפיניון בעמ</ManufactureName>
      <ManufactureCountry />
      <ManufactureItemDescription />
      <UnitQty>ק"ג</UnitQty>
      <Quantity>1</Quantity>
      <UnitMeasure />
      <BisWeighted>1</BisWeighted>
      <QtyInPackage>1</QtyInPackage>
      <ItemPrice>39.90</ItemPrice>
      <UnitOfMeasurePrice>39.90</UnitOfMeasurePrice>
      <AllowDiscount>1</AllowDiscount>
      <itemStatus>1</itemStatus>
      <LastUpdateDate />
      <LastUpdateTime />
    </Product>
    <Product>
      <PriceUpdateDate>2018/05/03 11:23</PriceUpdateDate>
      <ItemCode>2167</ItemCode>
      <ItemType>0</ItemType>
      <ItemName>תפוא לאפיה</ItemName>
      <ManufactureName>גידולי אגו בעמ</ManufactureName>
      <ManufactureCountry />
      <ManufactureItemDescription />
      <UnitQty>ק"ג</UnitQty>
      <Quantity>1</Quantity>
      <UnitMeasure />
      <BisWeighted>1</BisWeighted>
      <QtyInPackage>1</QtyInPackage>
      <ItemPrice>3.90</ItemPrice>
      <UnitOfMeasurePrice>3.90</UnitOfMeasurePrice>
      <AllowDiscount>1</AllowDiscount>
      <itemStatus>1</itemStatus>
      <LastUpdateDate />
      <LastUpdateTime />
    </Product>
    <Product>
      <PriceUpdateDate>2013/12/31 09:50</PriceUpdateDate>
      <ItemCode>2168</ItemCode>
      <ItemType>0</ItemType>
      <ItemName>תפוח ברשת</ItemName>
      <ManufactureName>אמצע השוק בעמ</ManufactureName>
      <ManufactureCountry />
      <ManufactureItemDescription />
      <UnitQty>ק"ג</UnitQty>
      <Quantity>1</Quantity>
      <UnitMeasure />
      <BisWeighted>1</BisWeighted>
      <QtyInPackage>1</QtyInPackage>
      <ItemPrice>9</ItemPrice>
      <UnitOfMeasurePrice>9</UnitOfMeasurePrice>
      <AllowDiscount>1</AllowDiscount>
      <itemStatus>1</itemStatus>
      <LastUpdateDate />
      <LastUpdateTime />
    </Product>
    <Product>
      <PriceUpdateDate>2018/12/02 15:53</PriceUpdateDate>
      <ItemCode>2171</ItemCode>
      <ItemType>0</ItemType>
      <ItemName>פאפיה</ItemName>
      <ManufactureName>ביכורי השדה קדש אגשח בעמ</ManufactureName>
      <ManufactureCountry />
      <ManufactureItemDescription />
      <UnitQty>ק"ג</UnitQty>
      <Quantity>1</Quantity>
      <UnitMeasure />
      <BisWeighted>1</BisWeighted>
      <QtyInPackage>1</QtyInPackage>
      <ItemPrice>14.90</ItemPrice>
      <UnitOfMeasurePrice>14.90</UnitOfMeasurePrice>
      <AllowDiscount>1</AllowDiscount>
      <itemStatus>1</itemStatus>
      <LastUpdateDate />
      <LastUpdateTime />
    </Product>
    <Product>
      <PriceUpdateDate>2020/05/03 11:52</PriceUpdateDate>
      <ItemCode>2173</ItemCode>
      <ItemType>0</ItemType>
      <ItemName>חציל בלדי</ItemName>
      <ManufactureName>י.ל החקלאים שיווק והפצה בעמ</ManufactureName>
      <ManufactureCountry />
      <ManufactureItemDescription />
      <UnitQty>ק"ג</UnitQty>
      <Quantity>1</Quantity>
      <UnitMeasure />
      <BisWeighted>1</BisWeighted>
      <QtyInPackage>1</QtyInPackage>
      <ItemPrice>8.90</ItemPrice>
      <UnitOfMeasurePrice>8.90</UnitOfMeasurePrice>
      <AllowDiscount>1</AllowDiscount>
      <itemStatus>1</itemStatus>
      <LastUpdateDate />
      <LastUpdateTime />
    </Product>
    <Product>
      <PriceUpdateDate>2019/07/07 11:37</PriceUpdateDate>
      <ItemCode>2174</ItemCode>
      <ItemType>0</ItemType>
      <ItemName>דובדבנים במשקל</ItemName>
      <ManufactureName>בראשית - אגודה שיתופית חקלאית</ManufactureName>
      <ManufactureCountry />
      <ManufactureItemDescription />
      <UnitQty>ק"ג</UnitQty>
      <Quantity>1</Quantity>
      <UnitMeasure />
      <BisWeighted>1</BisWeighted>
      <QtyInPackage>1</QtyInPackage>
      <ItemPrice>19.90</ItemPrice>
      <UnitOfMeasurePrice>19.90</UnitOfMeasurePrice>
      <AllowDiscount>1</AllowDiscount>
      <itemStatus>1</itemStatus>
      <LastUpdateDate />
      <LastUpdateTime />
    </Product>
    <Product>
      <PriceUpdateDate>2020/04/05 10:45</PriceUpdateDate>
      <ItemCode>2177</ItemCode>
      <ItemType>0</ItemType>
      <ItemName>ענבי טלי ירוקים</ItemName>
      <ManufactureName>לכיש מושב עובדים להתישבות חקלא</ManufactureName>
      <ManufactureCountry />
      <ManufactureItemDescription />
      <UnitQty>ק"ג</UnitQty>
      <Quantity>1</Quantity>
      <UnitMeasure />
      <BisWeighted>1</BisWeighted>
      <QtyInPackage>1</QtyInPackage>
      <ItemPrice>29.90</ItemPrice>
      <UnitOfMeasurePrice>29.90</UnitOfMeasurePrice>
      <AllowDiscount>1</AllowDiscount>
      <itemStatus>1</itemStatus>
      <LastUpdateDate />
      <LastUpdateTime />
    </Product>
    <Product>
      <PriceUpdateDate>2020/03/09 12:56</PriceUpdateDate>
      <ItemCode>2186</ItemCode>
      <ItemType>0</ItemType>
      <ItemName>תפוח גלה</ItemName>
      <ManufactureName>בראשית - אגודה שיתופית חקלאית</ManufactureName>
      <ManufactureCountry />
      <ManufactureItemDescription />
      <UnitQty>ק"ג</UnitQty>
      <Quantity>1</Quantity>
      <UnitMeasure />
      <BisWeighted>1</BisWeighted>
      <QtyInPackage>1</QtyInPackage>
      <ItemPrice>12.90</ItemPrice>
      <UnitOfMeasurePrice>12.90</UnitOfMeasurePrice>
      <AllowDiscount>1</AllowDiscount>
      <itemStatus>1</itemStatus>
      <LastUpdateDate />
      <LastUpdateTime />
    </Product>
    <Product>
      <PriceUpdateDate>2016/07/19 07:19</PriceUpdateDate>
      <ItemCode>7290006265524</ItemCode>
      <ItemType>1</ItemType>
      <ItemName>פטריות לבנות תפזורת גדולות למילוי</ItemName>
      <ManufactureName>חוות השמפיניון בעמ</ManufactureName>
      <ManufactureCountry />
      <ManufactureItemDescription />
      <UnitQty>ק"ג</UnitQty>
      <Quantity>1</Quantity>
      <UnitMeasure />
      <BisWeighted>1</BisWeighted>
      <QtyInPackage>1</QtyInPackage>
      <ItemPrice>29.90</ItemPrice>
      <UnitOfMeasurePrice>29.90</UnitOfMeasurePrice>
      <AllowDiscount>1</AllowDiscount>
      <itemStatus>1</itemStatus>
      <LastUpdateDate />
      <LastUpdateTime />
    </Product>
    <Product>
      <PriceUpdateDate>2018/09/03 14:43</PriceUpdateDate>
      <ItemCode>2556</ItemCode>
      <ItemType>0</ItemType>
      <ItemName>עגבניות חתוכות דק 400 גר` בודד</ItemName>
      <ManufactureName>רסטרטו יבוא ושיווק בעמ</ManufactureName>
      <ManufactureCountry />
      <ManufactureItemDescription />
      <UnitQty>יח`</UnitQty>
      <Quantity>400</Quantity>
      <UnitMeasure>גרם</UnitMeasure>
      <BisWeighted>0</BisWeighted>
      <QtyInPackage>1</QtyInPackage>
      <ItemPrice>5.90</ItemPrice>
      <UnitOfMeasurePrice>1.48</UnitOfMeasurePrice>
      <AllowDiscount>0</AllowDiscount>
      <itemStatus>1</itemStatus>
      <LastUpdateDate />
      <LastUpdateTime />
    </Product>
    <Product>
      <PriceUpdateDate>2020/03/31 14:22</PriceUpdateDate>
      <ItemCode>3113</ItemCode>
      <ItemType>0</ItemType>
      <ItemName>מסיכת הגנה 3 שכבות בודד</ItemName>
      <ManufactureName>ספקים שונים</ManufactureName>
      <ManufactureCountry />
      <ManufactureItemDescription />
      <UnitQty>יח`</UnitQty>
      <Quantity>1</Quantity>
      <UnitMeasure />
      <BisWeighted>0</BisWeighted>
      <QtyInPackage>1</QtyInPackage>
      <ItemPrice>9.90</ItemPrice>
      <UnitOfMeasurePrice>9.90</UnitOfMeasurePrice>
      <AllowDiscount>0</AllowDiscount>
      <itemStatus>1</itemStatus>
      <LastUpdateDate />
      <LastUpdateTime />
    </Product>
    <Product>
      <PriceUpdateDate>2020/04/20 15:11</PriceUpdateDate>
      <ItemCode>3535</ItemCode>
      <ItemType>0</ItemType>
      <ItemName>מסיכת הגנה לפנים 50 יח`</ItemName>
      <ManufactureName>ספקים שונים</ManufactureName>
      <ManufactureCountry />
      <ManufactureItemDescription />
      <UnitQty>יח`</UnitQty>
      <Quantity>1</Quantity>
      <UnitMeasure />
      <BisWeighted>0</BisWeighted>
      <QtyInPackage>1</QtyInPackage>
      <ItemPrice>100</ItemPrice>
      <UnitOfMeasurePrice>100</UnitOfMeasurePrice>
      <AllowDiscount>1</AllowDiscount>
      <itemStatus>1</itemStatus>
      <LastUpdateDate />
      <LastUpdateTime />
    </Product>
    <Product>
      <PriceUpdateDate>2020/04/22 08:42</PriceUpdateDate>
      <ItemCode>4022</ItemCode>
      <ItemType>0</ItemType>
      <ItemName>מסיכות בד שלישייה</ItemName>
      <ManufactureName>אומנות התפירה</ManufactureName>
      <ManufactureCountry />
      <ManufactureItemDescription />
      <UnitQty>יח`</UnitQty>
      <Quantity>1</Quantity>
      <UnitMeasure />
      <BisWeighted>0</BisWeighted>
      <QtyInPackage>1</QtyInPackage>
      <ItemPrice>19.90</ItemPrice>
      <UnitOfMeasurePrice>19.90</UnitOfMeasurePrice>
      <AllowDiscount>0</AllowDiscount>
      <itemStatus>1</itemStatus>
      <LastUpdateDate />
      <LastUpdateTime />
    </Product>
    <Product>
      <PriceUpdateDate>2020/04/19 16:19</PriceUpdateDate>
      <ItemCode>4589</ItemCode>
      <ItemType>0</ItemType>
      <ItemName>KN95 בודד מסיכת פנים</ItemName>
      <ManufactureName>גל-אור נכסים בעמ</ManufactureName>
      <ManufactureCountry />
      <ManufactureItemDescription />
      <UnitQty>יח`</UnitQty>
      <Quantity>1</Quantity>
      <UnitMeasure />
      <BisWeighted>0</BisWeighted>
      <QtyInPackage>1</QtyInPackage>
      <ItemPrice>9.90</ItemPrice>
      <UnitOfMeasurePrice>9.90</UnitOfMeasurePrice>
      <AllowDiscount>0</AllowDiscount>
      <itemStatus>1</itemStatus>
      <LastUpdateDate />
      <LastUpdateTime />
    </Product>
    <Product>
      <PriceUpdateDate>2020/04/19 16:19</PriceUpdateDate>
      <ItemCode>5601</ItemCode>
      <ItemType>0</ItemType>
      <ItemName>KN95 מארז 10  יח`מסיכת פנים</ItemName>
      <ManufactureName>ספקים שונים</ManufactureName>
      <ManufactureCountry />
      <ManufactureItemDescription />
      <UnitQty>יח`</UnitQty>
      <Quantity>1</Quantity>
      <UnitMeasure />
      <BisWeighted>0</BisWeighted>
      <QtyInPackage>1</QtyInPackage>
      <ItemPrice>69</ItemPrice>
      <UnitOfMeasurePrice>69</UnitOfMeasurePrice>
      <AllowDiscount>0</AllowDiscount>
      <itemStatus>1</itemStatus>
      <LastUpdateDate />
      <LastUpdateTime />
    </Product>
    <Product>
      <PriceUpdateDate>2017/03/02 09:32</PriceUpdateDate>
      <ItemCode>7302</ItemCode>
      <ItemType>0</ItemType>
      <ItemName>תבנית אינגליש המותג</ItemName>
      <ManufactureName>דין שיווק - עטרת</ManufactureName>
      <ManufactureCountry />
      <ManufactureItemDescription />
      <UnitQty>יח`</UnitQty>
      <Quantity>1</Quantity>
      <UnitMeasure />
      <BisWeighted>0</BisWeighted>
      <QtyInPackage>1</QtyInPackage>
      <ItemPrice>0.90</ItemPrice>
      <UnitOfMeasurePrice>0.90</UnitOfMeasurePrice>
      <AllowDiscount>1</AllowDiscount>
      <itemStatus>1</itemStatus>
      <LastUpdateDate />
      <LastUpdateTime />
    </Product>
    <Product>
      <PriceUpdateDate>2019/03/11 12:45</PriceUpdateDate>
      <ItemCode>7290103152987</ItemCode>
      <ItemType>1</ItemType>
      <ItemName>פאלאס תבניות אלומיניום קטן/אינגליש</ItemName>
      <ManufactureName>פאלאס תעשיות נטו (2014) בעמ</ManufactureName>
      <ManufactureCountry />
      <ManufactureItemDescription />
      <UnitQty>יח`</UnitQty>
      <Quantity>1</Quantity>
      <UnitMeasure />
      <BisWeighted>0</BisWeighted>
      <QtyInPackage>1</QtyInPackage>
      <ItemPrice>0.90</ItemPrice>
      <UnitOfMeasurePrice>0.90</UnitOfMeasurePrice>
      <AllowDiscount>1</AllowDiscount>
      <itemStatus>1</itemStatus>
      <LastUpdateDate />
      <LastUpdateTime />
    </Product>
    <Product>
      <PriceUpdateDate>2019/03/11 12:45</PriceUpdateDate>
      <ItemCode>7290112482211</ItemCode>
      <ItemType>1</ItemType>
      <ItemName>פאלאס תבניות אלומניום ענק</ItemName>
      <ManufactureName>פאלאס תעשיות נטו (2014) בעמ</ManufactureName>
      <ManufactureCountry />
      <ManufactureItemDescription />
      <UnitQty>יח`</UnitQty>
      <Quantity>1</Quantity>
      <UnitMeasure />
      <BisWeighted>0</BisWeighted>
      <QtyInPackage>1</QtyInPackage>
      <ItemPrice>1.90</ItemPrice>
      <UnitOfMeasurePrice>1.90</UnitOfMeasurePrice>
      <AllowDiscount>1</AllowDiscount>
      <itemStatus>1</itemStatus>
      <LastUpdateDate />
      <LastUpdateTime />
    </Product>
    <Product>
      <PriceUpdateDate>2019/03/11 12:45</PriceUpdateDate>
      <ItemCode>7290103152956</ItemCode>
      <ItemType>1</ItemType>
      <ItemName>פאלאס תבנית גדולה/רחבה/עמוקה/עגולה</ItemName>
      <ManufactureName>פאלאס תעשיות נטו (2014) בעמ</ManufactureName>
      <ManufactureCountry />
      <ManufactureItemDescription />
      <UnitQty>יח`</UnitQty>
      <Quantity>1</Quantity>
      <UnitMeasure />
      <BisWeighted>0</BisWeighted>
      <QtyInPackage>1</QtyInPackage>
      <ItemPrice>1.50</ItemPrice>
      <UnitOfMeasurePrice>1.50</UnitOfMeasurePrice>
      <AllowDiscount>1</AllowDiscount>
      <itemStatus>1</itemStatus>
      <LastUpdateDate />
      <LastUpdateTime />
    </Product>
    <Product>
      <PriceUpdateDate>2019/10/27 08:26</PriceUpdateDate>
      <ItemCode>11004</ItemCode>
      <ItemType>0</ItemType>
      <ItemName>הולנדית+שויצרית+צ`דר משקל</ItemName>
      <ManufactureName>צ.י תעשיות מזון יבנה בעמ</ManufactureName>
      <ManufactureCountry />
      <ManufactureItemDescription />
      <UnitQty>ק"ג</UnitQty>
      <Quantity>1000</Quantity>
      <UnitMeasure>גרם</UnitMeasure>
      <BisWeighted>1</BisWeighted>
      <QtyInPackage>1</QtyInPackage>
      <ItemPrice>37</ItemPrice>
      <UnitOfMeasurePrice>3.70</UnitOfMeasurePrice>
      <AllowDiscount>0</AllowDiscount>
      <itemStatus>1</itemStatus>
      <LastUpdateDate />
      <LastUpdateTime />
    </Product>
    <Product>
      <PriceUpdateDate>2016/03/07 08:10</PriceUpdateDate>
      <ItemCode>7290010777433</ItemCode>
      <ItemType>1</ItemType>
      <ItemName>פיתה אפויה מאפית</ItemName>
      <ManufactureName>מגוון שיווק והפצת מאפים בעמ</ManufactureName>
      <ManufactureCountry />
      <ManufactureItemDescription />
      <UnitQty>יח`</UnitQty>
      <Quantity>1</Quantity>
      <UnitMeasure />
      <BisWeighted>0</BisWeighted>
      <QtyInPackage>1</QtyInPackage>
      <ItemPrice>1.50</ItemPrice>
      <UnitOfMeasurePrice>1.50</UnitOfMeasurePrice>
      <AllowDiscount>0</AllowDiscount>
      <itemStatus>1</itemStatus>
      <LastUpdateDate />
      <LastUpdateTime />
    </Product>
    <Product>
      <PriceUpdateDate>2019/10/27 08:26</PriceUpdateDate>
      <ItemCode>12001</ItemCode>
      <ItemType>0</ItemType>
      <ItemName>מעושנת א.ח.נוכרי</ItemName>
      <ManufactureName>צ.י תעשיות מזון יבנה בעמ</ManufactureName>
      <ManufactureCountry />
      <ManufactureItemDescription />
      <UnitQty>ק"ג</UnitQty>
      <Quantity>1000</Quantity>
      <UnitMeasure>גרם</UnitMeasure>
      <BisWeighted>1</BisWeighted>
      <QtyInPackage>1</QtyInPackage>
      <ItemPrice>38</ItemPrice>
      <UnitOfMeasurePrice>3.80</UnitOfMeasurePrice>
      <AllowDiscount>0</AllowDiscount>
      <itemStatus>1</itemStatus>
      <LastUpdateDate />
      <LastUpdateTime />
    </Product>
    <Product>
      <PriceUpdateDate>2019/10/27 08:26</PriceUpdateDate>
      <ItemCode>14005</ItemCode>
      <ItemType>0</ItemType>
      <ItemName>מקסיקנית א.ח נוכרי במישקל</ItemName>
      <ManufactureName>צ.י תעשיות מזון יבנה בעמ</ManufactureName>
      <ManufactureCountry />
      <ManufactureItemDescription />
      <UnitQty>ק"ג</UnitQty>
      <Quantity>1000</Quantity>
      <UnitMeasure>גרם</UnitMeasure>
      <BisWeighted>1</BisWeighted>
      <QtyInPackage>1</QtyInPackage>
      <ItemPrice>36</ItemPrice>
      <UnitOfMeasurePrice>3.60</UnitOfMeasurePrice>
      <AllowDiscount>0</AllowDiscount>
      <itemStatus>1</itemStatus>
      <LastUpdateDate />
      <LastUpdateTime />
    </Product>
    <Product>
      <PriceUpdateDate>2019/10/27 08:26</PriceUpdateDate>
      <ItemCode>15002</ItemCode>
      <ItemType>0</ItemType>
      <ItemName>גבינה שום שמיר+זיתים במישקל</ItemName>
      <ManufactureName>צ.י תעשיות מזון יבנה בעמ</ManufactureName>
      <ManufactureCountry />
      <ManufactureItemDescription />
      <UnitQty>ק"ג</UnitQty>
      <Quantity>1000</Quantity>
      <UnitMeasure>גרם</UnitMeasure>
      <BisWeighted>1</BisWeighted>
      <QtyInPackage>1</QtyInPackage>
      <ItemPrice>36</ItemPrice>
      <UnitOfMeasurePrice>3.60</UnitOfMeasurePrice>
      <AllowDiscount>0</AllowDiscount>
      <itemStatus>1</itemStatus>
      <LastUpdateDate />
      <LastUpdateTime />
    </Product>
    <Product>
      <PriceUpdateDate>2019/05/02 07:24</PriceUpdateDate>
      <ItemCode>32085</ItemCode>
      <ItemType>0</ItemType>
      <ItemName>עוגיות שוקולדצ`יפס בונז`ור משקל</ItemName>
      <ManufactureName>קבוצת אסם סחר שות. מוגבלת</ManufactureName>
      <ManufactureCountry />
      <ManufactureItemDescription />
      <UnitQty>ק"ג</UnitQty>
      <Quantity>1</Quantity>
      <UnitMeasure />
      <BisWeighted>1</BisWeighted>
      <QtyInPackage>1</QtyInPackage>
      <ItemPrice>37</ItemPrice>
      <UnitOfMeasurePrice>37</UnitOfMeasurePrice>
      <AllowDiscount>0</AllowDiscount>
      <itemStatus>1</itemStatus>
      <LastUpdateDate />
      <LastUpdateTime />
    </Product>
    <Product>
      <PriceUpdateDate>2018/06/03 09:08</PriceUpdateDate>
      <ItemCode>7290100235324</ItemCode>
      <ItemType>1</ItemType>
      <ItemName>בריוש גבינה בונז`ור</ItemName>
      <ManufactureName>קבוצת אסם סחר שות. מוגבלת</ManufactureName>
      <ManufactureCountry />
      <ManufactureItemDescription />
      <UnitQty>יח`</UnitQty>
      <Quantity>1</Quantity>
      <UnitMeasure />
      <BisWeighted>0</BisWeighted>
      <QtyInPackage>1</QtyInPackage>
      <ItemPrice>24.90</ItemPrice>
      <UnitOfMeasurePrice>24.90</UnitOfMeasurePrice>
      <AllowDiscount>0</AllowDiscount>
      <itemStatus>1</itemStatus>
      <LastUpdateDate />
      <LastUpdateTime />
    </Product>
    <Product>
      <PriceUpdateDate>2019/08/30 07:39</PriceUpdateDate>
      <ItemCode>45979</ItemCode>
      <ItemType>0</ItemType>
      <ItemName>בשר ראש טרי מוכשר</ItemName>
      <ManufactureName>אדום אדום - תנובה בקר</ManufactureName>
      <ManufactureCountry />
      <ManufactureItemDescription />
      <UnitQty>ק"ג</UnitQty>
      <Quantity>1</Quantity>
      <UnitMeasure>ק"ג</UnitMeasure>
      <BisWeighted>1</BisWeighted>
      <QtyInPackage>1</QtyInPackage>
      <ItemPrice>49.90</ItemPrice>
      <UnitOfMeasurePrice>49.90</UnitOfMeasurePrice>
      <AllowDiscount>1</AllowDiscount>
      <itemStatus>1</itemStatus>
      <LastUpdateDate />
      <LastUpdateTime />
    </Product>
    <Product>
      <PriceUpdateDate>2019/06/12 14:18</PriceUpdateDate>
      <ItemCode>7290000046020</ItemCode>
      <ItemType>1</ItemType>
      <ItemName>גבינת גלבוע 22% תנובה</ItemName>
      <ManufactureName>תנובה - חלב</ManufactureName>
      <ManufactureCountry />
      <ManufactureItemDescription />
      <UnitQty>ק"ג</UnitQty>
      <Quantity>1000</Quantity>
      <UnitMeasure>גרם</UnitMeasure>
      <BisWeighted>1</BisWeighted>
      <QtyInPackage>1</QtyInPackage>
      <ItemPrice>40.59</ItemPrice>
      <UnitOfMeasurePrice>4.06</UnitOfMeasurePrice>
      <AllowDiscount>0</AllowDiscount>
      <itemStatus>1</itemStatus>
      <LastUpdateDate />
      <LastUpdateTime />
    </Product>
    <Product>
      <PriceUpdateDate>2019/03/03 08:22</PriceUpdateDate>
      <ItemCode>7290000046563</ItemCode>
      <ItemType>1</ItemType>
      <ItemName>קולאג 23% פרמזן חריץ תנובה</ItemName>
      <ManufactureName>תנובה - חלב</ManufactureName>
      <ManufactureCountry />
      <ManufactureItemDescription />
      <UnitQty>ק"ג</UnitQty>
      <Quantity>1000</Quantity>
      <UnitMeasure>גרם</UnitMeasure>
      <BisWeighted>1</BisWeighted>
      <QtyInPackage>1</QtyInPackage>
      <ItemPrice>113</ItemPrice>
      <UnitOfMeasurePrice>11.30</UnitOfMeasurePrice>
      <AllowDiscount>0</AllowDiscount>
      <itemStatus>1</itemStatus>
      <LastUpdateDate />
      <LastUpdateTime />
    </Product>
    <Product>
      <PriceUpdateDate>2018/08/08 15:47</PriceUpdateDate>
      <ItemCode>46662</ItemCode>
      <ItemType>0</ItemType>
      <ItemName>סקנדינבית 31% תנובה</ItemName>
      <ManufactureName>תנובה - חלב</ManufactureName>
      <ManufactureCountry />
      <ManufactureItemDescription />
      <UnitQty>ק"ג</UnitQty>
      <Quantity>1000</Quantity>
      <UnitMeasure>גרם</UnitMeasure>
      <BisWeighted>1</BisWeighted>
      <QtyInPackage>1</QtyInPackage>
      <ItemPrice>76</ItemPrice>
      <UnitOfMeasurePrice>7.60</UnitOfMeasurePrice>
      <AllowDiscount>0</AllowDiscount>
      <itemStatus>1</itemStatus>
      <LastUpdateDate />
      <LastUpdateTime />
    </Product>
    <Product>
      <PriceUpdateDate>2019/06/11 08:19</PriceUpdateDate>
      <ItemCode>47027</ItemCode>
      <ItemType>0</ItemType>
      <ItemName>קשקבל (27% גלעד) תנובה</ItemName>
      <ManufactureName>תנובה - חלב</ManufactureName>
      <ManufactureCountry />
      <ManufactureItemDescription />
      <UnitQty>ק"ג</UnitQty>
      <Quantity>1000</Quantity>
      <UnitMeasure>גרם</UnitMeasure>
      <BisWeighted>1</BisWeighted>
      <QtyInPackage>1</QtyInPackage>
      <ItemPrice>121</ItemPrice>
      <UnitOfMeasurePrice>12.10</UnitOfMeasurePrice>
      <AllowDiscount>0</AllowDiscount>
      <itemStatus>1</itemStatus>
      <LastUpdateDate />
      <LastUpdateTime />
    </Product>
    <Product>
      <PriceUpdateDate>2019/06/11 08:19</PriceUpdateDate>
      <ItemCode>7290000047034</ItemCode>
      <ItemType>1</ItemType>
      <ItemName>רוקפור (26% גליל) חריץ תנובה</ItemName>
      <ManufactureName>תנובה - חלב</ManufactureName>
      <ManufactureCountry />
      <ManufactureItemDescription />
      <UnitQty>ק"ג</UnitQty>
      <Quantity>1000</Quantity>
      <UnitMeasure>גרם</UnitMeasure>
      <BisWeighted>1</BisWeighted>
      <QtyInPackage>1</QtyInPackage>
      <ItemPrice>122</ItemPrice>
      <UnitOfMeasurePrice>12.20</UnitOfMeasurePrice>
      <AllowDiscount>0</AllowDiscount>
      <itemStatus>1</itemStatus>
      <LastUpdateDate />
      <LastUpdateTime />
    </Product>
    <Product>
      <PriceUpdateDate>2020/05/03 16:57</PriceUpdateDate>
      <ItemCode>47485</ItemCode>
      <ItemType>0</ItemType>
      <ItemName>בולגרית 24% פח 3  קג`תנובה</ItemName>
      <ManufactureName>תנובה - חלב</ManufactureName>
      <ManufactureCountry />
      <ManufactureItemDescription />
      <UnitQty>ק"ג</UnitQty>
      <Quantity>1000</Quantity>
      <UnitMeasure>גרם</UnitMeasure>
      <BisWeighted>1</BisWeighted>
      <QtyInPackage>1</QtyInPackage>
      <ItemPrice>50</ItemPrice>
      <UnitOfMeasurePrice>5</UnitOfMeasurePrice>
      <AllowDiscount>0</AllowDiscount>
      <itemStatus>1</itemStatus>
      <LastUpdateDate />
      <LastUpdateTime />
    </Product>
    <Product>
      <PriceUpdateDate>2018/08/08 15:47</PriceUpdateDate>
      <ItemCode>47898</ItemCode>
      <ItemType>0</ItemType>
      <ItemName>לאבנה 9% תנובה</ItemName>
      <ManufactureName>תנובה - חלב</ManufactureName>
      <ManufactureCountry />
      <ManufactureItemDescription />
      <UnitQty>ק"ג</UnitQty>
      <Quantity>1000</Quantity>
      <UnitMeasure>גרם</UnitMeasure>
      <BisWeighted>1</BisWeighted>
      <QtyInPackage>1</QtyInPackage>
      <ItemPrice>37</ItemPrice>
      <UnitOfMeasurePrice>3.70</UnitOfMeasurePrice>
      <AllowDiscount>0</AllowDiscount>
      <itemStatus>1</itemStatus>
      <LastUpdateDate />
      <LastUpdateTime />
    </Product>
    <Product>
      <PriceUpdateDate>2016/09/04 13:07</PriceUpdateDate>
      <ItemCode>47997</ItemCode>
      <ItemType>0</ItemType>
      <ItemName>אסאדו טרי מוכשר</ItemName>
      <ManufactureName>אדום אדום - תנובה בקר</ManufactureName>
      <ManufactureCountry />
      <ManufactureItemDescription />
      <UnitQty>ק"ג</UnitQty>
      <Quantity>1</Quantity>
      <UnitMeasure>ק"ג</UnitMeasure>
      <BisWeighted>1</BisWeighted>
      <QtyInPackage>1</QtyInPackage>
      <ItemPrice>49.90</ItemPrice>
      <UnitOfMeasurePrice>49.90</UnitOfMeasurePrice>
      <AllowDiscount>1</AllowDiscount>
      <itemStatus>1</itemStatus>
      <LastUpdateDate />
      <LastUpdateTime />
    </Product>
    <Product>
      <PriceUpdateDate>2018/08/08 15:47</PriceUpdateDate>
      <ItemCode>7290000053219</ItemCode>
      <ItemType>1</ItemType>
      <ItemName>טל העמק 32% צהובה</ItemName>
      <ManufactureName>תנובה - חלב</ManufactureName>
      <ManufactureCountry />
      <ManufactureItemDescription />
      <UnitQty>ק"ג</UnitQty>
      <Quantity>1000</Quantity>
      <UnitMeasure>גרם</UnitMeasure>
      <BisWeighted>1</BisWeighted>
      <QtyInPackage>1</QtyInPackage>
      <ItemPrice>55</ItemPrice>
      <UnitOfMeasurePrice>5.50</UnitOfMeasurePrice>
      <AllowDiscount>0</AllowDiscount>
      <itemStatus>1</itemStatus>
      <LastUpdateDate />
      <LastUpdateTime />
    </Product>
    <Product>
      <PriceUpdateDate>2019/06/12 14:18</PriceUpdateDate>
      <ItemCode>7290000055350</ItemCode>
      <ItemType>1</ItemType>
      <ItemName>עמק פיקוח 28% צהובה מעדנייה</ItemName>
      <ManufactureName>תנובה - חלב</ManufactureName>
      <ManufactureCountry />
      <ManufactureItemDescription />
      <UnitQty>ק"ג</UnitQty>
      <Quantity>1000</Quantity>
      <UnitMeasure>גרם</UnitMeasure>
      <BisWeighted>1</BisWeighted>
      <QtyInPackage>1</QtyInPackage>
      <ItemPrice>42.70</ItemPrice>
      <UnitOfMeasurePrice>4.27</UnitOfMeasurePrice>
      <AllowDiscount>0</AllowDiscount>
      <itemStatus>1</itemStatus>
      <LastUpdateDate />
      <LastUpdateTime />
    </Product>
    <Product>
      <PriceUpdateDate>2020/05/03 10:11</PriceUpdateDate>
      <ItemCode>58078</ItemCode>
      <ItemType>0</ItemType>
      <ItemName>בלוז מעדנייה שטראוס</ItemName>
      <ManufactureName>שטראוס גרופ בעמ/מצונן</ManufactureName>
      <ManufactureCountry />
      <ManufactureItemDescription />
      <UnitQty>ק"ג</UnitQty>
      <Quantity>1000</Quantity>
      <UnitMeasure>גרם</UnitMeasure>
      <BisWeighted>1</BisWeighted>
      <QtyInPackage>1</QtyInPackage>
      <ItemPrice>50</ItemPrice>
      <UnitOfMeasurePrice>5</UnitOfMeasurePrice>
      <AllowDiscount>0</AllowDiscount>
      <itemStatus>1</itemStatus>
      <LastUpdateDate />
      <LastUpdateTime />
    </Product>
    <Product>
      <PriceUpdateDate>2020/05/03 10:11</PriceUpdateDate>
      <ItemCode>58238</ItemCode>
      <ItemType>0</ItemType>
      <ItemName>פטינה מעדנייה שטראוס</ItemName>
      <ManufactureName>שטראוס גרופ בעמ/מצונן</ManufactureName>
      <ManufactureCountry />
      <ManufactureItemDescription />
      <UnitQty>ק"ג</UnitQty>
      <Quantity>1000</Quantity>
      <UnitMeasure>גרם</UnitMeasure>
      <BisWeighted>1</BisWeighted>
      <QtyInPackage>1</QtyInPackage>
      <ItemPrice>22</ItemPrice>
      <UnitOfMeasurePrice>2.20</UnitOfMeasurePrice>
      <AllowDiscount>0</AllowDiscount>
      <itemStatus>1</itemStatus>
      <LastUpdateDate />
      <LastUpdateTime />
    </Product>
    <Product>
      <PriceUpdateDate>2020/03/23 12:42</PriceUpdateDate>
      <ItemCode>124667</ItemCode>
      <ItemType>0</ItemType>
      <ItemName>מסכה פלסטיק שלישייה</ItemName>
      <ManufactureName>גרפיקה בצלאל בעמ</ManufactureName>
      <ManufactureCountry />
      <ManufactureItemDescription />
      <UnitQty>יח`</UnitQty>
      <Quantity>1</Quantity>
      <UnitMeasure />
      <BisWeighted>0</BisWeighted>
      <QtyInPackage>1</QtyInPackage>
      <ItemPrice>22</ItemPrice>
      <UnitOfMeasurePrice>22</UnitOfMeasurePrice>
      <AllowDiscount>0</AllowDiscount>
      <itemStatus>1</itemStatus>
      <LastUpdateDate />
      <LastUpdateTime />
    </Product>
    <Product>
      <PriceUpdateDate>2013/12/31 09:51</PriceUpdateDate>
      <ItemCode>7290100235478</ItemCode>
      <ItemType>1</ItemType>
      <ItemName>בונז`ור לחם דגנים אפוי</ItemName>
      <ManufactureName>קבוצת אסם סחר שות. מוגבלת</ManufactureName>
      <ManufactureCountry />
      <ManufactureItemDescription />
      <UnitQty>יח`</UnitQty>
      <Quantity>1</Quantity>
      <UnitMeasure />
      <BisWeighted>0</BisWeighted>
      <QtyInPackage>1</QtyInPackage>
      <ItemPrice>10</ItemPrice>
      <UnitOfMeasurePrice>10</UnitOfMeasurePrice>
      <AllowDiscount>0</AllowDiscount>
      <itemStatus>1</itemStatus>
      <LastUpdateDate />
      <LastUpdateTime />
    </Product>
    <Product>
      <PriceUpdateDate>2013/12/31 09:51</PriceUpdateDate>
      <ItemCode>7290100235492</ItemCode>
      <ItemType>1</ItemType>
      <ItemName>לחם שיפון אפוי בונז`ור</ItemName>
      <ManufactureName>קבוצת אסם סחר שות. מוגבלת</ManufactureName>
      <ManufactureCountry />
      <ManufactureItemDescription />
      <UnitQty>יח`</UnitQty>
      <Quantity>1</Quantity>
      <UnitMeasure />
      <BisWeighted>0</BisWeighted>
      <QtyInPackage>1</QtyInPackage>
      <ItemPrice>10</ItemPrice>
      <UnitOfMeasurePrice>10</UnitOfMeasurePrice>
      <AllowDiscount>0</AllowDiscount>
      <itemStatus>1</itemStatus>
      <LastUpdateDate />
      <LastUpdateTime />
    </Product>
    <Product>
      <PriceUpdateDate>2019/07/28 09:02</PriceUpdateDate>
      <ItemCode>252520</ItemCode>
      <ItemType>0</ItemType>
      <ItemName>4ב...לחמניות מאפית</ItemName>
      <ManufactureName>קבוצת אסם סחר שות. מוגבלת</ManufactureName>
      <ManufactureCountry />
      <ManufactureItemDescription />
      <UnitQty>יח`</UnitQty>
      <Quantity>1</Quantity>
      <UnitMeasure />
      <BisWeighted>0</BisWeighted>
      <QtyInPackage>1</QtyInPackage>
      <ItemPrice>10.90</ItemPrice>
      <UnitOfMeasurePrice>10.90</UnitOfMeasurePrice>
      <AllowDiscount>0</AllowDiscount>
      <itemStatus>1</itemStatus>
      <LastUpdateDate />
      <LastUpdateTime />
    </Product>
    <Product>
      <PriceUpdateDate>2017/11/20 08:27</PriceUpdateDate>
      <ItemCode>282305</ItemCode>
      <ItemType>0</ItemType>
      <ItemName>דג לברק טרי נקי</ItemName>
      <ManufactureName>מאסטרפוד בעמ</ManufactureName>
      <ManufactureCountry />
      <ManufactureItemDescription />
      <UnitQty>ק"ג</UnitQty>
      <Quantity>1</Quantity>
      <UnitMeasure />
      <BisWeighted>1</BisWeighted>
      <QtyInPackage>1</QtyInPackage>
      <ItemPrice>59.90</ItemPrice>
      <UnitOfMeasurePrice>59.90</UnitOfMeasurePrice>
      <AllowDiscount>1</AllowDiscount>
      <itemStatus>1</itemStatus>
      <LastUpdateDate />
      <LastUpdateTime />
    </Product>
    <Product>
      <PriceUpdateDate>2015/06/30 16:43</PriceUpdateDate>
      <ItemCode>7290000319131</ItemCode>
      <ItemType>1</ItemType>
      <ItemName>נקניקיות עוף 400  גר`יחיעם</ItemName>
      <ManufactureName>מעדני יחיעם (1993) בעמ</ManufactureName>
      <ManufactureCountry />
      <ManufactureItemDescription />
      <UnitQty>יח`</UnitQty>
      <Quantity>400</Quantity>
      <UnitMeasure>גרם</UnitMeasure>
      <BisWeighted>0</BisWeighted>
      <QtyInPackage>1</QtyInPackage>
      <ItemPrice>10.90</ItemPrice>
      <UnitOfMeasurePrice>2.73</UnitOfMeasurePrice>
      <AllowDiscount>0</AllowDiscount>
      <itemStatus>1</itemStatus>
      <LastUpdateDate />
      <LastUpdateTime />
    </Product>
    <Product>
      <PriceUpdateDate>2019/05/08 08:30</PriceUpdateDate>
      <ItemCode>360201</ItemCode>
      <ItemType>0</ItemType>
      <ItemName>אמנון טרי נקי</ItemName>
      <ManufactureName>מאסטרפוד בעמ</ManufactureName>
      <ManufactureCountry />
      <ManufactureItemDescription />
      <UnitQty>ק"ג</UnitQty>
      <Quantity>1</Quantity>
      <UnitMeasure />
      <BisWeighted>1</BisWeighted>
      <QtyInPackage>1</QtyInPackage>
      <ItemPrice>29.90</ItemPrice>
      <UnitOfMeasurePrice>29.90</UnitOfMeasurePrice>
      <AllowDiscount>0</AllowDiscount>
      <itemStatus>1</itemStatus>
      <LastUpdateDate />
      <LastUpdateTime />
    </Product>
    <Product>
      <PriceUpdateDate>2015/02/03 08:36</PriceUpdateDate>
      <ItemCode>364773</ItemCode>
      <ItemType>0</ItemType>
      <ItemName>נקניקיות עוף טירת צבי לפי משקל (500 גרם)</ItemName>
      <ManufactureName>תנובה קפואים</ManufactureName>
      <ManufactureCountry />
      <ManufactureItemDescription />
      <UnitQty>ק"ג</UnitQty>
      <Quantity>1</Quantity>
      <UnitMeasure />
      <BisWeighted>1</BisWeighted>
      <QtyInPackage>1</QtyInPackage>
      <ItemPrice>23.90</ItemPrice>
      <UnitOfMeasurePrice>23.90</UnitOfMeasurePrice>
      <AllowDiscount>0</AllowDiscount>
      <itemStatus>1</itemStatus>
      <LastUpdateDate />
      <LastUpdateTime />
    </Product>
    <Product>
      <PriceUpdateDate>2017/11/19 08:24</PriceUpdateDate>
      <ItemCode>366203</ItemCode>
      <ItemType>0</ItemType>
      <ItemName>דג בורי טרי נקי</ItemName>
      <ManufactureName>מאסטרפוד בעמ</ManufactureName>
      <ManufactureCountry />
      <ManufactureItemDescription />
      <UnitQty>ק"ג</UnitQty>
      <Quantity>1</Quantity>
      <UnitMeasure />
      <BisWeighted>1</BisWeighted>
      <QtyInPackage>1</QtyInPackage>
      <ItemPrice>39</ItemPrice>
      <UnitOfMeasurePrice>39</UnitOfMeasurePrice>
      <AllowDiscount>1</AllowDiscount>
      <itemStatus>1</itemStatus>
      <LastUpdateDate />
      <LastUpdateTime />
    </Product>
    <Product>
      <PriceUpdateDate>2016/06/01 08:11</PriceUpdateDate>
      <ItemCode>369037</ItemCode>
      <ItemType>0</ItemType>
      <ItemName>הקוביה הבולגרית 175 גר`</ItemName>
      <ManufactureName>הגבינות של ניצן</ManufactureName>
      <ManufactureCountry />
      <ManufactureItemDescription />
      <UnitQty>יח`</UnitQty>
      <Quantity>175</Quantity>
      <UnitMeasure>גרם</UnitMeasure>
      <BisWeighted>0</BisWeighted>
      <QtyInPackage>1</QtyInPackage>
      <ItemPrice>14.90</ItemPrice>
      <UnitOfMeasurePrice>8.51</UnitOfMeasurePrice>
      <AllowDiscount>0</AllowDiscount>
      <itemStatus>1</itemStatus>
      <LastUpdateDate />
      <LastUpdateTime />
    </Product>
    <Product>
      <PriceUpdateDate>2019/08/29 09:13</PriceUpdateDate>
      <ItemCode>372204</ItemCode>
      <ItemType>0</ItemType>
      <ItemName>דג ברמונדי נקי שלם</ItemName>
      <ManufactureName>מאסטרפוד בעמ</ManufactureName>
      <ManufactureCountry />
      <ManufactureItemDescription />
      <UnitQty>ק"ג</UnitQty>
      <Quantity>1</Quantity>
      <UnitMeasure />
      <BisWeighted>1</BisWeighted>
      <QtyInPackage>1</QtyInPackage>
      <ItemPrice>49.90</ItemPrice>
      <UnitOfMeasurePrice>49.90</UnitOfMeasurePrice>
      <AllowDiscount>1</AllowDiscount>
      <itemStatus>1</itemStatus>
      <LastUpdateDate />
      <LastUpdateTime />
    </Product>
    <Product>
      <PriceUpdateDate>2019/06/16 10:51</PriceUpdateDate>
      <ItemCode>395408</ItemCode>
      <ItemType>0</ItemType>
      <ItemName>גבנצ 28% נעם חריץ פיקוח מעדנייה</ItemName>
      <ManufactureName>החב` המרכזית - טרה</ManufactureName>
      <ManufactureCountry />
      <ManufactureItemDescription />
      <UnitQty>ק"ג</UnitQty>
      <Quantity>1000</Quantity>
      <UnitMeasure>גרם</UnitMeasure>
      <BisWeighted>1</BisWeighted>
      <QtyInPackage>1</QtyInPackage>
      <ItemPrice>42.70</ItemPrice>
      <UnitOfMeasurePrice>4.27</UnitOfMeasurePrice>
      <AllowDiscount>0</AllowDiscount>
      <itemStatus>1</itemStatus>
      <LastUpdateDate />
      <LastUpdateTime />
    </Product>
    <Product>
      <PriceUpdateDate>2018/10/07 20:11</PriceUpdateDate>
      <ItemCode>395415</ItemCode>
      <ItemType>0</ItemType>
      <ItemName>גבנצ 9% נעם חריץ מעדנייה</ItemName>
      <ManufactureName>החב` המרכזית - טרה</ManufactureName>
      <ManufactureCountry />
      <ManufactureItemDescription />
      <UnitQty>ק"ג</UnitQty>
      <Quantity>1000</Quantity>
      <UnitMeasure>גרם</UnitMeasure>
      <BisWeighted>1</BisWeighted>
      <QtyInPackage>1</QtyInPackage>
      <ItemPrice>72</ItemPrice>
      <UnitOfMeasurePrice>7.20</UnitOfMeasurePrice>
      <AllowDiscount>0</AllowDiscount>
      <itemStatus>1</itemStatus>
      <LastUpdateDate />
      <LastUpdateTime />
    </Product>
    <Product>
      <PriceUpdateDate>2016/10/06 08:22</PriceUpdateDate>
      <ItemCode>395422</ItemCode>
      <ItemType>0</ItemType>
      <ItemName>גבנצ 22% נעם חריץ פיקוח מעדנייה</ItemName>
      <ManufactureName>החב` המרכזית - טרה</ManufactureName>
      <ManufactureCountry />
      <ManufactureItemDescription />
      <UnitQty>ק"ג</UnitQty>
      <Quantity>1000</Quantity>
      <UnitMeasure>גרם</UnitMeasure>
      <BisWeighted>1</BisWeighted>
      <QtyInPackage>1</QtyInPackage>
      <ItemPrice>39</ItemPrice>
      <UnitOfMeasurePrice>3.90</UnitOfMeasurePrice>
      <AllowDiscount>0</AllowDiscount>
      <itemStatus>1</itemStatus>
      <LastUpdateDate />
      <LastUpdateTime />
    </Product>
    <Product>
      <PriceUpdateDate>2019/07/28 09:02</PriceUpdateDate>
      <ItemCode>7290100230145</ItemCode>
      <ItemType>1</ItemType>
      <ItemName>בונז`ור חלה מתוקה קלועה</ItemName>
      <ManufactureName>קבוצת אסם סחר שות. מוגבלת</ManufactureName>
      <ManufactureCountry />
      <ManufactureItemDescription />
      <UnitQty>יח`</UnitQty>
      <Quantity>1</Quantity>
      <UnitMeasure />
      <BisWeighted>0</BisWeighted>
      <QtyInPackage>1</QtyInPackage>
      <ItemPrice>10</ItemPrice>
      <UnitOfMeasurePrice>10</UnitOfMeasurePrice>
      <AllowDiscount>0</AllowDiscount>
      <itemStatus>1</itemStatus>
      <LastUpdateDate />
      <LastUpdateTime />
    </Product>
    <Product>
      <PriceUpdateDate>2015/08/24 10:23</PriceUpdateDate>
      <ItemCode>497303</ItemCode>
      <ItemType>0</ItemType>
      <ItemName>לחמניות מקמח מלא ברמן) (6</ItemName>
      <ManufactureName>י.את א. ברמן בעמ</ManufactureName>
      <ManufactureCountry />
      <ManufactureItemDescription />
      <UnitQty>יח`</UnitQty>
      <Quantity>540</Quantity>
      <UnitMeasure>גרם</UnitMeasure>
      <BisWeighted>0</BisWeighted>
      <QtyInPackage>1</QtyInPackage>
      <ItemPrice>10.90</ItemPrice>
      <UnitOfMeasurePrice>2.02</UnitOfMeasurePrice>
      <AllowDiscount>0</AllowDiscount>
      <itemStatus>1</itemStatus>
      <LastUpdateDate />
      <LastUpdateTime />
    </Product>
    <Product>
      <PriceUpdateDate>2020/03/09 12:25</PriceUpdateDate>
      <ItemCode>7290016267068</ItemCode>
      <ItemType>1</ItemType>
      <ItemName>לחם מחמצת כוסמין</ItemName>
      <ManufactureName>קבוצת אסם סחר שות. מוגבלת</ManufactureName>
      <ManufactureCountry />
      <ManufactureItemDescription />
      <UnitQty>יח`</UnitQty>
      <Quantity>480</Quantity>
      <UnitMeasure>גרם</UnitMeasure>
      <BisWeighted>0</BisWeighted>
      <QtyInPackage>1</QtyInPackage>
      <ItemPrice>17.90</ItemPrice>
      <UnitOfMeasurePrice>3.73</UnitOfMeasurePrice>
      <AllowDiscount>0</AllowDiscount>
      <itemStatus>1</itemStatus>
      <LastUpdateDate />
      <LastUpdateTime />
    </Product>
    <Product>
      <PriceUpdateDate>2020/03/09 12:25</PriceUpdateDate>
      <ItemCode>7290016267075</ItemCode>
      <ItemType>1</ItemType>
      <ItemName>לחם מחמצת זתי קלמנטה/אגוזים בונז`ור</ItemName>
      <ManufactureName>קבוצת אסם סחר שות. מוגבלת</ManufactureName>
      <ManufactureCountry />
      <ManufactureItemDescription />
      <UnitQty>יח`</UnitQty>
      <Quantity>480</Quantity>
      <UnitMeasure>גרם</UnitMeasure>
      <BisWeighted>0</BisWeighted>
      <QtyInPackage>1</QtyInPackage>
      <ItemPrice>16.90</ItemPrice>
      <UnitOfMeasurePrice>3.52</UnitOfMeasurePrice>
      <AllowDiscount>0</AllowDiscount>
      <itemStatus>1</itemStatus>
      <LastUpdateDate />
      <LastUpdateTime />
    </Product>
    <Product>
      <PriceUpdateDate>2018/06/03 09:08</PriceUpdateDate>
      <ItemCode>7290104509247</ItemCode>
      <ItemType>1</ItemType>
      <ItemName>עוגת  קראנצ`שוקולד בונז`ור</ItemName>
      <ManufactureName>קבוצת אסם סחר שות. מוגבלת</ManufactureName>
      <ManufactureCountry />
      <ManufactureItemDescription />
      <UnitQty>יח`</UnitQty>
      <Quantity>1</Quantity>
      <UnitMeasure />
      <BisWeighted>0</BisWeighted>
      <QtyInPackage>1</QtyInPackage>
      <ItemPrice>23.90</ItemPrice>
      <UnitOfMeasurePrice>23.90</UnitOfMeasurePrice>
      <AllowDiscount>0</AllowDiscount>
      <itemStatus>1</itemStatus>
      <LastUpdateDate />
      <LastUpdateTime />
    </Product>
    <Product>
      <PriceUpdateDate>2019/06/11 08:12</PriceUpdateDate>
      <ItemCode>7290014455184</ItemCode>
      <ItemType>1</ItemType>
      <ItemName>קאשקבל משולש מעדנייה גד</ItemName>
      <ManufactureName>מחלבות גד שיווק 1992 בעמ</ManufactureName>
      <ManufactureCountry />
      <ManufactureItemDescription />
      <UnitQty>ק"ג</UnitQty>
      <Quantity>1000</Quantity>
      <UnitMeasure>גרם</UnitMeasure>
      <BisWeighted>1</BisWeighted>
      <QtyInPackage>1</QtyInPackage>
      <ItemPrice>120</ItemPrice>
      <UnitOfMeasurePrice>12</UnitOfMeasurePrice>
      <AllowDiscount>0</AllowDiscount>
      <itemStatus>1</itemStatus>
      <LastUpdateDate />
      <LastUpdateTime />
    </Product>
    <Product>
      <PriceUpdateDate>2019/02/03 10:02</PriceUpdateDate>
      <ItemCode>554655</ItemCode>
      <ItemType>0</ItemType>
      <ItemName>מוצרלה נקניק מעושן 22% מעדנייה גד</ItemName>
      <ManufactureName>מחלבות גד שיווק 1992 בעמ</ManufactureName>
      <ManufactureCountry />
      <ManufactureItemDescription />
      <UnitQty>ק"ג</UnitQty>
      <Quantity>1000</Quantity>
      <UnitMeasure>גרם</UnitMeasure>
      <BisWeighted>1</BisWeighted>
      <QtyInPackage>1</QtyInPackage>
      <ItemPrice>84</ItemPrice>
      <UnitOfMeasurePrice>8.40</UnitOfMeasurePrice>
      <AllowDiscount>0</AllowDiscount>
      <itemStatus>1</itemStatus>
      <LastUpdateDate />
      <LastUpdateTime />
    </Product>
    <Product>
      <PriceUpdateDate>2018/10/07 11:51</PriceUpdateDate>
      <ItemCode>554662</ItemCode>
      <ItemType>0</ItemType>
      <ItemName>בולגרית למריחה/פירורים-גד</ItemName>
      <ManufactureName>מחלבות גד שיווק 1992 בעמ</ManufactureName>
      <ManufactureCountry />
      <ManufactureItemDescription />
      <UnitQty>ק"ג</UnitQty>
      <Quantity>1000</Quantity>
      <UnitMeasure>גרם</UnitMeasure>
      <BisWeighted>1</BisWeighted>
      <QtyInPackage>1</QtyInPackage>
      <ItemPrice>45</ItemPrice>
      <UnitOfMeasurePrice>4.50</UnitOfMeasurePrice>
      <AllowDiscount>0</AllowDiscount>
      <itemStatus>1</itemStatus>
      <LastUpdateDate />
      <LastUpdateTime />
    </Product>
    <Product>
      <PriceUpdateDate>2019/06/11 08:12</PriceUpdateDate>
      <ItemCode>554792</ItemCode>
      <ItemType>0</ItemType>
      <ItemName>בולגרית 5% 16%  מעודנת- גד מעדניה</ItemName>
      <ManufactureName>מחלבות גד שיווק 1992 בעמ</ManufactureName>
      <ManufactureCountry />
      <ManufactureItemDescription />
      <UnitQty>ק"ג</UnitQty>
      <Quantity>1000</Quantity>
      <UnitMeasure>גרם</UnitMeasure>
      <BisWeighted>1</BisWeighted>
      <QtyInPackage>1</QtyInPackage>
      <ItemPrice>56</ItemPrice>
      <UnitOfMeasurePrice>5.60</UnitOfMeasurePrice>
      <AllowDiscount>0</AllowDiscount>
      <itemStatus>1</itemStatus>
      <LastUpdateDate />
      <LastUpdateTime />
    </Product>
    <Product>
      <PriceUpdateDate>2020/03/01 08:20</PriceUpdateDate>
      <ItemCode>7290000554815</ItemCode>
      <ItemType>1</ItemType>
      <ItemName>גבינת מוצרלה נקניק מעדנייה גד</ItemName>
      <ManufactureName>מחלבות גד שיווק 1992 בעמ</ManufactureName>
      <ManufactureCountry />
      <ManufactureItemDescription />
      <UnitQty>ק"ג</UnitQty>
      <Quantity>1000</Quantity>
      <UnitMeasure>גרם</UnitMeasure>
      <BisWeighted>1</BisWeighted>
      <QtyInPackage>1</QtyInPackage>
      <ItemPrice>80</ItemPrice>
      <UnitOfMeasurePrice>8</UnitOfMeasurePrice>
      <AllowDiscount>0</AllowDiscount>
      <itemStatus>1</itemStatus>
      <LastUpdateDate />
      <LastUpdateTime />
    </Product>
    <Product>
      <PriceUpdateDate>2020/05/03 10:29</PriceUpdateDate>
      <ItemCode>554914</ItemCode>
      <ItemType>0</ItemType>
      <ItemName>גבינה צפתית רכה 5% מעדנייה גד</ItemName>
      <ManufactureName>מחלבות גד שיווק 1992 בעמ</ManufactureName>
      <ManufactureCountry />
      <ManufactureItemDescription />
      <UnitQty>ק"ג</UnitQty>
      <Quantity>1000</Quantity>
      <UnitMeasure>גרם</UnitMeasure>
      <BisWeighted>1</BisWeighted>
      <QtyInPackage>1</QtyInPackage>
      <ItemPrice>60</ItemPrice>
      <UnitOfMeasurePrice>6</UnitOfMeasurePrice>
      <AllowDiscount>0</AllowDiscount>
      <itemStatus>1</itemStatus>
      <LastUpdateDate />
      <LastUpdateTime />
    </Product>
    <Product>
      <PriceUpdateDate>2020/05/03 16:57</PriceUpdateDate>
      <ItemCode>554969</ItemCode>
      <ItemType>0</ItemType>
      <ItemName>שמנות 30% בטעמים מעדנייה גד</ItemName>
      <ManufactureName>מחלבות גד שיווק 1992 בעמ</ManufactureName>
      <ManufactureCountry />
      <ManufactureItemDescription />
      <UnitQty>ק"ג</UnitQty>
      <Quantity>1000</Quantity>
      <UnitMeasure>גרם</UnitMeasure>
      <BisWeighted>1</BisWeighted>
      <QtyInPackage>1</QtyInPackage>
      <ItemPrice>31</ItemPrice>
      <UnitOfMeasurePrice>3.10</UnitOfMeasurePrice>
      <AllowDiscount>0</AllowDiscount>
      <itemStatus>1</itemStatus>
      <LastUpdateDate />
      <LastUpdateTime />
    </Product>
    <Product>
      <PriceUpdateDate>2018/10/07 11:51</PriceUpdateDate>
      <ItemCode>554983</ItemCode>
      <ItemType>0</ItemType>
      <ItemName>לאבנה טבעית מעדנייה גד</ItemName>
      <ManufactureName>מחלבות גד שיווק 1992 בעמ</ManufactureName>
      <ManufactureCountry />
      <ManufactureItemDescription />
      <UnitQty>ק"ג</UnitQty>
      <Quantity>1000</Quantity>
      <UnitMeasure>גרם</UnitMeasure>
      <BisWeighted>1</BisWeighted>
      <QtyInPackage>1</QtyInPackage>
      <ItemPrice>38</ItemPrice>
      <UnitOfMeasurePrice>3.80</UnitOfMeasurePrice>
      <AllowDiscount>0</AllowDiscount>
      <itemStatus>1</itemStatus>
      <LastUpdateDate />
      <LastUpdateTime />
    </Product>
    <Product>
      <PriceUpdateDate>2019/11/12 13:17</PriceUpdateDate>
      <ItemCode>560915</ItemCode>
      <ItemType>0</ItemType>
      <ItemName>דג דניס טרי נקי</ItemName>
      <ManufactureName>מאסטרפוד בעמ</ManufactureName>
      <ManufactureCountry />
      <ManufactureItemDescription />
      <UnitQty>ק"ג</UnitQty>
      <Quantity>1</Quantity>
      <UnitMeasure />
      <BisWeighted>1</BisWeighted>
      <QtyInPackage>1</QtyInPackage>
      <ItemPrice>59.90</ItemPrice>
      <UnitOfMeasurePrice>59.90</UnitOfMeasurePrice>
      <AllowDiscount>1</AllowDiscount>
      <itemStatus>1</itemStatus>
      <LastUpdateDate />
      <LastUpdateTime />
    </Product>
    <Product>
      <PriceUpdateDate>2019/03/31 08:21</PriceUpdateDate>
      <ItemCode>560946</ItemCode>
      <ItemType>0</ItemType>
      <ItemName>דג קרפיון מצונן נקי</ItemName>
      <ManufactureName>מאסטרפוד בעמ</ManufactureName>
      <ManufactureCountry />
      <ManufactureItemDescription />
      <UnitQty>ק"ג</UnitQty>
      <Quantity>1</Quantity>
      <UnitMeasure />
      <BisWeighted>1</BisWeighted>
      <QtyInPackage>1</QtyInPackage>
      <ItemPrice>32.90</ItemPrice>
      <UnitOfMeasurePrice>32.90</UnitOfMeasurePrice>
      <AllowDiscount>0</AllowDiscount>
      <itemStatus>1</itemStatus>
      <LastUpdateDate />
      <LastUpdateTime />
    </Product>
    <Product>
      <PriceUpdateDate>2019/12/22 09:36</PriceUpdateDate>
      <ItemCode>571515</ItemCode>
      <ItemType>0</ItemType>
      <ItemName>פילה סלמון נורבגי שלם -טרי</ItemName>
      <ManufactureName>מאסטרפוד בעמ</ManufactureName>
      <ManufactureCountry />
      <ManufactureItemDescription />
      <UnitQty>ק"ג</UnitQty>
      <Quantity>1000</Quantity>
      <UnitMeasure>גרם</UnitMeasure>
      <BisWeighted>1</BisWeighted>
      <QtyInPackage>1</QtyInPackage>
      <ItemPrice>99</ItemPrice>
      <UnitOfMeasurePrice>9.90</UnitOfMeasurePrice>
      <AllowDiscount>1</AllowDiscount>
      <itemStatus>1</itemStatus>
      <LastUpdateDate />
      <LastUpdateTime />
    </Product>
    <Product>
      <PriceUpdateDate>2018/02/06 08:45</PriceUpdateDate>
      <ItemCode>599847</ItemCode>
      <ItemType>0</ItemType>
      <ItemName>רב מגבת קלאסיק</ItemName>
      <ManufactureName>מ.א.ייצור ויבוא מטליות בעמ</ManufactureName>
      <ManufactureCountry />
      <ManufactureItemDescription />
      <UnitQty>יח`</UnitQty>
      <Quantity>1</Quantity>
      <UnitMeasure />
      <BisWeighted>0</BisWeighted>
      <QtyInPackage>1</QtyInPackage>
      <ItemPrice>13.90</ItemPrice>
      <UnitOfMeasurePrice>13.90</UnitOfMeasurePrice>
      <AllowDiscount>0</AllowDiscount>
      <itemStatus>1</itemStatus>
      <LastUpdateDate />
      <LastUpdateTime />
    </Product>
    <Product>
      <PriceUpdateDate>2020/03/17 11:32</PriceUpdateDate>
      <ItemCode>611136</ItemCode>
      <ItemType>0</ItemType>
      <ItemName>כבד עוף קפוא</ItemName>
      <ManufactureName>קורניש חן (1987) בעמ</ManufactureName>
      <ManufactureCountry />
      <ManufactureItemDescription />
      <UnitQty>ק"ג</UnitQty>
      <Quantity>1000</Quantity>
      <UnitMeasure>גרם</UnitMeasure>
      <BisWeighted>1</BisWeighted>
      <QtyInPackage>1</QtyInPackage>
      <ItemPrice>14.90</ItemPrice>
      <UnitOfMeasurePrice>1.49</UnitOfMeasurePrice>
      <AllowDiscount>0</AllowDiscount>
      <itemStatus>1</itemStatus>
      <LastUpdateDate />
      <LastUpdateTime />
    </Product>
    <Product>
      <PriceUpdateDate>2020/03/17 11:38</PriceUpdateDate>
      <ItemCode>7290000652832</ItemCode>
      <ItemType>1</ItemType>
      <ItemName>זוג סלמון קפוא ללא עור 100%  דג- תנובה</ItemName>
      <ManufactureName>תנובה קפואים</ManufactureName>
      <ManufactureCountry />
      <ManufactureItemDescription />
      <UnitQty>ק"ג</UnitQty>
      <Quantity>1</Quantity>
      <UnitMeasure />
      <BisWeighted>1</BisWeighted>
      <QtyInPackage>1</QtyInPackage>
      <ItemPrice>89.90</ItemPrice>
      <UnitOfMeasurePrice>89.90</UnitOfMeasurePrice>
      <AllowDiscount>0</AllowDiscount>
      <itemStatus>1</itemStatus>
      <LastUpdateDate />
      <LastUpdateTime />
    </Product>
    <Product>
      <PriceUpdateDate>2020/03/18 10:10</PriceUpdateDate>
      <ItemCode>654935</ItemCode>
      <ItemType>0</ItemType>
      <ItemName>שיפודי פרגיות קפוא</ItemName>
      <ManufactureName>קורניש חן (1987) בעמ</ManufactureName>
      <ManufactureCountry />
      <ManufactureItemDescription />
      <UnitQty>ק"ג</UnitQty>
      <Quantity>1000</Quantity>
      <UnitMeasure>גרם</UnitMeasure>
      <BisWeighted>1</BisWeighted>
      <QtyInPackage>1</QtyInPackage>
      <ItemPrice>54.90</ItemPrice>
      <UnitOfMeasurePrice>5.49</UnitOfMeasurePrice>
      <AllowDiscount>1</AllowDiscount>
      <itemStatus>1</itemStatus>
      <LastUpdateDate />
      <LastUpdateTime />
    </Product>
    <Product>
      <PriceUpdateDate>2019/10/04 13:15</PriceUpdateDate>
      <ItemCode>656991</ItemCode>
      <ItemType>0</ItemType>
      <ItemName>בשר ראש קפוא</ItemName>
      <ManufactureName>תנובה קפואים</ManufactureName>
      <ManufactureCountry />
      <ManufactureItemDescription />
      <UnitQty>ק"ג</UnitQty>
      <Quantity>1000</Quantity>
      <UnitMeasure>גרם</UnitMeasure>
      <BisWeighted>1</BisWeighted>
      <QtyInPackage>1</QtyInPackage>
      <ItemPrice>69.90</ItemPrice>
      <UnitOfMeasurePrice>6.99</UnitOfMeasurePrice>
      <AllowDiscount>0</AllowDiscount>
      <itemStatus>1</itemStatus>
      <LastUpdateDate />
      <LastUpdateTime />
    </Product>
    <Product>
      <PriceUpdateDate>2020/01/16 08:04</PriceUpdateDate>
      <ItemCode>659312</ItemCode>
      <ItemType>0</ItemType>
      <ItemName>פילה סלמון תנובה קפוא בוואקום</ItemName>
      <ManufactureName>תנובה קפואים</ManufactureName>
      <ManufactureCountry />
      <ManufactureItemDescription />
      <UnitQty>ק"ג</UnitQty>
      <Quantity>1000</Quantity>
      <UnitMeasure>גרם</UnitMeasure>
      <BisWeighted>1</BisWeighted>
      <QtyInPackage>1</QtyInPackage>
      <ItemPrice>64.90</ItemPrice>
      <UnitOfMeasurePrice>6.49</UnitOfMeasurePrice>
      <AllowDiscount>0</AllowDiscount>
      <itemStatus>1</itemStatus>
      <LastUpdateDate />
      <LastUpdateTime />
    </Product>
    <Product>
      <PriceUpdateDate>2020/05/03 10:29</PriceUpdateDate>
      <ItemCode>820859</ItemCode>
      <ItemType>0</ItemType>
      <ItemName>סטייק עין קפוא פריגומרק מוביל</ItemName>
      <ManufactureName>מאסטרפוד בעמ</ManufactureName>
      <ManufactureCountry />
      <ManufactureItemDescription />
      <UnitQty>ק"ג</UnitQty>
      <Quantity>0</Quantity>
      <UnitMeasure>גרם</UnitMeasure>
      <BisWeighted>1</BisWeighted>
      <QtyInPackage>1</QtyInPackage>
      <ItemPrice>49.90</ItemPrice>
      <UnitOfMeasurePrice>49.90</UnitOfMeasurePrice>
      <AllowDiscount>0</AllowDiscount>
      <itemStatus>1</itemStatus>
      <LastUpdateDate />
      <LastUpdateTime />
    </Product>
    <Product>
      <PriceUpdateDate>2020/02/10 07:22</PriceUpdateDate>
      <ItemCode>7290011530839</ItemCode>
      <ItemType>1</ItemType>
      <ItemName>אצבעות  קשתית(אנטריקוט) קפוא</ItemName>
      <ManufactureName>בלדי בעמ</ManufactureName>
      <ManufactureCountry />
      <ManufactureItemDescription />
      <UnitQty>ק"ג</UnitQty>
      <Quantity>1</Quantity>
      <UnitMeasure />
      <BisWeighted>1</BisWeighted>
      <QtyInPackage>1</QtyInPackage>
      <ItemPrice>49.90</ItemPrice>
      <UnitOfMeasurePrice>49.90</UnitOfMeasurePrice>
      <AllowDiscount>0</AllowDiscount>
      <itemStatus>1</itemStatus>
      <LastUpdateDate />
      <LastUpdateTime />
    </Product>
    <Product>
      <PriceUpdateDate>2020/03/01 08:20</PriceUpdateDate>
      <ItemCode>821016</ItemCode>
      <ItemType>0</ItemType>
      <ItemName>שוק אווז קפוא ארוז</ItemName>
      <ManufactureName>בלדי בעמ</ManufactureName>
      <ManufactureCountry />
      <ManufactureItemDescription />
      <UnitQty>ק"ג</UnitQty>
      <Quantity>1</Quantity>
      <UnitMeasure />
      <BisWeighted>1</BisWeighted>
      <QtyInPackage>1</QtyInPackage>
      <ItemPrice>44.90</ItemPrice>
      <UnitOfMeasurePrice>44.90</UnitOfMeasurePrice>
      <AllowDiscount>1</AllowDiscount>
      <itemStatus>1</itemStatus>
      <LastUpdateDate />
      <LastUpdateTime />
    </Product>
    <Product>
      <PriceUpdateDate>2020/04/30 17:20</PriceUpdateDate>
      <ItemCode>986708</ItemCode>
      <ItemType>0</ItemType>
      <ItemName>ענבים אדומים ארוז</ItemName>
      <ManufactureName>פירות אביב בעמ</ManufactureName>
      <ManufactureCountry />
      <ManufactureItemDescription />
      <UnitQty>יח`</UnitQty>
      <Quantity>1</Quantity>
      <UnitMeasure />
      <BisWeighted>0</BisWeighted>
      <QtyInPackage>1</QtyInPackage>
      <ItemPrice>12.90</ItemPrice>
      <UnitOfMeasurePrice>12.90</UnitOfMeasurePrice>
      <AllowDiscount>1</AllowDiscount>
      <itemStatus>1</itemStatus>
      <LastUpdateDate />
      <LastUpdateTime />
    </Product>
    <Product>
      <PriceUpdateDate>2019/05/06 12:47</PriceUpdateDate>
      <ItemCode>1230331</ItemCode>
      <ItemType>0</ItemType>
      <ItemName>כאמל בוקס</ItemName>
      <ManufactureName>גלוברנדס בעמ - שיווק סיגריות</ManufactureName>
      <ManufactureCountry />
      <ManufactureItemDescription />
      <UnitQty>יח`</UnitQty>
      <Quantity>1</Quantity>
      <UnitMeasure />
      <BisWeighted>0</BisWeighted>
      <QtyInPackage>1</QtyInPackage>
      <ItemPrice>28.50</ItemPrice>
      <UnitOfMeasurePrice>28.50</UnitOfMeasurePrice>
      <AllowDiscount>0</AllowDiscount>
      <itemStatus>1</itemStatus>
      <LastUpdateDate />
      <LastUpdateTime />
    </Product>
    <Product>
      <PriceUpdateDate>2019/05/06 12:47</PriceUpdateDate>
      <ItemCode>1230739</ItemCode>
      <ItemType>0</ItemType>
      <ItemName>כאמל כחול</ItemName>
      <ManufactureName>גלוברנדס בעמ - שיווק סיגריות</ManufactureName>
      <ManufactureCountry />
      <ManufactureItemDescription />
      <UnitQty>יח`</UnitQty>
      <Quantity>1</Quantity>
      <UnitMeasure />
      <BisWeighted>0</BisWeighted>
      <QtyInPackage>1</QtyInPackage>
      <ItemPrice>28.50</ItemPrice>
      <UnitOfMeasurePrice>28.50</UnitOfMeasurePrice>
      <AllowDiscount>0</AllowDiscount>
      <itemStatus>1</itemStatus>
      <LastUpdateDate />
      <LastUpdateTime />
    </Product>
    <Product>
      <PriceUpdateDate>2018/12/04 07:21</PriceUpdateDate>
      <ItemCode>1231932</ItemCode>
      <ItemType>0</ItemType>
      <ItemName>וינסטון כחול בוקס</ItemName>
      <ManufactureName>גלוברנדס בעמ - שיווק סיגריות</ManufactureName>
      <ManufactureCountry />
      <ManufactureItemDescription />
      <UnitQty>יח`</UnitQty>
      <Quantity>1</Quantity>
      <UnitMeasure />
      <BisWeighted>0</BisWeighted>
      <QtyInPackage>1</QtyInPackage>
      <ItemPrice>30.50</ItemPrice>
      <UnitOfMeasurePrice>30.50</UnitOfMeasurePrice>
      <AllowDiscount>0</AllowDiscount>
      <itemStatus>1</itemStatus>
      <LastUpdateDate />
      <LastUpdateTime />
    </Product>
    <Product>
      <PriceUpdateDate>2018/12/04 07:21</PriceUpdateDate>
      <ItemCode>1235938</ItemCode>
      <ItemType>0</ItemType>
      <ItemName>וינסטון כחול ארוך</ItemName>
      <ManufactureName>גלוברנדס בעמ - שיווק סיגריות</ManufactureName>
      <ManufactureCountry />
      <ManufactureItemDescription />
      <UnitQty>יח`</UnitQty>
      <Quantity>1</Quantity>
      <UnitMeasure />
      <BisWeighted>0</BisWeighted>
      <QtyInPackage>1</QtyInPackage>
      <ItemPrice>30.50</ItemPrice>
      <UnitOfMeasurePrice>30.50</UnitOfMeasurePrice>
      <AllowDiscount>0</AllowDiscount>
      <itemStatus>1</itemStatus>
      <LastUpdateDate />
      <LastUpdateTime />
    </Product>
    <Product>
      <PriceUpdateDate>2019/12/26 11:30</PriceUpdateDate>
      <ItemCode>1322888</ItemCode>
      <ItemType>0</ItemType>
      <ItemName>פילה בקר חלק מוביל</ItemName>
      <ManufactureName>בלדי בעמ</ManufactureName>
      <ManufactureCountry />
      <ManufactureItemDescription />
      <UnitQty>ק"ג</UnitQty>
      <Quantity>1</Quantity>
      <UnitMeasure>גרם</UnitMeasure>
      <BisWeighted>1</BisWeighted>
      <QtyInPackage>1</QtyInPackage>
      <ItemPrice>99</ItemPrice>
      <UnitOfMeasurePrice>9900</UnitOfMeasurePrice>
      <AllowDiscount>0</AllowDiscount>
      <itemStatus>1</itemStatus>
      <LastUpdateDate />
      <LastUpdateTime />
    </Product>
    <Product>
      <PriceUpdateDate>2018/02/21 09:22</PriceUpdateDate>
      <ItemCode>1436356</ItemCode>
      <ItemType>0</ItemType>
      <ItemName>סטייק סלמון נורבגי וואקום</ItemName>
      <ManufactureName>בלדי בעמ</ManufactureName>
      <ManufactureCountry />
      <ManufactureItemDescription />
      <UnitQty>ק"ג</UnitQty>
      <Quantity>0</Quantity>
      <UnitMeasure>ק"ג</UnitMeasure>
      <BisWeighted>1</BisWeighted>
      <QtyInPackage>1</QtyInPackage>
      <ItemPrice>49.90</ItemPrice>
      <UnitOfMeasurePrice>49.90</UnitOfMeasurePrice>
      <AllowDiscount>0</AllowDiscount>
      <itemStatus>1</itemStatus>
      <LastUpdateDate />
      <LastUpdateTime />
    </Product>
    <Product>
      <PriceUpdateDate>2020/05/03 16:57</PriceUpdateDate>
      <ItemCode>1476208</ItemCode>
      <ItemType>0</ItemType>
      <ItemName>ברי פקאן בלוק מעדנייה גד</ItemName>
      <ManufactureName>מחלבות גד שיווק 1992 בעמ</ManufactureName>
      <ManufactureCountry />
      <ManufactureItemDescription />
      <UnitQty>ק"ג</UnitQty>
      <Quantity>1000</Quantity>
      <UnitMeasure>גרם</UnitMeasure>
      <BisWeighted>1</BisWeighted>
      <QtyInPackage>1</QtyInPackage>
      <ItemPrice>119</ItemPrice>
      <UnitOfMeasurePrice>11.90</UnitOfMeasurePrice>
      <AllowDiscount>0</AllowDiscount>
      <itemStatus>1</itemStatus>
      <LastUpdateDate />
      <LastUpdateTime />
    </Product>
    <Product>
      <PriceUpdateDate>2020/02/17 15:53</PriceUpdateDate>
      <ItemCode>1516065</ItemCode>
      <ItemType>0</ItemType>
      <ItemName>חזה עוף פרוס דק דק טרי ארוז</ItemName>
      <ManufactureName>קורניש חן (1987) בעמ</ManufactureName>
      <ManufactureCountry />
      <ManufactureItemDescription />
      <UnitQty>ק"ג</UnitQty>
      <Quantity>1</Quantity>
      <UnitMeasure />
      <BisWeighted>1</BisWeighted>
      <QtyInPackage>1</QtyInPackage>
      <ItemPrice>42.90</ItemPrice>
      <UnitOfMeasurePrice>42.90</UnitOfMeasurePrice>
      <AllowDiscount>1</AllowDiscount>
      <itemStatus>1</itemStatus>
      <LastUpdateDate />
      <LastUpdateTime />
    </Product>
    <Product>
      <PriceUpdateDate>2016/07/10 09:49</PriceUpdateDate>
      <ItemCode>1710289</ItemCode>
      <ItemType>0</ItemType>
      <ItemName>דג מקרל ארוז</ItemName>
      <ManufactureName>בלדי בעמ</ManufactureName>
      <ManufactureCountry />
      <ManufactureItemDescription />
      <UnitQty>ק"ג</UnitQty>
      <Quantity>1</Quantity>
      <UnitMeasure />
      <BisWeighted>1</BisWeighted>
      <QtyInPackage>1</QtyInPackage>
      <ItemPrice>19.90</ItemPrice>
      <UnitOfMeasurePrice>19.90</UnitOfMeasurePrice>
      <AllowDiscount>0</AllowDiscount>
      <itemStatus>1</itemStatus>
      <LastUpdateDate />
      <LastUpdateTime />
    </Product>
    <Product>
      <PriceUpdateDate>2019/07/25 08:31</PriceUpdateDate>
      <ItemCode>1842867</ItemCode>
      <ItemType>0</ItemType>
      <ItemName>מארז רגלים פרוס קפוא חלק מוביל</ItemName>
      <ManufactureName>אדום אדום - תנובה בקר</ManufactureName>
      <ManufactureCountry />
      <ManufactureItemDescription />
      <UnitQty>ק"ג</UnitQty>
      <Quantity>1</Quantity>
      <UnitMeasure />
      <BisWeighted>1</BisWeighted>
      <QtyInPackage>1</QtyInPackage>
      <ItemPrice>39.90</ItemPrice>
      <UnitOfMeasurePrice>39.90</UnitOfMeasurePrice>
      <AllowDiscount>0</AllowDiscount>
      <itemStatus>1</itemStatus>
      <LastUpdateDate />
      <LastUpdateTime />
    </Product>
    <Product>
      <PriceUpdateDate>2020/02/03 12:49</PriceUpdateDate>
      <ItemCode>2129820</ItemCode>
      <ItemType>0</ItemType>
      <ItemName>טחון טרי מוכשר יבוא</ItemName>
      <ManufactureName>נטו בשרים</ManufactureName>
      <ManufactureCountry />
      <ManufactureItemDescription />
      <UnitQty>ק"ג</UnitQty>
      <Quantity>0</Quantity>
      <UnitMeasure>גרם</UnitMeasure>
      <BisWeighted>1</BisWeighted>
      <QtyInPackage>1</QtyInPackage>
      <ItemPrice>32</ItemPrice>
      <UnitOfMeasurePrice>32</UnitOfMeasurePrice>
      <AllowDiscount>1</AllowDiscount>
      <itemStatus>1</itemStatus>
      <LastUpdateDate />
      <LastUpdateTime />
    </Product>
    <Product>
      <PriceUpdateDate>2019/08/01 13:14</PriceUpdateDate>
      <ItemCode>2129851</ItemCode>
      <ItemType>0</ItemType>
      <ItemName>צוואר טרי יבוא ללא עצם מוכשר  פולני/ צר</ItemName>
      <ManufactureName>נטו בשרים</ManufactureName>
      <ManufactureCountry />
      <ManufactureItemDescription />
      <UnitQty>ק"ג</UnitQty>
      <Quantity>0</Quantity>
      <UnitMeasure>גרם</UnitMeasure>
      <BisWeighted>1</BisWeighted>
      <QtyInPackage>1</QtyInPackage>
      <ItemPrice>39.90</ItemPrice>
      <UnitOfMeasurePrice>39.90</UnitOfMeasurePrice>
      <AllowDiscount>1</AllowDiscount>
      <itemStatus>1</itemStatus>
      <LastUpdateDate />
      <LastUpdateTime />
    </Product>
    <Product>
      <PriceUpdateDate>2020/03/16 13:59</PriceUpdateDate>
      <ItemCode>2206019</ItemCode>
      <ItemType>0</ItemType>
      <ItemName>כרעיים עוף טרי ארוז</ItemName>
      <ManufactureName>טל הל יסכה בעמ</ManufactureName>
      <ManufactureCountry />
      <ManufactureItemDescription />
      <UnitQty>ק"ג</UnitQty>
      <Quantity>1</Quantity>
      <UnitMeasure />
      <BisWeighted>1</BisWeighted>
      <QtyInPackage>1</QtyInPackage>
      <ItemPrice>26.90</ItemPrice>
      <UnitOfMeasurePrice>26.90</UnitOfMeasurePrice>
      <AllowDiscount>1</AllowDiscount>
      <itemStatus>1</itemStatus>
      <LastUpdateDate />
      <LastUpdateTime />
    </Product>
    <Product>
      <PriceUpdateDate>2020/02/17 15:53</PriceUpdateDate>
      <ItemCode>2206033</ItemCode>
      <ItemType>0</ItemType>
      <ItemName>שוקיים עוף טרי ארוז</ItemName>
      <ManufactureName>עוף עוז שיווק בעמ</ManufactureName>
      <ManufactureCountry />
      <ManufactureItemDescription />
      <UnitQty>ק"ג</UnitQty>
      <Quantity>1</Quantity>
      <UnitMeasure />
      <BisWeighted>1</BisWeighted>
      <QtyInPackage>1</QtyInPackage>
      <ItemPrice>26.90</ItemPrice>
      <UnitOfMeasurePrice>26.90</UnitOfMeasurePrice>
      <AllowDiscount>0</AllowDiscount>
      <itemStatus>1</itemStatus>
      <LastUpdateDate />
      <LastUpdateTime />
    </Product>
    <Product>
      <PriceUpdateDate>2020/03/15 14:50</PriceUpdateDate>
      <ItemCode>2206040</ItemCode>
      <ItemType>0</ItemType>
      <ItemName>כנפיים עוף טרי ארוז</ItemName>
      <ManufactureName>עוף עוז שיווק בעמ</ManufactureName>
      <ManufactureCountry />
      <ManufactureItemDescription />
      <UnitQty>ק"ג</UnitQty>
      <Quantity>1</Quantity>
      <UnitMeasure />
      <BisWeighted>1</BisWeighted>
      <QtyInPackage>1</QtyInPackage>
      <ItemPrice>11.90</ItemPrice>
      <UnitOfMeasurePrice>11.90</UnitOfMeasurePrice>
      <AllowDiscount>1</AllowDiscount>
      <itemStatus>1</itemStatus>
      <LastUpdateDate />
      <LastUpdateTime />
    </Product>
    <Product>
      <PriceUpdateDate>2020/03/16 13:59</PriceUpdateDate>
      <ItemCode>2206057</ItemCode>
      <ItemType>0</ItemType>
      <ItemName>חזה עוף טרי שלם ארוז</ItemName>
      <ManufactureName>עוף עוז שיווק בעמ</ManufactureName>
      <ManufactureCountry />
      <ManufactureItemDescription />
      <UnitQty>ק"ג</UnitQty>
      <Quantity>1</Quantity>
      <UnitMeasure />
      <BisWeighted>1</BisWeighted>
      <QtyInPackage>1</QtyInPackage>
      <ItemPrice>36.90</ItemPrice>
      <UnitOfMeasurePrice>36.90</UnitOfMeasurePrice>
      <AllowDiscount>1</AllowDiscount>
      <itemStatus>1</itemStatus>
      <LastUpdateDate />
      <LastUpdateTime />
    </Product>
    <Product>
      <PriceUpdateDate>2020/02/17 15:53</PriceUpdateDate>
      <ItemCode>2206064</ItemCode>
      <ItemType>0</ItemType>
      <ItemName>חזה עוף פרוס טרי ארוז שניצל</ItemName>
      <ManufactureName>עוף עוז שיווק בעמ</ManufactureName>
      <ManufactureCountry />
      <ManufactureItemDescription />
      <UnitQty>ק"ג</UnitQty>
      <Quantity>1</Quantity>
      <UnitMeasure />
      <BisWeighted>1</BisWeighted>
      <QtyInPackage>1</QtyInPackage>
      <ItemPrice>39.90</ItemPrice>
      <UnitOfMeasurePrice>39.90</UnitOfMeasurePrice>
      <AllowDiscount>1</AllowDiscount>
      <itemStatus>1</itemStatus>
      <LastUpdateDate />
      <LastUpdateTime />
    </Product>
    <Product>
      <PriceUpdateDate>2020/04/24 14:06</PriceUpdateDate>
      <ItemCode>2206088</ItemCode>
      <ItemType>0</ItemType>
      <ItemName>פרגיות עוף טרי ארוז</ItemName>
      <ManufactureName>עוף עוז שיווק בעמ</ManufactureName>
      <ManufactureCountry />
      <ManufactureItemDescription />
      <UnitQty>ק"ג</UnitQty>
      <Quantity>1</Quantity>
      <UnitMeasure />
      <BisWeighted>1</BisWeighted>
      <QtyInPackage>1</QtyInPackage>
      <ItemPrice>59.90</ItemPrice>
      <UnitOfMeasurePrice>59.90</UnitOfMeasurePrice>
      <AllowDiscount>0</AllowDiscount>
      <itemStatus>1</itemStatus>
      <LastUpdateDate />
      <LastUpdateTime />
    </Product>
    <Product>
      <PriceUpdateDate>2019/11/13 10:04</PriceUpdateDate>
      <ItemCode>2206101</ItemCode>
      <ItemType>0</ItemType>
      <ItemName>סטייק פרגית ללא עור</ItemName>
      <ManufactureName>טל הל יסכה בעמ</ManufactureName>
      <ManufactureCountry />
      <ManufactureItemDescription />
      <UnitQty>ק"ג</UnitQty>
      <Quantity>1</Quantity>
      <UnitMeasure />
      <BisWeighted>1</BisWeighted>
      <QtyInPackage>1</QtyInPackage>
      <ItemPrice>44.90</ItemPrice>
      <UnitOfMeasurePrice>44.90</UnitOfMeasurePrice>
      <AllowDiscount>0</AllowDiscount>
      <itemStatus>1</itemStatus>
      <LastUpdateDate />
      <LastUpdateTime />
    </Product>
    <Product>
      <PriceUpdateDate>2020/03/15 14:50</PriceUpdateDate>
      <ItemCode>2206118</ItemCode>
      <ItemType>0</ItemType>
      <ItemName>כבד עוף לצליה טרי ארוז</ItemName>
      <ManufactureName>עוף עוז שיווק בעמ</ManufactureName>
      <ManufactureCountry />
      <ManufactureItemDescription />
      <UnitQty>ק"ג</UnitQty>
      <Quantity>1</Quantity>
      <UnitMeasure />
      <BisWeighted>1</BisWeighted>
      <QtyInPackage>1</QtyInPackage>
      <ItemPrice>23.90</ItemPrice>
      <UnitOfMeasurePrice>23.90</UnitOfMeasurePrice>
      <AllowDiscount>0</AllowDiscount>
      <itemStatus>1</itemStatus>
      <LastUpdateDate />
      <LastUpdateTime />
    </Product>
    <Product>
      <PriceUpdateDate>2020/03/15 14:50</PriceUpdateDate>
      <ItemCode>2206125</ItemCode>
      <ItemType>0</ItemType>
      <ItemName>לבבות עוף טרי ארוז</ItemName>
      <ManufactureName>עוף עוז שיווק בעמ</ManufactureName>
      <ManufactureCountry />
      <ManufactureItemDescription />
      <UnitQty>ק"ג</UnitQty>
      <Quantity>1</Quantity>
      <UnitMeasure />
      <BisWeighted>1</BisWeighted>
      <QtyInPackage>1</QtyInPackage>
      <ItemPrice>29.90</ItemPrice>
      <UnitOfMeasurePrice>29.90</UnitOfMeasurePrice>
      <AllowDiscount>0</AllowDiscount>
      <itemStatus>1</itemStatus>
      <LastUpdateDate />
      <LastUpdateTime />
    </Product>
    <Product>
      <PriceUpdateDate>2020/03/15 09:51</PriceUpdateDate>
      <ItemCode>2206385</ItemCode>
      <ItemType>0</ItemType>
      <ItemName>גרון הודו נקבה טרי ארוז</ItemName>
      <ManufactureName>עוף עוז שיווק בעמ</ManufactureName>
      <ManufactureCountry />
      <ManufactureItemDescription />
      <UnitQty>ק"ג</UnitQty>
      <Quantity>1</Quantity>
      <UnitMeasure />
      <BisWeighted>1</BisWeighted>
      <QtyInPackage>1</QtyInPackage>
      <ItemPrice>27.90</ItemPrice>
      <UnitOfMeasurePrice>27.90</UnitOfMeasurePrice>
      <AllowDiscount>0</AllowDiscount>
      <itemStatus>1</itemStatus>
      <LastUpdateDate />
      <LastUpdateTime />
    </Product>
    <Product>
      <PriceUpdateDate>2020/03/16 13:59</PriceUpdateDate>
      <ItemCode>2209071</ItemCode>
      <ItemType>0</ItemType>
      <ItemName>פילה עוף טרי ארוז</ItemName>
      <ManufactureName>עוף עוז שיווק בעמ</ManufactureName>
      <ManufactureCountry />
      <ManufactureItemDescription />
      <UnitQty>ק"ג</UnitQty>
      <Quantity>1</Quantity>
      <UnitMeasure />
      <BisWeighted>1</BisWeighted>
      <QtyInPackage>1</QtyInPackage>
      <ItemPrice>36.90</ItemPrice>
      <UnitOfMeasurePrice>36.90</UnitOfMeasurePrice>
      <AllowDiscount>0</AllowDiscount>
      <itemStatus>1</itemStatus>
      <LastUpdateDate />
      <LastUpdateTime />
    </Product>
    <Product>
      <PriceUpdateDate>2020/05/03 10:29</PriceUpdateDate>
      <ItemCode>2300878</ItemCode>
      <ItemType>0</ItemType>
      <ItemName>גבינת צדר אנגלית במשקל</ItemName>
      <ManufactureName>נטו מלינדה סחר בעמ</ManufactureName>
      <ManufactureCountry />
      <ManufactureItemDescription />
      <UnitQty>ק"ג</UnitQty>
      <Quantity>1000</Quantity>
      <UnitMeasure>גרם</UnitMeasure>
      <BisWeighted>1</BisWeighted>
      <QtyInPackage>1</QtyInPackage>
      <ItemPrice>104</ItemPrice>
      <UnitOfMeasurePrice>10.40</UnitOfMeasurePrice>
      <AllowDiscount>0</AllowDiscount>
      <itemStatus>1</itemStatus>
      <LastUpdateDate />
      <LastUpdateTime />
    </Product>
    <Product>
      <PriceUpdateDate>2020/05/03 10:29</PriceUpdateDate>
      <ItemCode>2300885</ItemCode>
      <ItemType>0</ItemType>
      <ItemName>גבינת צ`דר אנגלי כתום משקל</ItemName>
      <ManufactureName>נטו מלינדה סחר בעמ</ManufactureName>
      <ManufactureCountry />
      <ManufactureItemDescription />
      <UnitQty>ק"ג</UnitQty>
      <Quantity>1000</Quantity>
      <UnitMeasure>גרם</UnitMeasure>
      <BisWeighted>1</BisWeighted>
      <QtyInPackage>1</QtyInPackage>
      <ItemPrice>120</ItemPrice>
      <UnitOfMeasurePrice>12</UnitOfMeasurePrice>
      <AllowDiscount>0</AllowDiscount>
      <itemStatus>1</itemStatus>
      <LastUpdateDate />
      <LastUpdateTime />
    </Product>
    <Product>
      <PriceUpdateDate>2019/03/17 08:25</PriceUpdateDate>
      <ItemCode>2341574</ItemCode>
      <ItemType>0</ItemType>
      <ItemName>סטייק אנטריקוט טרי מוכשר יבוא</ItemName>
      <ManufactureName>עוף ירושלים שיווק בעמ</ManufactureName>
      <ManufactureCountry />
      <ManufactureItemDescription />
      <UnitQty>ק"ג</UnitQty>
      <Quantity>1</Quantity>
      <UnitMeasure />
      <BisWeighted>1</BisWeighted>
      <QtyInPackage>1</QtyInPackage>
      <ItemPrice>99</ItemPrice>
      <UnitOfMeasurePrice>99</UnitOfMeasurePrice>
      <AllowDiscount>1</AllowDiscount>
      <itemStatus>1</itemStatus>
      <LastUpdateDate />
      <LastUpdateTime />
    </Product>
    <Product>
      <PriceUpdateDate>2020/05/03 10:11</PriceUpdateDate>
      <ItemCode>2370017</ItemCode>
      <ItemType>0</ItemType>
      <ItemName>גבינת גאודה בתוספת תערובת בזיליקום ושום</ItemName>
      <ManufactureName>ג.וילי-פוד אינטרנשיונל בעמ</ManufactureName>
      <ManufactureCountry />
      <ManufactureItemDescription />
      <UnitQty>ק"ג</UnitQty>
      <Quantity>1000</Quantity>
      <UnitMeasure>גרם</UnitMeasure>
      <BisWeighted>1</BisWeighted>
      <QtyInPackage>1</QtyInPackage>
      <ItemPrice>80</ItemPrice>
      <UnitOfMeasurePrice>8</UnitOfMeasurePrice>
      <AllowDiscount>0</AllowDiscount>
      <itemStatus>1</itemStatus>
      <LastUpdateDate />
      <LastUpdateTime />
    </Product>
    <Product>
      <PriceUpdateDate>2020/05/03 10:11</PriceUpdateDate>
      <ItemCode>2370130</ItemCode>
      <ItemType>0</ItemType>
      <ItemName>גבינת ברי צרפתית מעדנייה וילי פוד</ItemName>
      <ManufactureName>ג.וילי-פוד אינטרנשיונל בעמ</ManufactureName>
      <ManufactureCountry />
      <ManufactureItemDescription />
      <UnitQty>ק"ג</UnitQty>
      <Quantity>1000</Quantity>
      <UnitMeasure>גרם</UnitMeasure>
      <BisWeighted>1</BisWeighted>
      <QtyInPackage>1</QtyInPackage>
      <ItemPrice>69</ItemPrice>
      <UnitOfMeasurePrice>6.90</UnitOfMeasurePrice>
      <AllowDiscount>0</AllowDiscount>
      <itemStatus>1</itemStatus>
      <LastUpdateDate />
      <LastUpdateTime />
    </Product>
    <Product>
      <PriceUpdateDate>2020/05/03 10:11</PriceUpdateDate>
      <ItemCode>2370246</ItemCode>
      <ItemType>0</ItemType>
      <ItemName>גבינת גרנה פנדו מעדנייה-וילי  פוד</ItemName>
      <ManufactureName>ג.וילי-פוד אינטרנשיונל בעמ</ManufactureName>
      <ManufactureCountry />
      <ManufactureItemDescription />
      <UnitQty>ק"ג</UnitQty>
      <Quantity>1000</Quantity>
      <UnitMeasure>גרם</UnitMeasure>
      <BisWeighted>1</BisWeighted>
      <QtyInPackage>1</QtyInPackage>
      <ItemPrice>80</ItemPrice>
      <UnitOfMeasurePrice>8</UnitOfMeasurePrice>
      <AllowDiscount>0</AllowDiscount>
      <itemStatus>1</itemStatus>
      <LastUpdateDate />
      <LastUpdateTime />
    </Product>
    <Product>
      <PriceUpdateDate>2020/05/01 12:30</PriceUpdateDate>
      <ItemCode>2370468</ItemCode>
      <ItemType>0</ItemType>
      <ItemName>גאודה סטייל גלגל מעדנייה-וילי  פוד</ItemName>
      <ManufactureName>ג.וילי-פוד אינטרנשיונל בעמ</ManufactureName>
      <ManufactureCountry />
      <ManufactureItemDescription />
      <UnitQty>ק"ג</UnitQty>
      <Quantity>1000</Quantity>
      <UnitMeasure>גרם</UnitMeasure>
      <BisWeighted>1</BisWeighted>
      <QtyInPackage>1</QtyInPackage>
      <ItemPrice>42</ItemPrice>
      <UnitOfMeasurePrice>4.20</UnitOfMeasurePrice>
      <AllowDiscount>0</AllowDiscount>
      <itemStatus>1</itemStatus>
      <LastUpdateDate />
      <LastUpdateTime />
    </Product>
    <Product>
      <PriceUpdateDate>2019/12/17 08:11</PriceUpdateDate>
      <ItemCode>2385455</ItemCode>
      <ItemType>0</ItemType>
      <ItemName>בולגרית מעודנת 24% מעדנייה גד</ItemName>
      <ManufactureName>מחלבות גד שיווק 1992 בעמ</ManufactureName>
      <ManufactureCountry />
      <ManufactureItemDescription />
      <UnitQty>ק"ג</UnitQty>
      <Quantity>1000</Quantity>
      <UnitMeasure>גרם</UnitMeasure>
      <BisWeighted>1</BisWeighted>
      <QtyInPackage>1</QtyInPackage>
      <ItemPrice>61</ItemPrice>
      <UnitOfMeasurePrice>6.10</UnitOfMeasurePrice>
      <AllowDiscount>0</AllowDiscount>
      <itemStatus>1</itemStatus>
      <LastUpdateDate />
      <LastUpdateTime />
    </Product>
    <Product>
      <PriceUpdateDate>2019/01/03 11:21</PriceUpdateDate>
      <ItemCode>2385738</ItemCode>
      <ItemType>0</ItemType>
      <ItemName>מנצ`גו משולשים מעדנייה גד</ItemName>
      <ManufactureName>מחלבות גד שיווק 1992 בעמ</ManufactureName>
      <ManufactureCountry />
      <ManufactureItemDescription />
      <UnitQty>ק"ג</UnitQty>
      <Quantity>1000</Quantity>
      <UnitMeasure>גרם</UnitMeasure>
      <BisWeighted>1</BisWeighted>
      <QtyInPackage>1</QtyInPackage>
      <ItemPrice>150</ItemPrice>
      <UnitOfMeasurePrice>15</UnitOfMeasurePrice>
      <AllowDiscount>0</AllowDiscount>
      <itemStatus>1</itemStatus>
      <LastUpdateDate />
      <LastUpdateTime />
    </Product>
    <Product>
      <PriceUpdateDate>2019/01/03 11:21</PriceUpdateDate>
      <ItemCode>2385745</ItemCode>
      <ItemType>0</ItemType>
      <ItemName>פקורינו משולשים מעדנייה גד</ItemName>
      <ManufactureName>מחלבות גד שיווק 1992 בעמ</ManufactureName>
      <ManufactureCountry />
      <ManufactureItemDescription />
      <UnitQty>ק"ג</UnitQty>
      <Quantity>1000</Quantity>
      <UnitMeasure>גרם</UnitMeasure>
      <BisWeighted>1</BisWeighted>
      <QtyInPackage>1</QtyInPackage>
      <ItemPrice>150</ItemPrice>
      <UnitOfMeasurePrice>15</UnitOfMeasurePrice>
      <AllowDiscount>0</AllowDiscount>
      <itemStatus>1</itemStatus>
      <LastUpdateDate />
      <LastUpdateTime />
    </Product>
    <Product>
      <PriceUpdateDate>2020/03/01 08:20</PriceUpdateDate>
      <ItemCode>2403517</ItemCode>
      <ItemType>0</ItemType>
      <ItemName>חזה אווז</ItemName>
      <ManufactureName>בלדי בעמ</ManufactureName>
      <ManufactureCountry />
      <ManufactureItemDescription />
      <UnitQty>ק"ג</UnitQty>
      <Quantity>1</Quantity>
      <UnitMeasure>ק"ג</UnitMeasure>
      <BisWeighted>1</BisWeighted>
      <QtyInPackage>1</QtyInPackage>
      <ItemPrice>79.90</ItemPrice>
      <UnitOfMeasurePrice>79.90</UnitOfMeasurePrice>
      <AllowDiscount>1</AllowDiscount>
      <itemStatus>1</itemStatus>
      <LastUpdateDate />
      <LastUpdateTime />
    </Product>
    <Product>
      <PriceUpdateDate>2019/08/01 13:14</PriceUpdateDate>
      <ItemCode>2439295</ItemCode>
      <ItemType>0</ItemType>
      <ItemName>צוואר טרי יבוא מוכשר ארגנטיני</ItemName>
      <ManufactureName>נטו בשרים</ManufactureName>
      <ManufactureCountry />
      <ManufactureItemDescription />
      <UnitQty>ק"ג</UnitQty>
      <Quantity>1</Quantity>
      <UnitMeasure />
      <BisWeighted>1</BisWeighted>
      <QtyInPackage>1</QtyInPackage>
      <ItemPrice>39.90</ItemPrice>
      <UnitOfMeasurePrice>39.90</UnitOfMeasurePrice>
      <AllowDiscount>1</AllowDiscount>
      <itemStatus>1</itemStatus>
      <LastUpdateDate />
      <LastUpdateTime />
    </Product>
    <Product>
      <PriceUpdateDate>2019/08/01 13:14</PriceUpdateDate>
      <ItemCode>2439721</ItemCode>
      <ItemType>0</ItemType>
      <ItemName>צלי כתף טרי יבוא מוכשר ארגנטיני</ItemName>
      <ManufactureName>נטו בשרים</ManufactureName>
      <ManufactureCountry />
      <ManufactureItemDescription />
      <UnitQty>ק"ג</UnitQty>
      <Quantity>1</Quantity>
      <UnitMeasure />
      <BisWeighted>1</BisWeighted>
      <QtyInPackage>1</QtyInPackage>
      <ItemPrice>79.90</ItemPrice>
      <UnitOfMeasurePrice>79.90</UnitOfMeasurePrice>
      <AllowDiscount>1</AllowDiscount>
      <itemStatus>1</itemStatus>
      <LastUpdateDate />
      <LastUpdateTime />
    </Product>
    <Product>
      <PriceUpdateDate>2019/08/01 13:14</PriceUpdateDate>
      <ItemCode>2439950</ItemCode>
      <ItemType>0</ItemType>
      <ItemName>צלעות מס 2 טרי יבוא מוכשר ארגנטיני</ItemName>
      <ManufactureName>נטו בשרים</ManufactureName>
      <ManufactureCountry />
      <ManufactureItemDescription />
      <UnitQty>ק"ג</UnitQty>
      <Quantity>1</Quantity>
      <UnitMeasure />
      <BisWeighted>1</BisWeighted>
      <QtyInPackage>1</QtyInPackage>
      <ItemPrice>59.90</ItemPrice>
      <UnitOfMeasurePrice>59.90</UnitOfMeasurePrice>
      <AllowDiscount>1</AllowDiscount>
      <itemStatus>1</itemStatus>
      <LastUpdateDate />
      <LastUpdateTime />
    </Product>
    <Product>
      <PriceUpdateDate>2018/04/25 08:56</PriceUpdateDate>
      <ItemCode>2447511</ItemCode>
      <ItemType>0</ItemType>
      <ItemName>זנב עגל טרי מוכשר</ItemName>
      <ManufactureName>אדום אדום - תנובה בקר</ManufactureName>
      <ManufactureCountry />
      <ManufactureItemDescription />
      <UnitQty>ק"ג</UnitQty>
      <Quantity>1000</Quantity>
      <UnitMeasure>גרם</UnitMeasure>
      <BisWeighted>1</BisWeighted>
      <QtyInPackage>1</QtyInPackage>
      <ItemPrice>59.90</ItemPrice>
      <UnitOfMeasurePrice>5.99</UnitOfMeasurePrice>
      <AllowDiscount>1</AllowDiscount>
      <itemStatus>1</itemStatus>
      <LastUpdateDate />
      <LastUpdateTime />
    </Product>
    <Product>
      <PriceUpdateDate>2020/02/26 08:43</PriceUpdateDate>
      <ItemCode>2461005</ItemCode>
      <ItemType>0</ItemType>
      <ItemName>בשר ראש קפוא מוביל ח</ItemName>
      <ManufactureName>אדום גרופ למזון שיווק והפצה בע</ManufactureName>
      <ManufactureCountry />
      <ManufactureItemDescription />
      <UnitQty>ק"ג</UnitQty>
      <Quantity>1000</Quantity>
      <UnitMeasure>גרם</UnitMeasure>
      <BisWeighted>1</BisWeighted>
      <QtyInPackage>1</QtyInPackage>
      <ItemPrice>69.90</ItemPrice>
      <UnitOfMeasurePrice>6.99</UnitOfMeasurePrice>
      <AllowDiscount>0</AllowDiscount>
      <itemStatus>1</itemStatus>
      <LastUpdateDate />
      <LastUpdateTime />
    </Product>
    <Product>
      <PriceUpdateDate>2018/06/20 08:18</PriceUpdateDate>
      <ItemCode>2461098</ItemCode>
      <ItemType>0</ItemType>
      <ItemName>נילוס פרוס</ItemName>
      <ManufactureName>גול סחר בעמ</ManufactureName>
      <ManufactureCountry />
      <ManufactureItemDescription />
      <UnitQty>ק"ג</UnitQty>
      <Quantity>1000</Quantity>
      <UnitMeasure>גרם</UnitMeasure>
      <BisWeighted>1</BisWeighted>
      <QtyInPackage>1</QtyInPackage>
      <ItemPrice>54.90</ItemPrice>
      <UnitOfMeasurePrice>5.49</UnitOfMeasurePrice>
      <AllowDiscount>0</AllowDiscount>
      <itemStatus>1</itemStatus>
      <LastUpdateDate />
      <LastUpdateTime />
    </Product>
    <Product>
      <PriceUpdateDate>2019/08/09 16:15</PriceUpdateDate>
      <ItemCode>2478157</ItemCode>
      <ItemType>0</ItemType>
      <ItemName>רבעי פרגיות ממולא מתוק</ItemName>
      <ManufactureName>נטו מלינדה סחר בעמ</ManufactureName>
      <ManufactureCountry />
      <ManufactureItemDescription />
      <UnitQty>ק"ג</UnitQty>
      <Quantity>1</Quantity>
      <UnitMeasure />
      <BisWeighted>1</BisWeighted>
      <QtyInPackage>1</QtyInPackage>
      <ItemPrice>43.90</ItemPrice>
      <UnitOfMeasurePrice>43.90</UnitOfMeasurePrice>
      <AllowDiscount>0</AllowDiscount>
      <itemStatus>1</itemStatus>
      <LastUpdateDate />
      <LastUpdateTime />
    </Product>
    <Product>
      <PriceUpdateDate>2019/03/31 11:37</PriceUpdateDate>
      <ItemCode>2487661</ItemCode>
      <ItemType>0</ItemType>
      <ItemName>סטייק עין מוכשר קפוא פרגוואי</ItemName>
      <ManufactureName>נטו בשרים</ManufactureName>
      <ManufactureCountry />
      <ManufactureItemDescription />
      <UnitQty>ק"ג</UnitQty>
      <Quantity>0</Quantity>
      <UnitMeasure>גרם</UnitMeasure>
      <BisWeighted>1</BisWeighted>
      <QtyInPackage>1</QtyInPackage>
      <ItemPrice>49.90</ItemPrice>
      <UnitOfMeasurePrice>49.90</UnitOfMeasurePrice>
      <AllowDiscount>0</AllowDiscount>
      <itemStatus>1</itemStatus>
      <LastUpdateDate />
      <LastUpdateTime />
    </Product>
    <Product>
      <PriceUpdateDate>2019/07/28 09:02</PriceUpdateDate>
      <ItemCode>2502067</ItemCode>
      <ItemType>0</ItemType>
      <ItemName>חלה קלועה בונז`ור</ItemName>
      <ManufactureName>קבוצת אסם סחר שות. מוגבלת</ManufactureName>
      <ManufactureCountry />
      <ManufactureItemDescription />
      <UnitQty>יח`</UnitQty>
      <Quantity>1</Quantity>
      <UnitMeasure />
      <BisWeighted>0</BisWeighted>
      <QtyInPackage>1</QtyInPackage>
      <ItemPrice>10</ItemPrice>
      <UnitOfMeasurePrice>10</UnitOfMeasurePrice>
      <AllowDiscount>0</AllowDiscount>
      <itemStatus>1</itemStatus>
      <LastUpdateDate />
      <LastUpdateTime />
    </Product>
    <Product>
      <PriceUpdateDate>2019/07/28 09:02</PriceUpdateDate>
      <ItemCode>2502166</ItemCode>
      <ItemType>0</ItemType>
      <ItemName>חצי באגט בונז`ור</ItemName>
      <ManufactureName>קבוצת אסם סחר שות. מוגבלת</ManufactureName>
      <ManufactureCountry />
      <ManufactureItemDescription />
      <UnitQty>יח`</UnitQty>
      <Quantity>1</Quantity>
      <UnitMeasure />
      <BisWeighted>0</BisWeighted>
      <QtyInPackage>1</QtyInPackage>
      <ItemPrice>3.90</ItemPrice>
      <UnitOfMeasurePrice>3.90</UnitOfMeasurePrice>
      <AllowDiscount>1</AllowDiscount>
      <itemStatus>1</itemStatus>
      <LastUpdateDate />
      <LastUpdateTime />
    </Product>
    <Product>
      <PriceUpdateDate>2019/04/05 11:38</PriceUpdateDate>
      <ItemCode>2502203</ItemCode>
      <ItemType>0</ItemType>
      <ItemName>בורקס גבינה/תפו`</ItemName>
      <ManufactureName>קבוצת אסם סחר שות. מוגבלת</ManufactureName>
      <ManufactureCountry />
      <ManufactureItemDescription />
      <UnitQty>ק"ג</UnitQty>
      <Quantity>1000</Quantity>
      <UnitMeasure>גרם</UnitMeasure>
      <BisWeighted>1</BisWeighted>
      <QtyInPackage>1</QtyInPackage>
      <ItemPrice>26</ItemPrice>
      <UnitOfMeasurePrice>2.60</UnitOfMeasurePrice>
      <AllowDiscount>0</AllowDiscount>
      <itemStatus>1</itemStatus>
      <LastUpdateDate />
      <LastUpdateTime />
    </Product>
    <Product>
      <PriceUpdateDate>2019/08/01 13:14</PriceUpdateDate>
      <ItemCode>2507017</ItemCode>
      <ItemType>0</ItemType>
      <ItemName>סינטה בקר בלאק אנגוס טרי יבוא מוכשר נברס</ItemName>
      <ManufactureName>נטו בשרים</ManufactureName>
      <ManufactureCountry />
      <ManufactureItemDescription />
      <UnitQty>ק"ג</UnitQty>
      <Quantity>100</Quantity>
      <UnitMeasure>גרם</UnitMeasure>
      <BisWeighted>1</BisWeighted>
      <QtyInPackage>1</QtyInPackage>
      <ItemPrice>159.90</ItemPrice>
      <UnitOfMeasurePrice>159.90</UnitOfMeasurePrice>
      <AllowDiscount>1</AllowDiscount>
      <itemStatus>1</itemStatus>
      <LastUpdateDate />
      <LastUpdateTime />
    </Product>
    <Product>
      <PriceUpdateDate>2019/08/13 18:20</PriceUpdateDate>
      <ItemCode>2507024</ItemCode>
      <ItemType>0</ItemType>
      <ItemName>אסאדו עם עצם אנגוס טרי יבוא מוכשר נברסק</ItemName>
      <ManufactureName>נטו בשרים</ManufactureName>
      <ManufactureCountry />
      <ManufactureItemDescription />
      <UnitQty>ק"ג</UnitQty>
      <Quantity>100</Quantity>
      <UnitMeasure>גרם</UnitMeasure>
      <BisWeighted>1</BisWeighted>
      <QtyInPackage>1</QtyInPackage>
      <ItemPrice>59.90</ItemPrice>
      <UnitOfMeasurePrice>59.90</UnitOfMeasurePrice>
      <AllowDiscount>1</AllowDiscount>
      <itemStatus>1</itemStatus>
      <LastUpdateDate />
      <LastUpdateTime />
    </Product>
    <Product>
      <PriceUpdateDate>2019/08/01 13:14</PriceUpdateDate>
      <ItemCode>2507062</ItemCode>
      <ItemType>0</ItemType>
      <ItemName>צוואר בלאק אנגוס טרי יבוא מוכשר נברסקה</ItemName>
      <ManufactureName>נטו בשרים</ManufactureName>
      <ManufactureCountry />
      <ManufactureItemDescription />
      <UnitQty>ק"ג</UnitQty>
      <Quantity>100</Quantity>
      <UnitMeasure>גרם</UnitMeasure>
      <BisWeighted>1</BisWeighted>
      <QtyInPackage>1</QtyInPackage>
      <ItemPrice>59.90</ItemPrice>
      <UnitOfMeasurePrice>59.90</UnitOfMeasurePrice>
      <AllowDiscount>1</AllowDiscount>
      <itemStatus>1</itemStatus>
      <LastUpdateDate />
      <LastUpdateTime />
    </Product>
    <Product>
      <PriceUpdateDate>2020/03/23 12:42</PriceUpdateDate>
      <ItemCode>2507079</ItemCode>
      <ItemType>0</ItemType>
      <ItemName>סטייק עם עצם בלאק אנגוס טרי יבוא מוכשר</ItemName>
      <ManufactureName>נטו בשרים</ManufactureName>
      <ManufactureCountry />
      <ManufactureItemDescription />
      <UnitQty>ק"ג</UnitQty>
      <Quantity>100</Quantity>
      <UnitMeasure>גרם</UnitMeasure>
      <BisWeighted>1</BisWeighted>
      <QtyInPackage>1</QtyInPackage>
      <ItemPrice>119</ItemPrice>
      <UnitOfMeasurePrice>119</UnitOfMeasurePrice>
      <AllowDiscount>1</AllowDiscount>
      <itemStatus>1</itemStatus>
      <LastUpdateDate />
      <LastUpdateTime />
    </Product>
    <Product>
      <PriceUpdateDate>2019/08/01 13:14</PriceUpdateDate>
      <ItemCode>2507086</ItemCode>
      <ItemType>0</ItemType>
      <ItemName>צלעות אונטריפ בלאק אנגוס טרי יבוא מוכשר</ItemName>
      <ManufactureName>נטו בשרים</ManufactureName>
      <ManufactureCountry />
      <ManufactureItemDescription />
      <UnitQty>ק"ג</UnitQty>
      <Quantity>100</Quantity>
      <UnitMeasure>גרם</UnitMeasure>
      <BisWeighted>1</BisWeighted>
      <QtyInPackage>1</QtyInPackage>
      <ItemPrice>69.90</ItemPrice>
      <UnitOfMeasurePrice>69.90</UnitOfMeasurePrice>
      <AllowDiscount>1</AllowDiscount>
      <itemStatus>1</itemStatus>
      <LastUpdateDate />
      <LastUpdateTime />
    </Product>
    <Product>
      <PriceUpdateDate>2019/08/01 13:14</PriceUpdateDate>
      <ItemCode>2507093</ItemCode>
      <ItemType>0</ItemType>
      <ItemName>כתף בקר בלאק אנגוס טרי יבוא מוכשר נברסק</ItemName>
      <ManufactureName>נטו בשרים</ManufactureName>
      <ManufactureCountry />
      <ManufactureItemDescription />
      <UnitQty>ק"ג</UnitQty>
      <Quantity>100</Quantity>
      <UnitMeasure>גרם</UnitMeasure>
      <BisWeighted>1</BisWeighted>
      <QtyInPackage>1</QtyInPackage>
      <ItemPrice>69.90</ItemPrice>
      <UnitOfMeasurePrice>69.90</UnitOfMeasurePrice>
      <AllowDiscount>1</AllowDiscount>
      <itemStatus>1</itemStatus>
      <LastUpdateDate />
      <LastUpdateTime />
    </Product>
    <Product>
      <PriceUpdateDate>2019/08/01 13:14</PriceUpdateDate>
      <ItemCode>2507109</ItemCode>
      <ItemType>0</ItemType>
      <ItemName>צלי כתף בלאק אנגוס טרי יבוא מוכשר נברסקה</ItemName>
      <ManufactureName>נטו בשרים</ManufactureName>
      <ManufactureCountry />
      <ManufactureItemDescription />
      <UnitQty>ק"ג</UnitQty>
      <Quantity>100</Quantity>
      <UnitMeasure>גרם</UnitMeasure>
      <BisWeighted>1</BisWeighted>
      <QtyInPackage>1</QtyInPackage>
      <ItemPrice>79.90</ItemPrice>
      <UnitOfMeasurePrice>79.90</UnitOfMeasurePrice>
      <AllowDiscount>1</AllowDiscount>
      <itemStatus>1</itemStatus>
      <LastUpdateDate />
      <LastUpdateTime />
    </Product>
    <Product>
      <PriceUpdateDate>2019/08/01 13:14</PriceUpdateDate>
      <ItemCode>2507116</ItemCode>
      <ItemType>0</ItemType>
      <ItemName>פילמה מדומה בקר בלאק אנגוס טרי יבוא מוכ</ItemName>
      <ManufactureName>נטו בשרים</ManufactureName>
      <ManufactureCountry />
      <ManufactureItemDescription />
      <UnitQty>ק"ג</UnitQty>
      <Quantity>100</Quantity>
      <UnitMeasure>גרם</UnitMeasure>
      <BisWeighted>1</BisWeighted>
      <QtyInPackage>1</QtyInPackage>
      <ItemPrice>79.90</ItemPrice>
      <UnitOfMeasurePrice>79.90</UnitOfMeasurePrice>
      <AllowDiscount>1</AllowDiscount>
      <itemStatus>1</itemStatus>
      <LastUpdateDate />
      <LastUpdateTime />
    </Product>
    <Product>
      <PriceUpdateDate>2018/07/09 13:37</PriceUpdateDate>
      <ItemCode>2596745</ItemCode>
      <ItemType>0</ItemType>
      <ItemName>פילה סול פוטית</ItemName>
      <ManufactureName>בשר לכל חיים פסקוביץ ובניו בעמ</ManufactureName>
      <ManufactureCountry />
      <ManufactureItemDescription />
      <UnitQty>ק"ג</UnitQty>
      <Quantity>1000</Quantity>
      <UnitMeasure>גרם</UnitMeasure>
      <BisWeighted>1</BisWeighted>
      <QtyInPackage>1</QtyInPackage>
      <ItemPrice>26.90</ItemPrice>
      <UnitOfMeasurePrice>2.69</UnitOfMeasurePrice>
      <AllowDiscount>0</AllowDiscount>
      <itemStatus>1</itemStatus>
      <LastUpdateDate />
      <LastUpdateTime />
    </Product>
    <Product>
      <PriceUpdateDate>2018/10/03 08:31</PriceUpdateDate>
      <ItemCode>2621607</ItemCode>
      <ItemType>0</ItemType>
      <ItemName>בשר צלי כתף  מס`5 בלדי בדץ מוצפי</ItemName>
      <ManufactureName>בלדי בעמ</ManufactureName>
      <ManufactureCountry />
      <ManufactureItemDescription />
      <UnitQty>ק"ג</UnitQty>
      <Quantity>1000</Quantity>
      <UnitMeasure>גרם</UnitMeasure>
      <BisWeighted>1</BisWeighted>
      <QtyInPackage>1</QtyInPackage>
      <ItemPrice>65.90</ItemPrice>
      <UnitOfMeasurePrice>6.59</UnitOfMeasurePrice>
      <AllowDiscount>0</AllowDiscount>
      <itemStatus>1</itemStatus>
      <LastUpdateDate />
      <LastUpdateTime />
    </Product>
    <Product>
      <PriceUpdateDate>2017/09/26 08:55</PriceUpdateDate>
      <ItemCode>2757320</ItemCode>
      <ItemType>0</ItemType>
      <ItemName>סטייק אנטריקוט חלק מעובד מופשר</ItemName>
      <ManufactureName>נטו בשרים</ManufactureName>
      <ManufactureCountry />
      <ManufactureItemDescription />
      <UnitQty>ק"ג</UnitQty>
      <Quantity>1</Quantity>
      <UnitMeasure />
      <BisWeighted>1</BisWeighted>
      <QtyInPackage>1</QtyInPackage>
      <ItemPrice>79.90</ItemPrice>
      <UnitOfMeasurePrice>79.90</UnitOfMeasurePrice>
      <AllowDiscount>1</AllowDiscount>
      <itemStatus>1</itemStatus>
      <LastUpdateDate />
      <LastUpdateTime />
    </Product>
    <Product>
      <PriceUpdateDate>2019/04/12 11:23</PriceUpdateDate>
      <ItemCode>2812522</ItemCode>
      <ItemType>0</ItemType>
      <ItemName>פרלמנט נייט ארוך חפיסה) (20</ItemName>
      <ManufactureName>פיליפ מוריס בעמ</ManufactureName>
      <ManufactureCountry />
      <ManufactureItemDescription />
      <UnitQty>יח`</UnitQty>
      <Quantity>1</Quantity>
      <UnitMeasure />
      <BisWeighted>0</BisWeighted>
      <QtyInPackage>1</QtyInPackage>
      <ItemPrice>38</ItemPrice>
      <UnitOfMeasurePrice>38</UnitOfMeasurePrice>
      <AllowDiscount>0</AllowDiscount>
      <itemStatus>1</itemStatus>
      <LastUpdateDate />
      <LastUpdateTime />
    </Product>
    <Product>
      <PriceUpdateDate>2019/04/12 11:23</PriceUpdateDate>
      <ItemCode>2814928</ItemCode>
      <ItemType>0</ItemType>
      <ItemName>פרלמנט קצר בודד</ItemName>
      <ManufactureName>פיליפ מוריס בעמ</ManufactureName>
      <ManufactureCountry />
      <ManufactureItemDescription />
      <UnitQty>יח`</UnitQty>
      <Quantity>1</Quantity>
      <UnitMeasure />
      <BisWeighted>0</BisWeighted>
      <QtyInPackage>1</QtyInPackage>
      <ItemPrice>38</ItemPrice>
      <UnitOfMeasurePrice>38</UnitOfMeasurePrice>
      <AllowDiscount>0</AllowDiscount>
      <itemStatus>1</itemStatus>
      <LastUpdateDate />
      <LastUpdateTime />
    </Product>
    <Product>
      <PriceUpdateDate>2019/07/29 09:01</PriceUpdateDate>
      <ItemCode>2827029</ItemCode>
      <ItemType>0</ItemType>
      <ItemName>מרלבורו פלייבור מיקס בודד</ItemName>
      <ManufactureName>פיליפ מוריס בעמ</ManufactureName>
      <ManufactureCountry />
      <ManufactureItemDescription />
      <UnitQty>יח`</UnitQty>
      <Quantity>1</Quantity>
      <UnitMeasure />
      <BisWeighted>0</BisWeighted>
      <QtyInPackage>1</QtyInPackage>
      <ItemPrice>32</ItemPrice>
      <UnitOfMeasurePrice>32</UnitOfMeasurePrice>
      <AllowDiscount>0</AllowDiscount>
      <itemStatus>1</itemStatus>
      <LastUpdateDate />
      <LastUpdateTime />
    </Product>
    <Product>
      <PriceUpdateDate>2019/07/29 09:01</PriceUpdateDate>
      <ItemCode>2833525</ItemCode>
      <ItemType>0</ItemType>
      <ItemName>מרלבורו רד חפיסה) (20</ItemName>
      <ManufactureName>פיליפ מוריס בעמ</ManufactureName>
      <ManufactureCountry />
      <ManufactureItemDescription />
      <UnitQty>יח`</UnitQty>
      <Quantity>1</Quantity>
      <UnitMeasure />
      <BisWeighted>0</BisWeighted>
      <QtyInPackage>1</QtyInPackage>
      <ItemPrice>32</ItemPrice>
      <UnitOfMeasurePrice>32</UnitOfMeasurePrice>
      <AllowDiscount>0</AllowDiscount>
      <itemStatus>1</itemStatus>
      <LastUpdateDate />
      <LastUpdateTime />
    </Product>
    <Product>
      <PriceUpdateDate>2019/04/12 11:23</PriceUpdateDate>
      <ItemCode>2874629</ItemCode>
      <ItemType>0</ItemType>
      <ItemName>פרלמנט ארוך בלו RCB בודד</ItemName>
      <ManufactureName>פיליפ מוריס בעמ</ManufactureName>
      <ManufactureCountry />
      <ManufactureItemDescription />
      <UnitQty>יח`</UnitQty>
      <Quantity>1</Quantity>
      <UnitMeasure />
      <BisWeighted>0</BisWeighted>
      <QtyInPackage>1</QtyInPackage>
      <ItemPrice>38</ItemPrice>
      <UnitOfMeasurePrice>38</UnitOfMeasurePrice>
      <AllowDiscount>0</AllowDiscount>
      <itemStatus>1</itemStatus>
      <LastUpdateDate />
      <LastUpdateTime />
    </Product>
    <Product>
      <PriceUpdateDate>2019/04/12 11:23</PriceUpdateDate>
      <ItemCode>2876326</ItemCode>
      <ItemType>0</ItemType>
      <ItemName>פרלמנט קצר בלו בודד</ItemName>
      <ManufactureName>פיליפ מוריס בעמ</ManufactureName>
      <ManufactureCountry />
      <ManufactureItemDescription />
      <UnitQty>יח`</UnitQty>
      <Quantity>1</Quantity>
      <UnitMeasure />
      <BisWeighted>0</BisWeighted>
      <QtyInPackage>1</QtyInPackage>
      <ItemPrice>38</ItemPrice>
      <UnitOfMeasurePrice>38</UnitOfMeasurePrice>
      <AllowDiscount>0</AllowDiscount>
      <itemStatus>1</itemStatus>
      <LastUpdateDate />
      <LastUpdateTime />
    </Product>
    <Product>
      <PriceUpdateDate>2019/07/29 09:01</PriceUpdateDate>
      <ItemCode>2881920</ItemCode>
      <ItemType>0</ItemType>
      <ItemName>מרלבורו גולד 100 חפיסה) (20</ItemName>
      <ManufactureName>פיליפ מוריס בעמ</ManufactureName>
      <ManufactureCountry />
      <ManufactureItemDescription />
      <UnitQty>יח`</UnitQty>
      <Quantity>1</Quantity>
      <UnitMeasure />
      <BisWeighted>0</BisWeighted>
      <QtyInPackage>1</QtyInPackage>
      <ItemPrice>32</ItemPrice>
      <UnitOfMeasurePrice>32</UnitOfMeasurePrice>
      <AllowDiscount>0</AllowDiscount>
      <itemStatus>1</itemStatus>
      <LastUpdateDate />
      <LastUpdateTime />
    </Product>
    <Product>
      <PriceUpdateDate>2019/07/29 09:01</PriceUpdateDate>
      <ItemCode>2886925</ItemCode>
      <ItemType>0</ItemType>
      <ItemName>מרלבורו גולד חפיסה) (20</ItemName>
      <ManufactureName>פיליפ מוריס בעמ</ManufactureName>
      <ManufactureCountry />
      <ManufactureItemDescription />
      <UnitQty>יח`</UnitQty>
      <Quantity>1</Quantity>
      <UnitMeasure />
      <BisWeighted>0</BisWeighted>
      <QtyInPackage>1</QtyInPackage>
      <ItemPrice>32</ItemPrice>
      <UnitOfMeasurePrice>32</UnitOfMeasurePrice>
      <AllowDiscount>0</AllowDiscount>
      <itemStatus>1</itemStatus>
      <LastUpdateDate />
      <LastUpdateTime />
    </Product>
    <Product>
      <PriceUpdateDate>2020/05/03 10:29</PriceUpdateDate>
      <ItemCode>2929130</ItemCode>
      <ItemType>0</ItemType>
      <ItemName>דנאבלו גבינה+עובש משקל</ItemName>
      <ManufactureName>נטו מלינדה סחר בעמ</ManufactureName>
      <ManufactureCountry />
      <ManufactureItemDescription />
      <UnitQty>ק"ג</UnitQty>
      <Quantity>1000</Quantity>
      <UnitMeasure>גרם</UnitMeasure>
      <BisWeighted>1</BisWeighted>
      <QtyInPackage>1</QtyInPackage>
      <ItemPrice>110</ItemPrice>
      <UnitOfMeasurePrice>11</UnitOfMeasurePrice>
      <AllowDiscount>0</AllowDiscount>
      <itemStatus>1</itemStatus>
      <LastUpdateDate />
      <LastUpdateTime />
    </Product>
    <Product>
      <PriceUpdateDate>2019/09/09 10:33</PriceUpdateDate>
      <ItemCode>2930808</ItemCode>
      <ItemType>0</ItemType>
      <ItemName>רבע כבש עטרה קפוא</ItemName>
      <ManufactureName>נטו בשרים</ManufactureName>
      <ManufactureCountry />
      <ManufactureItemDescription />
      <UnitQty>ק"ג</UnitQty>
      <Quantity>1000</Quantity>
      <UnitMeasure>גרם</UnitMeasure>
      <BisWeighted>1</BisWeighted>
      <QtyInPackage>1</QtyInPackage>
      <ItemPrice>69.90</ItemPrice>
      <UnitOfMeasurePrice>6.99</UnitOfMeasurePrice>
      <AllowDiscount>0</AllowDiscount>
      <itemStatus>1</itemStatus>
      <LastUpdateDate />
      <LastUpdateTime />
    </Product>
    <Product>
      <PriceUpdateDate>2014/07/14 19:45</PriceUpdateDate>
      <ItemCode>2939177</ItemCode>
      <ItemType>0</ItemType>
      <ItemName>גרון הודו טרי א עטרה</ItemName>
      <ManufactureName>נטו מלינדה סחר - עטרה</ManufactureName>
      <ManufactureCountry />
      <ManufactureItemDescription />
      <UnitQty>ק"ג</UnitQty>
      <Quantity>1</Quantity>
      <UnitMeasure />
      <BisWeighted>1</BisWeighted>
      <QtyInPackage>1</QtyInPackage>
      <ItemPrice>28.90</ItemPrice>
      <UnitOfMeasurePrice>28.90</UnitOfMeasurePrice>
      <AllowDiscount>0</AllowDiscount>
      <itemStatus>1</itemStatus>
      <LastUpdateDate />
      <LastUpdateTime />
    </Product>
    <Product>
      <PriceUpdateDate>2020/01/10 12:54</PriceUpdateDate>
      <ItemCode>2996170</ItemCode>
      <ItemType>0</ItemType>
      <ItemName>סינטה קפוא רבנות</ItemName>
      <ManufactureName>עוף ירושלים שיווק בעמ</ManufactureName>
      <ManufactureCountry />
      <ManufactureItemDescription />
      <UnitQty>ק"ג</UnitQty>
      <Quantity>1</Quantity>
      <UnitMeasure />
      <BisWeighted>1</BisWeighted>
      <QtyInPackage>1</QtyInPackage>
      <ItemPrice>39.90</ItemPrice>
      <UnitOfMeasurePrice>39.90</UnitOfMeasurePrice>
      <AllowDiscount>1</AllowDiscount>
      <itemStatus>1</itemStatus>
      <LastUpdateDate />
      <LastUpdateTime />
    </Product>
    <Product>
      <PriceUpdateDate>2020/04/02 07:36</PriceUpdateDate>
      <ItemCode>2996378</ItemCode>
      <ItemType>0</ItemType>
      <ItemName>אסאדו בקר מוכשר קפוא</ItemName>
      <ManufactureName>עוף ירושלים שיווק בעמ</ManufactureName>
      <ManufactureCountry />
      <ManufactureItemDescription />
      <UnitQty>ק"ג</UnitQty>
      <Quantity>1</Quantity>
      <UnitMeasure>ק"ג</UnitMeasure>
      <BisWeighted>1</BisWeighted>
      <QtyInPackage>1</QtyInPackage>
      <ItemPrice>33.90</ItemPrice>
      <UnitOfMeasurePrice>33.90</UnitOfMeasurePrice>
      <AllowDiscount>0</AllowDiscount>
      <itemStatus>1</itemStatus>
      <LastUpdateDate />
      <LastUpdateTime />
    </Product>
    <Product>
      <PriceUpdateDate>2019/12/15 09:10</PriceUpdateDate>
      <ItemCode>3163847</ItemCode>
      <ItemType>0</ItemType>
      <ItemName>בשר מס` 4 כתף בקר</ItemName>
      <ManufactureName>מאסטרפוד בעמ</ManufactureName>
      <ManufactureCountry />
      <ManufactureItemDescription />
      <UnitQty>ק"ג</UnitQty>
      <Quantity>1</Quantity>
      <UnitMeasure>ק"ג</UnitMeasure>
      <BisWeighted>1</BisWeighted>
      <QtyInPackage>1</QtyInPackage>
      <ItemPrice>34.90</ItemPrice>
      <UnitOfMeasurePrice>34.90</UnitOfMeasurePrice>
      <AllowDiscount>0</AllowDiscount>
      <itemStatus>1</itemStatus>
      <LastUpdateDate />
      <LastUpdateTime />
    </Product>
    <Product>
      <PriceUpdateDate>2019/06/30 08:29</PriceUpdateDate>
      <ItemCode>3187140</ItemCode>
      <ItemType>0</ItemType>
      <ItemName>סינטה מעובד מופשר מוכשר</ItemName>
      <ManufactureName>עוף ירושלים שיווק בעמ</ManufactureName>
      <ManufactureCountry />
      <ManufactureItemDescription />
      <UnitQty>ק"ג</UnitQty>
      <Quantity>1</Quantity>
      <UnitMeasure />
      <BisWeighted>1</BisWeighted>
      <QtyInPackage>1</QtyInPackage>
      <ItemPrice>69.90</ItemPrice>
      <UnitOfMeasurePrice>69.90</UnitOfMeasurePrice>
      <AllowDiscount>1</AllowDiscount>
      <itemStatus>1</itemStatus>
      <LastUpdateDate />
      <LastUpdateTime />
    </Product>
    <Product>
      <PriceUpdateDate>2014/05/28 12:33</PriceUpdateDate>
      <ItemCode>3444009</ItemCode>
      <ItemType>0</ItemType>
      <ItemName>חטיף שוקולד חלב עם חמאת בוטנים הרשי 42 ג</ItemName>
      <ManufactureName>ליימן שליסל בעמ</ManufactureName>
      <ManufactureCountry />
      <ManufactureItemDescription />
      <UnitQty>יח`</UnitQty>
      <Quantity>1</Quantity>
      <UnitMeasure />
      <BisWeighted>0</BisWeighted>
      <QtyInPackage>1</QtyInPackage>
      <ItemPrice>3.90</ItemPrice>
      <UnitOfMeasurePrice>3.90</UnitOfMeasurePrice>
      <AllowDiscount>1</AllowDiscount>
      <itemStatus>1</itemStatus>
      <LastUpdateDate />
      <LastUpdateTime />
    </Product>
    <Product>
      <PriceUpdateDate>2019/07/29 09:02</PriceUpdateDate>
      <ItemCode>3561193</ItemCode>
      <ItemType>0</ItemType>
      <ItemName>בייבי חליות בונז`ור</ItemName>
      <ManufactureName>קבוצת אסם סחר שות. מוגבלת</ManufactureName>
      <ManufactureCountry />
      <ManufactureItemDescription />
      <UnitQty>יח`</UnitQty>
      <Quantity>70</Quantity>
      <UnitMeasure>גרם</UnitMeasure>
      <BisWeighted>0</BisWeighted>
      <QtyInPackage>1</QtyInPackage>
      <ItemPrice>2.90</ItemPrice>
      <UnitOfMeasurePrice>4.14</UnitOfMeasurePrice>
      <AllowDiscount>0</AllowDiscount>
      <itemStatus>1</itemStatus>
      <LastUpdateDate />
      <LastUpdateTime />
    </Product>
    <Product>
      <PriceUpdateDate>2019/09/10 16:29</PriceUpdateDate>
      <ItemCode>3598014</ItemCode>
      <ItemType>0</ItemType>
      <ItemName>כבד אווז ארוז</ItemName>
      <ManufactureName>בלדי בעמ</ManufactureName>
      <ManufactureCountry />
      <ManufactureItemDescription />
      <UnitQty>ק"ג</UnitQty>
      <Quantity>1000</Quantity>
      <UnitMeasure>גרם</UnitMeasure>
      <BisWeighted>1</BisWeighted>
      <QtyInPackage>1</QtyInPackage>
      <ItemPrice>249</ItemPrice>
      <UnitOfMeasurePrice>24.90</UnitOfMeasurePrice>
      <AllowDiscount>0</AllowDiscount>
      <itemStatus>1</itemStatus>
      <LastUpdateDate />
      <LastUpdateTime />
    </Product>
    <Product>
      <PriceUpdateDate>2019/04/03 08:31</PriceUpdateDate>
      <ItemCode>3703418</ItemCode>
      <ItemType>0</ItemType>
      <ItemName>גביניות בונז`ור</ItemName>
      <ManufactureName>קבוצת אסם סחר שות. מוגבלת</ManufactureName>
      <ManufactureCountry />
      <ManufactureItemDescription />
      <UnitQty>ק"ג</UnitQty>
      <Quantity>1000</Quantity>
      <UnitMeasure>גרם</UnitMeasure>
      <BisWeighted>1</BisWeighted>
      <QtyInPackage>1</QtyInPackage>
      <ItemPrice>33</ItemPrice>
      <UnitOfMeasurePrice>3.30</UnitOfMeasurePrice>
      <AllowDiscount>0</AllowDiscount>
      <itemStatus>1</itemStatus>
      <LastUpdateDate />
      <LastUpdateTime />
    </Product>
    <Product>
      <PriceUpdateDate>2017/10/26 08:53</PriceUpdateDate>
      <ItemCode>4014407</ItemCode>
      <ItemType>0</ItemType>
      <ItemName>אמ אנד אם עדשי חמאת בוטנים 46 גרם</ItemName>
      <ManufactureName>מרס ריגלי ישראל בעמ</ManufactureName>
      <ManufactureCountry />
      <ManufactureItemDescription />
      <UnitQty>יח`</UnitQty>
      <Quantity>1</Quantity>
      <UnitMeasure />
      <BisWeighted>0</BisWeighted>
      <QtyInPackage>1</QtyInPackage>
      <ItemPrice>4.90</ItemPrice>
      <UnitOfMeasurePrice>4.90</UnitOfMeasurePrice>
      <AllowDiscount>1</AllowDiscount>
      <itemStatus>1</itemStatus>
      <LastUpdateDate />
      <LastUpdateTime />
    </Product>
    <Product>
      <PriceUpdateDate>2020/05/03 10:29</PriceUpdateDate>
      <ItemCode>4068424</ItemCode>
      <ItemType>0</ItemType>
      <ItemName>גאודה בקר משולש מעדנייה גד</ItemName>
      <ManufactureName>מחלבות גד שיווק 1992 בעמ</ManufactureName>
      <ManufactureCountry />
      <ManufactureItemDescription />
      <UnitQty>ק"ג</UnitQty>
      <Quantity>1000</Quantity>
      <UnitMeasure>גרם</UnitMeasure>
      <BisWeighted>1</BisWeighted>
      <QtyInPackage>1</QtyInPackage>
      <ItemPrice>108</ItemPrice>
      <UnitOfMeasurePrice>10.80</UnitOfMeasurePrice>
      <AllowDiscount>0</AllowDiscount>
      <itemStatus>1</itemStatus>
      <LastUpdateDate />
      <LastUpdateTime />
    </Product>
    <Product>
      <PriceUpdateDate>2020/05/03 10:29</PriceUpdateDate>
      <ItemCode>4068585</ItemCode>
      <ItemType>0</ItemType>
      <ItemName>גאודה עיזים משולש מעדנייה גד</ItemName>
      <ManufactureName>מחלבות גד שיווק 1992 בעמ</ManufactureName>
      <ManufactureCountry />
      <ManufactureItemDescription />
      <UnitQty>ק"ג</UnitQty>
      <Quantity>1000</Quantity>
      <UnitMeasure>גרם</UnitMeasure>
      <BisWeighted>1</BisWeighted>
      <QtyInPackage>1</QtyInPackage>
      <ItemPrice>132</ItemPrice>
      <UnitOfMeasurePrice>13.20</UnitOfMeasurePrice>
      <AllowDiscount>0</AllowDiscount>
      <itemStatus>1</itemStatus>
      <LastUpdateDate />
      <LastUpdateTime />
    </Product>
    <Product>
      <PriceUpdateDate>2020/01/29 09:05</PriceUpdateDate>
      <ItemCode>4068950</ItemCode>
      <ItemType>0</ItemType>
      <ItemName>מורצלה לפיצה-מעדנייה </ItemName>
      <ManufactureName>מחלבות גד שיווק 1992 בעמ</ManufactureName>
      <ManufactureCountry />
      <ManufactureItemDescription />
      <UnitQty>ק"ג</UnitQty>
      <Quantity>1000</Quantity>
      <UnitMeasure>גרם</UnitMeasure>
      <BisWeighted>1</BisWeighted>
      <QtyInPackage>1</QtyInPackage>
      <ItemPrice>99</ItemPrice>
      <UnitOfMeasurePrice>9.90</UnitOfMeasurePrice>
      <AllowDiscount>0</AllowDiscount>
      <itemStatus>1</itemStatus>
      <LastUpdateDate />
      <LastUpdateTime />
    </Product>
    <Product>
      <PriceUpdateDate>2019/03/03 08:22</PriceUpdateDate>
      <ItemCode>4129569</ItemCode>
      <ItemType>0</ItemType>
      <ItemName>שמנות 25% תנובה</ItemName>
      <ManufactureName>תנובה - חלב</ManufactureName>
      <ManufactureCountry />
      <ManufactureItemDescription />
      <UnitQty>ק"ג</UnitQty>
      <Quantity>1000</Quantity>
      <UnitMeasure>גרם</UnitMeasure>
      <BisWeighted>1</BisWeighted>
      <QtyInPackage>1</QtyInPackage>
      <ItemPrice>41</ItemPrice>
      <UnitOfMeasurePrice>4.10</UnitOfMeasurePrice>
      <AllowDiscount>0</AllowDiscount>
      <itemStatus>1</itemStatus>
      <LastUpdateDate />
      <LastUpdateTime />
    </Product>
    <Product>
      <PriceUpdateDate>2019/06/11 08:19</PriceUpdateDate>
      <ItemCode>4135324</ItemCode>
      <ItemType>0</ItemType>
      <ItemName>פיראוס בולגרית 5% מעודנת</ItemName>
      <ManufactureName>תנובה - חלב</ManufactureName>
      <ManufactureCountry />
      <ManufactureItemDescription />
      <UnitQty>ק"ג</UnitQty>
      <Quantity>1000</Quantity>
      <UnitMeasure>גרם</UnitMeasure>
      <BisWeighted>1</BisWeighted>
      <QtyInPackage>1</QtyInPackage>
      <ItemPrice>43</ItemPrice>
      <UnitOfMeasurePrice>4.30</UnitOfMeasurePrice>
      <AllowDiscount>0</AllowDiscount>
      <itemStatus>1</itemStatus>
      <LastUpdateDate />
      <LastUpdateTime />
    </Product>
    <Product>
      <PriceUpdateDate>2020/05/03 16:57</PriceUpdateDate>
      <ItemCode>4136291</ItemCode>
      <ItemType>0</ItemType>
      <ItemName>צפתית/מעודנת 5%</ItemName>
      <ManufactureName>תנובה - חלב</ManufactureName>
      <ManufactureCountry />
      <ManufactureItemDescription />
      <UnitQty>ק"ג</UnitQty>
      <Quantity>1000</Quantity>
      <UnitMeasure>גרם</UnitMeasure>
      <BisWeighted>1</BisWeighted>
      <QtyInPackage>1</QtyInPackage>
      <ItemPrice>45</ItemPrice>
      <UnitOfMeasurePrice>4.50</UnitOfMeasurePrice>
      <AllowDiscount>0</AllowDiscount>
      <itemStatus>1</itemStatus>
      <LastUpdateDate />
      <LastUpdateTime />
    </Product>
    <Product>
      <PriceUpdateDate>2018/08/08 15:47</PriceUpdateDate>
      <ItemCode>4136833</ItemCode>
      <ItemType>0</ItemType>
      <ItemName>בולגרית %16למעדניה</ItemName>
      <ManufactureName>תנובה - חלב</ManufactureName>
      <ManufactureCountry />
      <ManufactureItemDescription />
      <UnitQty>ק"ג</UnitQty>
      <Quantity>1000</Quantity>
      <UnitMeasure>גרם</UnitMeasure>
      <BisWeighted>1</BisWeighted>
      <QtyInPackage>1</QtyInPackage>
      <ItemPrice>58</ItemPrice>
      <UnitOfMeasurePrice>5.80</UnitOfMeasurePrice>
      <AllowDiscount>0</AllowDiscount>
      <itemStatus>1</itemStatus>
      <LastUpdateDate />
      <LastUpdateTime />
    </Product>
    <Product>
      <PriceUpdateDate>2020/02/23 16:38</PriceUpdateDate>
      <ItemCode>4193324</ItemCode>
      <ItemType>0</ItemType>
      <ItemName>כתף כבש קפוא חלק</ItemName>
      <ManufactureName>אדום גרופ למזון שיווק והפצה בע</ManufactureName>
      <ManufactureCountry />
      <ManufactureItemDescription />
      <UnitQty>ק"ג</UnitQty>
      <Quantity>1</Quantity>
      <UnitMeasure />
      <BisWeighted>1</BisWeighted>
      <QtyInPackage>1</QtyInPackage>
      <ItemPrice>59.90</ItemPrice>
      <UnitOfMeasurePrice>59.90</UnitOfMeasurePrice>
      <AllowDiscount>1</AllowDiscount>
      <itemStatus>1</itemStatus>
      <LastUpdateDate />
      <LastUpdateTime />
    </Product>
    <Product>
      <PriceUpdateDate>2019/08/01 11:12</PriceUpdateDate>
      <ItemCode>4194208</ItemCode>
      <ItemType>0</ItemType>
      <ItemName>מחפוד-כרעיים קפוא</ItemName>
      <ManufactureName>עוף ירושלים שיווק בעמ</ManufactureName>
      <ManufactureCountry />
      <ManufactureItemDescription />
      <UnitQty>ק"ג</UnitQty>
      <Quantity>1</Quantity>
      <UnitMeasure>ק"ג</UnitMeasure>
      <BisWeighted>1</BisWeighted>
      <QtyInPackage>1</QtyInPackage>
      <ItemPrice>33.90</ItemPrice>
      <UnitOfMeasurePrice>33.90</UnitOfMeasurePrice>
      <AllowDiscount>1</AllowDiscount>
      <itemStatus>1</itemStatus>
      <LastUpdateDate />
      <LastUpdateTime />
    </Product>
    <Product>
      <PriceUpdateDate>2019/09/01 10:33</PriceUpdateDate>
      <ItemCode>4194345</ItemCode>
      <ItemType>0</ItemType>
      <ItemName>שניצל עוף פרוס ארוז קפוא מחפוד</ItemName>
      <ManufactureName>עוף ירושלים שיווק בעמ</ManufactureName>
      <ManufactureCountry />
      <ManufactureItemDescription />
      <UnitQty>ק"ג</UnitQty>
      <Quantity>1000</Quantity>
      <UnitMeasure>גרם</UnitMeasure>
      <BisWeighted>1</BisWeighted>
      <QtyInPackage>1</QtyInPackage>
      <ItemPrice>34.90</ItemPrice>
      <UnitOfMeasurePrice>3.49</UnitOfMeasurePrice>
      <AllowDiscount>0</AllowDiscount>
      <itemStatus>1</itemStatus>
      <LastUpdateDate />
      <LastUpdateTime />
    </Product>
    <Product>
      <PriceUpdateDate>2020/03/22 14:54</PriceUpdateDate>
      <ItemCode>4194536</ItemCode>
      <ItemType>0</ItemType>
      <ItemName>מחפוד חזה עוף טרי ארוז</ItemName>
      <ManufactureName>קורניש חן (1987) בעמ</ManufactureName>
      <ManufactureCountry />
      <ManufactureItemDescription />
      <UnitQty>ק"ג</UnitQty>
      <Quantity>1</Quantity>
      <UnitMeasure />
      <BisWeighted>1</BisWeighted>
      <QtyInPackage>1</QtyInPackage>
      <ItemPrice>33.90</ItemPrice>
      <UnitOfMeasurePrice>33.90</UnitOfMeasurePrice>
      <AllowDiscount>1</AllowDiscount>
      <itemStatus>1</itemStatus>
      <LastUpdateDate />
      <LastUpdateTime />
    </Product>
    <Product>
      <PriceUpdateDate>2020/03/22 14:54</PriceUpdateDate>
      <ItemCode>4194543</ItemCode>
      <ItemType>0</ItemType>
      <ItemName>מחפוד כרעיים עוף טרי ארוז</ItemName>
      <ManufactureName>קורניש חן (1987) בעמ</ManufactureName>
      <ManufactureCountry />
      <ManufactureItemDescription />
      <UnitQty>ק"ג</UnitQty>
      <Quantity>1</Quantity>
      <UnitMeasure />
      <BisWeighted>1</BisWeighted>
      <QtyInPackage>1</QtyInPackage>
      <ItemPrice>33.90</ItemPrice>
      <UnitOfMeasurePrice>33.90</UnitOfMeasurePrice>
      <AllowDiscount>1</AllowDiscount>
      <itemStatus>1</itemStatus>
      <LastUpdateDate />
      <LastUpdateTime />
    </Product>
    <Product>
      <PriceUpdateDate>2018/06/03 09:10</PriceUpdateDate>
      <ItemCode>4194550</ItemCode>
      <ItemType>0</ItemType>
      <ItemName>מחפוד כנפיים עוף טרי ארוז</ItemName>
      <ManufactureName>קורניש חן (1987) בעמ</ManufactureName>
      <ManufactureCountry />
      <ManufactureItemDescription />
      <UnitQty>ק"ג</UnitQty>
      <Quantity>1</Quantity>
      <UnitMeasure />
      <BisWeighted>1</BisWeighted>
      <QtyInPackage>1</QtyInPackage>
      <ItemPrice>15.90</ItemPrice>
      <UnitOfMeasurePrice>15.90</UnitOfMeasurePrice>
      <AllowDiscount>0</AllowDiscount>
      <itemStatus>1</itemStatus>
      <LastUpdateDate />
      <LastUpdateTime />
    </Product>
    <Product>
      <PriceUpdateDate>2018/12/20 11:21</PriceUpdateDate>
      <ItemCode>4194598</ItemCode>
      <ItemType>0</ItemType>
      <ItemName>מחפוד כבד עוף טרי ארוז</ItemName>
      <ManufactureName>קורניש חן (1987) בעמ</ManufactureName>
      <ManufactureCountry />
      <ManufactureItemDescription />
      <UnitQty>ק"ג</UnitQty>
      <Quantity>1</Quantity>
      <UnitMeasure />
      <BisWeighted>1</BisWeighted>
      <QtyInPackage>1</QtyInPackage>
      <ItemPrice>34.90</ItemPrice>
      <UnitOfMeasurePrice>34.90</UnitOfMeasurePrice>
      <AllowDiscount>0</AllowDiscount>
      <itemStatus>1</itemStatus>
      <LastUpdateDate />
      <LastUpdateTime />
    </Product>
    <Product>
      <PriceUpdateDate>2019/08/01 13:14</PriceUpdateDate>
      <ItemCode>4227968</ItemCode>
      <ItemType>0</ItemType>
      <ItemName>רבע כבש טרי מחולק צרפת חלק יבוא</ItemName>
      <ManufactureName>נטו בשרים</ManufactureName>
      <ManufactureCountry />
      <ManufactureItemDescription />
      <UnitQty>ק"ג</UnitQty>
      <Quantity>1</Quantity>
      <UnitMeasure />
      <BisWeighted>1</BisWeighted>
      <QtyInPackage>1</QtyInPackage>
      <ItemPrice>99</ItemPrice>
      <UnitOfMeasurePrice>99</UnitOfMeasurePrice>
      <AllowDiscount>1</AllowDiscount>
      <itemStatus>1</itemStatus>
      <LastUpdateDate />
      <LastUpdateTime />
    </Product>
    <Product>
      <PriceUpdateDate>2020/05/03 10:29</PriceUpdateDate>
      <ItemCode>4229740</ItemCode>
      <ItemType>0</ItemType>
      <ItemName>סגנון פטה</ItemName>
      <ManufactureName>נטו מלינדה סחר בעמ</ManufactureName>
      <ManufactureCountry />
      <ManufactureItemDescription />
      <UnitQty>ק"ג</UnitQty>
      <Quantity>1000</Quantity>
      <UnitMeasure>גרם</UnitMeasure>
      <BisWeighted>1</BisWeighted>
      <QtyInPackage>1</QtyInPackage>
      <ItemPrice>30</ItemPrice>
      <UnitOfMeasurePrice>3</UnitOfMeasurePrice>
      <AllowDiscount>0</AllowDiscount>
      <itemStatus>1</itemStatus>
      <LastUpdateDate />
      <LastUpdateTime />
    </Product>
    <Product>
      <PriceUpdateDate>2019/08/01 13:14</PriceUpdateDate>
      <ItemCode>4256685</ItemCode>
      <ItemType>0</ItemType>
      <ItemName>סטייק עין טרי יבוא מוכשר ארגנטיני</ItemName>
      <ManufactureName>נטו בשרים</ManufactureName>
      <ManufactureCountry />
      <ManufactureItemDescription />
      <UnitQty>ק"ג</UnitQty>
      <Quantity>1</Quantity>
      <UnitMeasure />
      <BisWeighted>1</BisWeighted>
      <QtyInPackage>1</QtyInPackage>
      <ItemPrice>139.90</ItemPrice>
      <UnitOfMeasurePrice>139.90</UnitOfMeasurePrice>
      <AllowDiscount>1</AllowDiscount>
      <itemStatus>1</itemStatus>
      <LastUpdateDate />
      <LastUpdateTime />
    </Product>
    <Product>
      <PriceUpdateDate>2020/04/17 09:51</PriceUpdateDate>
      <ItemCode>4456122</ItemCode>
      <ItemType>0</ItemType>
      <ItemName>צלעות כבש(קארה  ) קפוא טלה</ItemName>
      <ManufactureName>בלדי בעמ</ManufactureName>
      <ManufactureCountry />
      <ManufactureItemDescription />
      <UnitQty>ק"ג</UnitQty>
      <Quantity>100</Quantity>
      <UnitMeasure>גרם</UnitMeasure>
      <BisWeighted>1</BisWeighted>
      <QtyInPackage>1</QtyInPackage>
      <ItemPrice>118</ItemPrice>
      <UnitOfMeasurePrice>118</UnitOfMeasurePrice>
      <AllowDiscount>0</AllowDiscount>
      <itemStatus>1</itemStatus>
      <LastUpdateDate />
      <LastUpdateTime />
    </Product>
    <Product>
      <PriceUpdateDate>2018/05/29 08:56</PriceUpdateDate>
      <ItemCode>4649159</ItemCode>
      <ItemType>0</ItemType>
      <ItemName>בשר  מס`5 צלי כתף</ItemName>
      <ManufactureName>לוי שמואל ובניו בעמ</ManufactureName>
      <ManufactureCountry />
      <ManufactureItemDescription />
      <UnitQty>ק"ג</UnitQty>
      <Quantity>1000</Quantity>
      <UnitMeasure>גרם</UnitMeasure>
      <BisWeighted>1</BisWeighted>
      <QtyInPackage>1</QtyInPackage>
      <ItemPrice>49.90</ItemPrice>
      <UnitOfMeasurePrice>4.99</UnitOfMeasurePrice>
      <AllowDiscount>0</AllowDiscount>
      <itemStatus>1</itemStatus>
      <LastUpdateDate />
      <LastUpdateTime />
    </Product>
    <Product>
      <PriceUpdateDate>2019/09/04 18:51</PriceUpdateDate>
      <ItemCode>4859831</ItemCode>
      <ItemType>0</ItemType>
      <ItemName>חזה עוף קפוא</ItemName>
      <ManufactureName>קורניש חן (1987) בעמ</ManufactureName>
      <ManufactureCountry />
      <ManufactureItemDescription />
      <UnitQty>ק"ג</UnitQty>
      <Quantity>1000</Quantity>
      <UnitMeasure>גרם</UnitMeasure>
      <BisWeighted>1</BisWeighted>
      <QtyInPackage>1</QtyInPackage>
      <ItemPrice>32.90</ItemPrice>
      <UnitOfMeasurePrice>3.29</UnitOfMeasurePrice>
      <AllowDiscount>0</AllowDiscount>
      <itemStatus>1</itemStatus>
      <LastUpdateDate />
      <LastUpdateTime />
    </Product>
    <Product>
      <PriceUpdateDate>2020/03/17 11:32</PriceUpdateDate>
      <ItemCode>4859954</ItemCode>
      <ItemType>0</ItemType>
      <ItemName>כנפיים עוף קפוא מוביל</ItemName>
      <ManufactureName>קורניש חן (1987) בעמ</ManufactureName>
      <ManufactureCountry />
      <ManufactureItemDescription />
      <UnitQty>ק"ג</UnitQty>
      <Quantity>1000</Quantity>
      <UnitMeasure>גרם</UnitMeasure>
      <BisWeighted>1</BisWeighted>
      <QtyInPackage>1</QtyInPackage>
      <ItemPrice>9.90</ItemPrice>
      <UnitOfMeasurePrice>0.99</UnitOfMeasurePrice>
      <AllowDiscount>0</AllowDiscount>
      <itemStatus>1</itemStatus>
      <LastUpdateDate />
      <LastUpdateTime />
    </Product>
    <Product>
      <PriceUpdateDate>2020/05/03 10:29</PriceUpdateDate>
      <ItemCode>7290004982355</ItemCode>
      <ItemType>1</ItemType>
      <ItemName>צ`דר  טריפל- מעדנייה</ItemName>
      <ManufactureName>נטו מלינדה סחר בעמ</ManufactureName>
      <ManufactureCountry />
      <ManufactureItemDescription />
      <UnitQty>ק"ג</UnitQty>
      <Quantity>1000</Quantity>
      <UnitMeasure>גרם</UnitMeasure>
      <BisWeighted>1</BisWeighted>
      <QtyInPackage>1</QtyInPackage>
      <ItemPrice>119</ItemPrice>
      <UnitOfMeasurePrice>11.90</UnitOfMeasurePrice>
      <AllowDiscount>0</AllowDiscount>
      <itemStatus>1</itemStatus>
      <LastUpdateDate />
      <LastUpdateTime />
    </Product>
    <Product>
      <PriceUpdateDate>2020/05/03 16:57</PriceUpdateDate>
      <ItemCode>5079221</ItemCode>
      <ItemType>0</ItemType>
      <ItemName>צוריאל בולגרית מעודנת%5 מעדנייה</ItemName>
      <ManufactureName>החב` המרכזית - טרה</ManufactureName>
      <ManufactureCountry />
      <ManufactureItemDescription />
      <UnitQty>ק"ג</UnitQty>
      <Quantity>0</Quantity>
      <UnitMeasure>גרם</UnitMeasure>
      <BisWeighted>1</BisWeighted>
      <QtyInPackage>1</QtyInPackage>
      <ItemPrice>35</ItemPrice>
      <UnitOfMeasurePrice>35</UnitOfMeasurePrice>
      <AllowDiscount>0</AllowDiscount>
      <itemStatus>1</itemStatus>
      <LastUpdateDate />
      <LastUpdateTime />
    </Product>
    <Product>
      <PriceUpdateDate>2018/10/07 20:11</PriceUpdateDate>
      <ItemCode>7290005079290</ItemCode>
      <ItemType>1</ItemType>
      <ItemName>גבנצ 15% נעם חריץ מעדנייה</ItemName>
      <ManufactureName>החב` המרכזית - טרה</ManufactureName>
      <ManufactureCountry />
      <ManufactureItemDescription />
      <UnitQty>ק"ג</UnitQty>
      <Quantity>1000</Quantity>
      <UnitMeasure>גרם</UnitMeasure>
      <BisWeighted>1</BisWeighted>
      <QtyInPackage>1</QtyInPackage>
      <ItemPrice>65</ItemPrice>
      <UnitOfMeasurePrice>6.50</UnitOfMeasurePrice>
      <AllowDiscount>0</AllowDiscount>
      <itemStatus>1</itemStatus>
      <LastUpdateDate />
      <LastUpdateTime />
    </Product>
    <Product>
      <PriceUpdateDate>2020/03/08 07:46</PriceUpdateDate>
      <ItemCode>5230059</ItemCode>
      <ItemType>0</ItemType>
      <ItemName>`צלחת מרק לבנה 25 יח פאלאס</ItemName>
      <ManufactureName>פאלאס תעשיות נטו (2014) בעמ</ManufactureName>
      <ManufactureCountry />
      <ManufactureItemDescription />
      <UnitQty>יח`</UnitQty>
      <Quantity>1</Quantity>
      <UnitMeasure />
      <BisWeighted>0</BisWeighted>
      <QtyInPackage>1</QtyInPackage>
      <ItemPrice>4.90</ItemPrice>
      <UnitOfMeasurePrice>4.90</UnitOfMeasurePrice>
      <AllowDiscount>1</AllowDiscount>
      <itemStatus>1</itemStatus>
      <LastUpdateDate />
      <LastUpdateTime />
    </Product>
    <Product>
      <PriceUpdateDate>2019/03/08 12:14</PriceUpdateDate>
      <ItemCode>5358005</ItemCode>
      <ItemType>0</ItemType>
      <ItemName>נסיכת הנילוס שלם.</ItemName>
      <ManufactureName>בשר לכל חיים פסקוביץ ובניו בעמ</ManufactureName>
      <ManufactureCountry />
      <ManufactureItemDescription />
      <UnitQty>ק"ג</UnitQty>
      <Quantity>1000</Quantity>
      <UnitMeasure>גרם</UnitMeasure>
      <BisWeighted>1</BisWeighted>
      <QtyInPackage>1</QtyInPackage>
      <ItemPrice>24.90</ItemPrice>
      <UnitOfMeasurePrice>2.49</UnitOfMeasurePrice>
      <AllowDiscount>0</AllowDiscount>
      <itemStatus>1</itemStatus>
      <LastUpdateDate />
      <LastUpdateTime />
    </Product>
    <Product>
      <PriceUpdateDate>2020/05/03 10:11</PriceUpdateDate>
      <ItemCode>5384356</ItemCode>
      <ItemType>0</ItemType>
      <ItemName>גבינה קשה למחצה אמנטל 28% שומן</ItemName>
      <ManufactureName>ג.וילי-פוד אינטרנשיונל בעמ</ManufactureName>
      <ManufactureCountry />
      <ManufactureItemDescription />
      <UnitQty>ק"ג</UnitQty>
      <Quantity>1000</Quantity>
      <UnitMeasure>גרם</UnitMeasure>
      <BisWeighted>1</BisWeighted>
      <QtyInPackage>1</QtyInPackage>
      <ItemPrice>69</ItemPrice>
      <UnitOfMeasurePrice>6.90</UnitOfMeasurePrice>
      <AllowDiscount>0</AllowDiscount>
      <itemStatus>1</itemStatus>
      <LastUpdateDate />
      <LastUpdateTime />
    </Product>
    <Product>
      <PriceUpdateDate>2020/03/01 08:20</PriceUpdateDate>
      <ItemCode>5384899</ItemCode>
      <ItemType>0</ItemType>
      <ItemName>גבינת פטינה מעדניה</ItemName>
      <ManufactureName>ג.וילי-פוד אינטרנשיונל בעמ</ManufactureName>
      <ManufactureCountry />
      <ManufactureItemDescription />
      <UnitQty>ק"ג</UnitQty>
      <Quantity>1000</Quantity>
      <UnitMeasure>גרם</UnitMeasure>
      <BisWeighted>1</BisWeighted>
      <QtyInPackage>1</QtyInPackage>
      <ItemPrice>30</ItemPrice>
      <UnitOfMeasurePrice>3</UnitOfMeasurePrice>
      <AllowDiscount>0</AllowDiscount>
      <itemStatus>1</itemStatus>
      <LastUpdateDate />
      <LastUpdateTime />
    </Product>
    <Product>
      <PriceUpdateDate>2020/02/04 12:48</PriceUpdateDate>
      <ItemCode>5387227</ItemCode>
      <ItemType>0</ItemType>
      <ItemName>בשר מס 8 שריר חלק מו</ItemName>
      <ManufactureName>לוי שמואל ובניו בעמ</ManufactureName>
      <ManufactureCountry />
      <ManufactureItemDescription />
      <UnitQty>ק"ג</UnitQty>
      <Quantity>1</Quantity>
      <UnitMeasure />
      <BisWeighted>1</BisWeighted>
      <QtyInPackage>1</QtyInPackage>
      <ItemPrice>29.90</ItemPrice>
      <UnitOfMeasurePrice>29.90</UnitOfMeasurePrice>
      <AllowDiscount>0</AllowDiscount>
      <itemStatus>1</itemStatus>
      <LastUpdateDate />
      <LastUpdateTime />
    </Product>
    <Product>
      <PriceUpdateDate>2016/02/01 09:07</PriceUpdateDate>
      <ItemCode>5576058</ItemCode>
      <ItemType>0</ItemType>
      <ItemName>נענע גלאט</ItemName>
      <ManufactureName>רביבים עלי דשא בעמ</ManufactureName>
      <ManufactureCountry />
      <ManufactureItemDescription />
      <UnitQty>יח`</UnitQty>
      <Quantity>1</Quantity>
      <UnitMeasure />
      <BisWeighted>0</BisWeighted>
      <QtyInPackage>1</QtyInPackage>
      <ItemPrice>5.90</ItemPrice>
      <UnitOfMeasurePrice>5.90</UnitOfMeasurePrice>
      <AllowDiscount>0</AllowDiscount>
      <itemStatus>1</itemStatus>
      <LastUpdateDate />
      <LastUpdateTime />
    </Product>
    <Product>
      <PriceUpdateDate>2018/04/29 09:13</PriceUpdateDate>
      <ItemCode>5992858</ItemCode>
      <ItemType>0</ItemType>
      <ItemName>פטה עיזים 5%-20% גד מעדניה</ItemName>
      <ManufactureName>מחלבות גד שיווק 1992 בעמ</ManufactureName>
      <ManufactureCountry />
      <ManufactureItemDescription />
      <UnitQty>ק"ג</UnitQty>
      <Quantity>1000</Quantity>
      <UnitMeasure>גרם</UnitMeasure>
      <BisWeighted>1</BisWeighted>
      <QtyInPackage>1</QtyInPackage>
      <ItemPrice>110</ItemPrice>
      <UnitOfMeasurePrice>11</UnitOfMeasurePrice>
      <AllowDiscount>0</AllowDiscount>
      <itemStatus>1</itemStatus>
      <LastUpdateDate />
      <LastUpdateTime />
    </Product>
    <Product>
      <PriceUpdateDate>2016/05/01 09:16</PriceUpdateDate>
      <ItemCode>5992964</ItemCode>
      <ItemType>0</ItemType>
      <ItemName>פטה כבשים מעדניה-גד מהדרין</ItemName>
      <ManufactureName>מחלבות גד שיווק 1992 בעמ</ManufactureName>
      <ManufactureCountry />
      <ManufactureItemDescription />
      <UnitQty>ק"ג</UnitQty>
      <Quantity>1000</Quantity>
      <UnitMeasure>גרם</UnitMeasure>
      <BisWeighted>1</BisWeighted>
      <QtyInPackage>1</QtyInPackage>
      <ItemPrice>100</ItemPrice>
      <UnitOfMeasurePrice>10</UnitOfMeasurePrice>
      <AllowDiscount>0</AllowDiscount>
      <itemStatus>1</itemStatus>
      <LastUpdateDate />
      <LastUpdateTime />
    </Product>
    <Product>
      <PriceUpdateDate>2019/03/03 08:22</PriceUpdateDate>
      <ItemCode>6030207</ItemCode>
      <ItemType>0</ItemType>
      <ItemName>גבינת שמנת יבנה</ItemName>
      <ManufactureName>צ.י תעשיות מזון יבנה בעמ</ManufactureName>
      <ManufactureCountry />
      <ManufactureItemDescription />
      <UnitQty>ק"ג</UnitQty>
      <Quantity>1000</Quantity>
      <UnitMeasure>גרם</UnitMeasure>
      <BisWeighted>1</BisWeighted>
      <QtyInPackage>1</QtyInPackage>
      <ItemPrice>23</ItemPrice>
      <UnitOfMeasurePrice>2.30</UnitOfMeasurePrice>
      <AllowDiscount>0</AllowDiscount>
      <itemStatus>1</itemStatus>
      <LastUpdateDate />
      <LastUpdateTime />
    </Product>
    <Product>
      <PriceUpdateDate>2014/01/08 06:46</PriceUpdateDate>
      <ItemCode>6040619</ItemCode>
      <ItemType>0</ItemType>
      <ItemName>גבינת טבורוג 5% יבנה</ItemName>
      <ManufactureName>צ.י תעשיות מזון יבנה בעמ</ManufactureName>
      <ManufactureCountry />
      <ManufactureItemDescription />
      <UnitQty>ק"ג</UnitQty>
      <Quantity>1000</Quantity>
      <UnitMeasure>גרם</UnitMeasure>
      <BisWeighted>1</BisWeighted>
      <QtyInPackage>1</QtyInPackage>
      <ItemPrice>22</ItemPrice>
      <UnitOfMeasurePrice>2.20</UnitOfMeasurePrice>
      <AllowDiscount>0</AllowDiscount>
      <itemStatus>1</itemStatus>
      <LastUpdateDate />
      <LastUpdateTime />
    </Product>
    <Product>
      <PriceUpdateDate>2014/01/08 06:46</PriceUpdateDate>
      <ItemCode>6041043</ItemCode>
      <ItemType>0</ItemType>
      <ItemName>גבינת צימוקים יבנה</ItemName>
      <ManufactureName>צ.י תעשיות מזון יבנה בעמ</ManufactureName>
      <ManufactureCountry />
      <ManufactureItemDescription />
      <UnitQty>ק"ג</UnitQty>
      <Quantity>1000</Quantity>
      <UnitMeasure>גרם</UnitMeasure>
      <BisWeighted>1</BisWeighted>
      <QtyInPackage>1</QtyInPackage>
      <ItemPrice>23</ItemPrice>
      <UnitOfMeasurePrice>2.30</UnitOfMeasurePrice>
      <AllowDiscount>0</AllowDiscount>
      <itemStatus>1</itemStatus>
      <LastUpdateDate />
      <LastUpdateTime />
    </Product>
    <Product>
      <PriceUpdateDate>2019/08/01 13:24</PriceUpdateDate>
      <ItemCode>6131058</ItemCode>
      <ItemType>0</ItemType>
      <ItemName>פילה טונה בהירה ALBACARES אלבקור</ItemName>
      <ManufactureName>גול סחר בעמ</ManufactureName>
      <ManufactureCountry />
      <ManufactureItemDescription />
      <UnitQty>ק"ג</UnitQty>
      <Quantity>1</Quantity>
      <UnitMeasure />
      <BisWeighted>1</BisWeighted>
      <QtyInPackage>1</QtyInPackage>
      <ItemPrice>49.90</ItemPrice>
      <UnitOfMeasurePrice>49.90</UnitOfMeasurePrice>
      <AllowDiscount>0</AllowDiscount>
      <itemStatus>1</itemStatus>
      <LastUpdateDate />
      <LastUpdateTime />
    </Product>
    <Product>
      <PriceUpdateDate>2018/07/03 08:32</PriceUpdateDate>
      <ItemCode>6131188</ItemCode>
      <ItemType>0</ItemType>
      <ItemName>פילה סלמון</ItemName>
      <ManufactureName>נ.ת.נ.ג.ב החזקות יעוץ וניהול ב</ManufactureName>
      <ManufactureCountry />
      <ManufactureItemDescription />
      <UnitQty>ק"ג</UnitQty>
      <Quantity>1000</Quantity>
      <UnitMeasure>גרם</UnitMeasure>
      <BisWeighted>1</BisWeighted>
      <QtyInPackage>1</QtyInPackage>
      <ItemPrice>69.90</ItemPrice>
      <UnitOfMeasurePrice>6.99</UnitOfMeasurePrice>
      <AllowDiscount>0</AllowDiscount>
      <itemStatus>1</itemStatus>
      <LastUpdateDate />
      <LastUpdateTime />
    </Product>
    <Product>
      <PriceUpdateDate>2016/07/13 08:37</PriceUpdateDate>
      <ItemCode>6131287</ItemCode>
      <ItemType>0</ItemType>
      <ItemName>פילה מרלוזה ארגנטנאי מוביל בלי עו</ItemName>
      <ManufactureName>גול סחר בעמ</ManufactureName>
      <ManufactureCountry />
      <ManufactureItemDescription />
      <UnitQty>ק"ג</UnitQty>
      <Quantity>1000</Quantity>
      <UnitMeasure>גרם</UnitMeasure>
      <BisWeighted>1</BisWeighted>
      <QtyInPackage>1</QtyInPackage>
      <ItemPrice>29.90</ItemPrice>
      <UnitOfMeasurePrice>2.99</UnitOfMeasurePrice>
      <AllowDiscount>0</AllowDiscount>
      <itemStatus>1</itemStatus>
      <LastUpdateDate />
      <LastUpdateTime />
    </Product>
    <Product>
      <PriceUpdateDate>2016/09/07 08:26</PriceUpdateDate>
      <ItemCode>6131706</ItemCode>
      <ItemType>0</ItemType>
      <ItemName>פילה אמנון (מושט) קפוא</ItemName>
      <ManufactureName>נטו בשרים</ManufactureName>
      <ManufactureCountry />
      <ManufactureItemDescription />
      <UnitQty>ק"ג</UnitQty>
      <Quantity>1000</Quantity>
      <UnitMeasure>גרם</UnitMeasure>
      <BisWeighted>1</BisWeighted>
      <QtyInPackage>1</QtyInPackage>
      <ItemPrice>29.90</ItemPrice>
      <UnitOfMeasurePrice>2.99</UnitOfMeasurePrice>
      <AllowDiscount>1</AllowDiscount>
      <itemStatus>1</itemStatus>
      <LastUpdateDate />
      <LastUpdateTime />
    </Product>
    <Product>
      <PriceUpdateDate>2019/07/23 13:50</PriceUpdateDate>
      <ItemCode>6131829</ItemCode>
      <ItemType>0</ItemType>
      <ItemName>פילה סלמון מנות מ</ItemName>
      <ManufactureName>נ.ת.נ.ג.ב החזקות יעוץ וניהול ב</ManufactureName>
      <ManufactureCountry />
      <ManufactureItemDescription />
      <UnitQty>ק"ג</UnitQty>
      <Quantity>1000</Quantity>
      <UnitMeasure>גרם</UnitMeasure>
      <BisWeighted>1</BisWeighted>
      <QtyInPackage>1</QtyInPackage>
      <ItemPrice>74.90</ItemPrice>
      <UnitOfMeasurePrice>7.49</UnitOfMeasurePrice>
      <AllowDiscount>0</AllowDiscount>
      <itemStatus>1</itemStatus>
      <LastUpdateDate />
      <LastUpdateTime />
    </Product>
    <Product>
      <PriceUpdateDate>2020/03/30 10:32</PriceUpdateDate>
      <ItemCode>6153005</ItemCode>
      <ItemType>0</ItemType>
      <ItemName>צלעות טלה פרוס חלק קפוא כבש</ItemName>
      <ManufactureName>אדום גרופ למזון שיווק והפצה בע</ManufactureName>
      <ManufactureCountry />
      <ManufactureItemDescription />
      <UnitQty>ק"ג</UnitQty>
      <Quantity>100</Quantity>
      <UnitMeasure>גרם</UnitMeasure>
      <BisWeighted>1</BisWeighted>
      <QtyInPackage>1</QtyInPackage>
      <ItemPrice>129</ItemPrice>
      <UnitOfMeasurePrice>129</UnitOfMeasurePrice>
      <AllowDiscount>0</AllowDiscount>
      <itemStatus>1</itemStatus>
      <LastUpdateDate />
      <LastUpdateTime />
    </Product>
    <Product>
      <PriceUpdateDate>2019/04/03 08:31</PriceUpdateDate>
      <ItemCode>6210166</ItemCode>
      <ItemType>0</ItemType>
      <ItemName>אצבעות עם מלית וניל בונז`ור</ItemName>
      <ManufactureName>קבוצת אסם סחר שות. מוגבלת</ManufactureName>
      <ManufactureCountry />
      <ManufactureItemDescription />
      <UnitQty>ק"ג</UnitQty>
      <Quantity>1000</Quantity>
      <UnitMeasure>גרם</UnitMeasure>
      <BisWeighted>1</BisWeighted>
      <QtyInPackage>1</QtyInPackage>
      <ItemPrice>39</ItemPrice>
      <UnitOfMeasurePrice>3.90</UnitOfMeasurePrice>
      <AllowDiscount>0</AllowDiscount>
      <itemStatus>1</itemStatus>
      <LastUpdateDate />
      <LastUpdateTime />
    </Product>
    <Product>
      <PriceUpdateDate>2019/04/03 08:31</PriceUpdateDate>
      <ItemCode>6210180</ItemCode>
      <ItemType>0</ItemType>
      <ItemName>ביס קרואסון בונז`ור</ItemName>
      <ManufactureName>קבוצת אסם סחר שות. מוגבלת</ManufactureName>
      <ManufactureCountry />
      <ManufactureItemDescription />
      <UnitQty>ק"ג</UnitQty>
      <Quantity>0</Quantity>
      <UnitMeasure>גרם</UnitMeasure>
      <BisWeighted>1</BisWeighted>
      <QtyInPackage>1</QtyInPackage>
      <ItemPrice>22</ItemPrice>
      <UnitOfMeasurePrice>22</UnitOfMeasurePrice>
      <AllowDiscount>0</AllowDiscount>
      <itemStatus>1</itemStatus>
      <LastUpdateDate />
      <LastUpdateTime />
    </Product>
    <Product>
      <PriceUpdateDate>2019/04/03 08:31</PriceUpdateDate>
      <ItemCode>6210197</ItemCode>
      <ItemType>0</ItemType>
      <ItemName>רוגעלך בונז`ור</ItemName>
      <ManufactureName>קבוצת אסם סחר שות. מוגבלת</ManufactureName>
      <ManufactureCountry />
      <ManufactureItemDescription />
      <UnitQty>ק"ג</UnitQty>
      <Quantity>1</Quantity>
      <UnitMeasure />
      <BisWeighted>1</BisWeighted>
      <QtyInPackage>1</QtyInPackage>
      <ItemPrice>26</ItemPrice>
      <UnitOfMeasurePrice>26</UnitOfMeasurePrice>
      <AllowDiscount>0</AllowDiscount>
      <itemStatus>1</itemStatus>
      <LastUpdateDate />
      <LastUpdateTime />
    </Product>
    <Product>
      <PriceUpdateDate>2019/04/05 11:38</PriceUpdateDate>
      <ItemCode>6210203</ItemCode>
      <ItemType>0</ItemType>
      <ItemName>בורקס תפוא בונז`ור</ItemName>
      <ManufactureName>קבוצת אסם סחר שות. מוגבלת</ManufactureName>
      <ManufactureCountry />
      <ManufactureItemDescription />
      <UnitQty>ק"ג</UnitQty>
      <Quantity>1000</Quantity>
      <UnitMeasure>גרם</UnitMeasure>
      <BisWeighted>1</BisWeighted>
      <QtyInPackage>1</QtyInPackage>
      <ItemPrice>26</ItemPrice>
      <UnitOfMeasurePrice>2.60</UnitOfMeasurePrice>
      <AllowDiscount>0</AllowDiscount>
      <itemStatus>1</itemStatus>
      <LastUpdateDate />
      <LastUpdateTime />
    </Product>
    <Product>
      <PriceUpdateDate>2019/04/05 11:38</PriceUpdateDate>
      <ItemCode>6210319</ItemCode>
      <ItemType>0</ItemType>
      <ItemName>קרוואוסן חמאה חלבי ביס בונז`ור</ItemName>
      <ManufactureName>קבוצת אסם סחר שות. מוגבלת</ManufactureName>
      <ManufactureCountry />
      <ManufactureItemDescription />
      <UnitQty>ק"ג</UnitQty>
      <Quantity>1</Quantity>
      <UnitMeasure />
      <BisWeighted>1</BisWeighted>
      <QtyInPackage>1</QtyInPackage>
      <ItemPrice>38</ItemPrice>
      <UnitOfMeasurePrice>38</UnitOfMeasurePrice>
      <AllowDiscount>0</AllowDiscount>
      <itemStatus>1</itemStatus>
      <LastUpdateDate />
      <LastUpdateTime />
    </Product>
    <Product>
      <PriceUpdateDate>2019/04/05 11:38</PriceUpdateDate>
      <ItemCode>6210340</ItemCode>
      <ItemType>0</ItemType>
      <ItemName>ביס שוקולד בונז`ור</ItemName>
      <ManufactureName>קבוצת אסם סחר שות. מוגבלת</ManufactureName>
      <ManufactureCountry />
      <ManufactureItemDescription />
      <UnitQty>ק"ג</UnitQty>
      <Quantity>1000</Quantity>
      <UnitMeasure>גרם</UnitMeasure>
      <BisWeighted>1</BisWeighted>
      <QtyInPackage>1</QtyInPackage>
      <ItemPrice>26</ItemPrice>
      <UnitOfMeasurePrice>2.60</UnitOfMeasurePrice>
      <AllowDiscount>0</AllowDiscount>
      <itemStatus>1</itemStatus>
      <LastUpdateDate />
      <LastUpdateTime />
    </Product>
    <Product>
      <PriceUpdateDate>2019/04/05 11:38</PriceUpdateDate>
      <ItemCode>6210357</ItemCode>
      <ItemType>0</ItemType>
      <ItemName>שנק פיצה בונז`ור</ItemName>
      <ManufactureName>קבוצת אסם סחר שות. מוגבלת</ManufactureName>
      <ManufactureCountry />
      <ManufactureItemDescription />
      <UnitQty>ק"ג</UnitQty>
      <Quantity>0</Quantity>
      <UnitMeasure>גרם</UnitMeasure>
      <BisWeighted>1</BisWeighted>
      <QtyInPackage>1</QtyInPackage>
      <ItemPrice>38</ItemPrice>
      <UnitOfMeasurePrice>38</UnitOfMeasurePrice>
      <AllowDiscount>0</AllowDiscount>
      <itemStatus>1</itemStatus>
      <LastUpdateDate />
      <LastUpdateTime />
    </Product>
    <Product>
      <PriceUpdateDate>2019/04/05 11:38</PriceUpdateDate>
      <ItemCode>6210418</ItemCode>
      <ItemType>0</ItemType>
      <ItemName>פילס גבינה בנוז`ור</ItemName>
      <ManufactureName>קבוצת אסם סחר שות. מוגבלת</ManufactureName>
      <ManufactureCountry />
      <ManufactureItemDescription />
      <UnitQty>ק"ג</UnitQty>
      <Quantity>0</Quantity>
      <UnitMeasure>גרם</UnitMeasure>
      <BisWeighted>1</BisWeighted>
      <QtyInPackage>1</QtyInPackage>
      <ItemPrice>39</ItemPrice>
      <UnitOfMeasurePrice>39</UnitOfMeasurePrice>
      <AllowDiscount>0</AllowDiscount>
      <itemStatus>1</itemStatus>
      <LastUpdateDate />
      <LastUpdateTime />
    </Product>
    <Product>
      <PriceUpdateDate>2019/04/05 11:38</PriceUpdateDate>
      <ItemCode>6210654</ItemCode>
      <ItemType>0</ItemType>
      <ItemName>עוגת תפוחים בונז`ור</ItemName>
      <ManufactureName>קבוצת אסם סחר שות. מוגבלת</ManufactureName>
      <ManufactureCountry />
      <ManufactureItemDescription />
      <UnitQty>ק"ג</UnitQty>
      <Quantity>1</Quantity>
      <UnitMeasure />
      <BisWeighted>1</BisWeighted>
      <QtyInPackage>1</QtyInPackage>
      <ItemPrice>26</ItemPrice>
      <UnitOfMeasurePrice>26</UnitOfMeasurePrice>
      <AllowDiscount>0</AllowDiscount>
      <itemStatus>1</itemStatus>
      <LastUpdateDate />
      <LastUpdateTime />
    </Product>
    <Product>
      <PriceUpdateDate>2019/07/28 09:02</PriceUpdateDate>
      <ItemCode>6210661</ItemCode>
      <ItemType>0</ItemType>
      <ItemName>באגט בונז`ור</ItemName>
      <ManufactureName>קבוצת אסם סחר שות. מוגבלת</ManufactureName>
      <ManufactureCountry />
      <ManufactureItemDescription />
      <UnitQty>יח`</UnitQty>
      <Quantity>1</Quantity>
      <UnitMeasure />
      <BisWeighted>0</BisWeighted>
      <QtyInPackage>1</QtyInPackage>
      <ItemPrice>4.90</ItemPrice>
      <UnitOfMeasurePrice>4.90</UnitOfMeasurePrice>
      <AllowDiscount>1</AllowDiscount>
      <itemStatus>1</itemStatus>
      <LastUpdateDate />
      <LastUpdateTime />
    </Product>
    <Product>
      <PriceUpdateDate>2020/05/01 12:30</PriceUpdateDate>
      <ItemCode>6511010</ItemCode>
      <ItemType>0</ItemType>
      <ItemName>פרמז`נו במשקל</ItemName>
      <ManufactureName>ג.וילי-פוד אינטרנשיונל בעמ</ManufactureName>
      <ManufactureCountry />
      <ManufactureItemDescription />
      <UnitQty>ק"ג</UnitQty>
      <Quantity>1000</Quantity>
      <UnitMeasure>גרם</UnitMeasure>
      <BisWeighted>1</BisWeighted>
      <QtyInPackage>1</QtyInPackage>
      <ItemPrice>95</ItemPrice>
      <UnitOfMeasurePrice>9.50</UnitOfMeasurePrice>
      <AllowDiscount>0</AllowDiscount>
      <itemStatus>1</itemStatus>
      <LastUpdateDate />
      <LastUpdateTime />
    </Product>
    <Product>
      <PriceUpdateDate>2019/07/30 08:47</PriceUpdateDate>
      <ItemCode>6707031</ItemCode>
      <ItemType>0</ItemType>
      <ItemName>עוף קפוא</ItemName>
      <ManufactureName>עוף עוז שיווק בעמ</ManufactureName>
      <ManufactureCountry />
      <ManufactureItemDescription />
      <UnitQty>ק"ג</UnitQty>
      <Quantity>1000</Quantity>
      <UnitMeasure>גרם</UnitMeasure>
      <BisWeighted>1</BisWeighted>
      <QtyInPackage>1</QtyInPackage>
      <ItemPrice>17.90</ItemPrice>
      <UnitOfMeasurePrice>1.79</UnitOfMeasurePrice>
      <AllowDiscount>0</AllowDiscount>
      <itemStatus>1</itemStatus>
      <LastUpdateDate />
      <LastUpdateTime />
    </Product>
    <Product>
      <PriceUpdateDate>2020/04/16 15:36</PriceUpdateDate>
      <ItemCode>6707086</ItemCode>
      <ItemType>0</ItemType>
      <ItemName>ירכיים עוף קפוא מוב</ItemName>
      <ManufactureName>קורניש חן (1987) בעמ</ManufactureName>
      <ManufactureCountry />
      <ManufactureItemDescription />
      <UnitQty>ק"ג</UnitQty>
      <Quantity>1</Quantity>
      <UnitMeasure>ק"ג</UnitMeasure>
      <BisWeighted>1</BisWeighted>
      <QtyInPackage>1</QtyInPackage>
      <ItemPrice>22.90</ItemPrice>
      <UnitOfMeasurePrice>22.90</UnitOfMeasurePrice>
      <AllowDiscount>0</AllowDiscount>
      <itemStatus>1</itemStatus>
      <LastUpdateDate />
      <LastUpdateTime />
    </Product>
    <Product>
      <PriceUpdateDate>2020/03/17 08:32</PriceUpdateDate>
      <ItemCode>6707093</ItemCode>
      <ItemType>0</ItemType>
      <ItemName>שוקיים עוף קפוא</ItemName>
      <ManufactureName>קורניש חן (1987) בעמ</ManufactureName>
      <ManufactureCountry />
      <ManufactureItemDescription />
      <UnitQty>ק"ג</UnitQty>
      <Quantity>1000</Quantity>
      <UnitMeasure>גרם</UnitMeasure>
      <BisWeighted>1</BisWeighted>
      <QtyInPackage>1</QtyInPackage>
      <ItemPrice>24.90</ItemPrice>
      <UnitOfMeasurePrice>2.49</UnitOfMeasurePrice>
      <AllowDiscount>0</AllowDiscount>
      <itemStatus>1</itemStatus>
      <LastUpdateDate />
      <LastUpdateTime />
    </Product>
    <Product>
      <PriceUpdateDate>2020/03/09 12:05</PriceUpdateDate>
      <ItemCode>7290006739544</ItemCode>
      <ItemType>1</ItemType>
      <ItemName>כתף בקר 3% שומן זוגלובק (300 גרם)</ItemName>
      <ManufactureName>זוגלובק שיווק בעמ</ManufactureName>
      <ManufactureCountry />
      <ManufactureItemDescription />
      <UnitQty>יח`</UnitQty>
      <Quantity>300</Quantity>
      <UnitMeasure>גרם</UnitMeasure>
      <BisWeighted>0</BisWeighted>
      <QtyInPackage>1</QtyInPackage>
      <ItemPrice>28.90</ItemPrice>
      <UnitOfMeasurePrice>9.63</UnitOfMeasurePrice>
      <AllowDiscount>1</AllowDiscount>
      <itemStatus>1</itemStatus>
      <LastUpdateDate />
      <LastUpdateTime />
    </Product>
    <Product>
      <PriceUpdateDate>2016/09/25 08:21</PriceUpdateDate>
      <ItemCode>6748072</ItemCode>
      <ItemType>0</ItemType>
      <ItemName>פרחים זר צבעוני</ItemName>
      <ManufactureName>פרחי ליידי דיאן בעמ</ManufactureName>
      <ManufactureCountry />
      <ManufactureItemDescription />
      <UnitQty>יח`</UnitQty>
      <Quantity>1</Quantity>
      <UnitMeasure />
      <BisWeighted>0</BisWeighted>
      <QtyInPackage>1</QtyInPackage>
      <ItemPrice>35</ItemPrice>
      <UnitOfMeasurePrice>35</UnitOfMeasurePrice>
      <AllowDiscount>0</AllowDiscount>
      <itemStatus>1</itemStatus>
      <LastUpdateDate />
      <LastUpdateTime />
    </Product>
    <Product>
      <PriceUpdateDate>2016/09/25 08:21</PriceUpdateDate>
      <ItemCode>6748096</ItemCode>
      <ItemType>0</ItemType>
      <ItemName>פרחים זר מפואר</ItemName>
      <ManufactureName>פרחי ליידי דיאן בעמ</ManufactureName>
      <ManufactureCountry />
      <ManufactureItemDescription />
      <UnitQty>יח`</UnitQty>
      <Quantity>1</Quantity>
      <UnitMeasure />
      <BisWeighted>0</BisWeighted>
      <QtyInPackage>1</QtyInPackage>
      <ItemPrice>50</ItemPrice>
      <UnitOfMeasurePrice>50</UnitOfMeasurePrice>
      <AllowDiscount>0</AllowDiscount>
      <itemStatus>1</itemStatus>
      <LastUpdateDate />
      <LastUpdateTime />
    </Product>
    <Product>
      <PriceUpdateDate>2016/09/25 08:21</PriceUpdateDate>
      <ItemCode>6748157</ItemCode>
      <ItemType>0</ItemType>
      <ItemName>פרחים זר 30</ItemName>
      <ManufactureName>פרחי ליידי דיאן בעמ</ManufactureName>
      <ManufactureCountry />
      <ManufactureItemDescription />
      <UnitQty>יח`</UnitQty>
      <Quantity>1</Quantity>
      <UnitMeasure />
      <BisWeighted>0</BisWeighted>
      <QtyInPackage>1</QtyInPackage>
      <ItemPrice>30</ItemPrice>
      <UnitOfMeasurePrice>30</UnitOfMeasurePrice>
      <AllowDiscount>0</AllowDiscount>
      <itemStatus>1</itemStatus>
      <LastUpdateDate />
      <LastUpdateTime />
    </Product>
    <Product>
      <PriceUpdateDate>2020/05/01 12:30</PriceUpdateDate>
      <ItemCode>8347730</ItemCode>
      <ItemType>0</ItemType>
      <ItemName>סלמון הילטון מצונן מעדניה</ItemName>
      <ManufactureName>נטו מלינדה סחר בעמ</ManufactureName>
      <ManufactureCountry />
      <ManufactureItemDescription />
      <UnitQty>ק"ג</UnitQty>
      <Quantity>0</Quantity>
      <UnitMeasure>גרם</UnitMeasure>
      <BisWeighted>1</BisWeighted>
      <QtyInPackage>1</QtyInPackage>
      <ItemPrice>179</ItemPrice>
      <UnitOfMeasurePrice>179</UnitOfMeasurePrice>
      <AllowDiscount>0</AllowDiscount>
      <itemStatus>1</itemStatus>
      <LastUpdateDate />
      <LastUpdateTime />
    </Product>
    <Product>
      <PriceUpdateDate>2020/03/15 14:50</PriceUpdateDate>
      <ItemCode>8577267</ItemCode>
      <ItemType>0</ItemType>
      <ItemName>עוף טרי שלם ארוז</ItemName>
      <ManufactureName>עוף עוז שיווק בעמ</ManufactureName>
      <ManufactureCountry />
      <ManufactureItemDescription />
      <UnitQty>ק"ג</UnitQty>
      <Quantity>1</Quantity>
      <UnitMeasure>ק"ג</UnitMeasure>
      <BisWeighted>1</BisWeighted>
      <QtyInPackage>1</QtyInPackage>
      <ItemPrice>21.90</ItemPrice>
      <UnitOfMeasurePrice>21.90</UnitOfMeasurePrice>
      <AllowDiscount>1</AllowDiscount>
      <itemStatus>1</itemStatus>
      <LastUpdateDate />
      <LastUpdateTime />
    </Product>
    <Product>
      <PriceUpdateDate>2020/04/16 15:36</PriceUpdateDate>
      <ItemCode>9008470</ItemCode>
      <ItemType>0</ItemType>
      <ItemName>סטייק אנטריקוט בדצ בעדני</ItemName>
      <ManufactureName>בשר לכל חיים פסקוביץ ובניו בעמ</ManufactureName>
      <ManufactureCountry />
      <ManufactureItemDescription />
      <UnitQty>ק"ג</UnitQty>
      <Quantity>1</Quantity>
      <UnitMeasure>גרם</UnitMeasure>
      <BisWeighted>1</BisWeighted>
      <QtyInPackage>1</QtyInPackage>
      <ItemPrice>39.90</ItemPrice>
      <UnitOfMeasurePrice>3990</UnitOfMeasurePrice>
      <AllowDiscount>1</AllowDiscount>
      <itemStatus>1</itemStatus>
      <LastUpdateDate />
      <LastUpdateTime />
    </Product>
    <Product>
      <PriceUpdateDate>2020/01/22 11:11</PriceUpdateDate>
      <ItemCode>13581921</ItemCode>
      <ItemType>0</ItemType>
      <ItemName>סטייק עין פרגוואי  מוכשר/</ItemName>
      <ManufactureName>בלדי בעמ</ManufactureName>
      <ManufactureCountry />
      <ManufactureItemDescription />
      <UnitQty>ק"ג</UnitQty>
      <Quantity>1</Quantity>
      <UnitMeasure>גרם</UnitMeasure>
      <BisWeighted>1</BisWeighted>
      <QtyInPackage>1</QtyInPackage>
      <ItemPrice>39.90</ItemPrice>
      <UnitOfMeasurePrice>3990</UnitOfMeasurePrice>
      <AllowDiscount>0</AllowDiscount>
      <itemStatus>1</itemStatus>
      <LastUpdateDate />
      <LastUpdateTime />
    </Product>
    <Product>
      <PriceUpdateDate>2015/11/30 12:19</PriceUpdateDate>
      <ItemCode>32147230</ItemCode>
      <ItemType>0</ItemType>
      <ItemName>מיץ לימון 200 מל</ItemName>
      <ManufactureName>דנשר (1963) בעמ</ManufactureName>
      <ManufactureCountry />
      <ManufactureItemDescription />
      <UnitQty>יח`</UnitQty>
      <Quantity>200</Quantity>
      <UnitMeasure>מ"ל</UnitMeasure>
      <BisWeighted>0</BisWeighted>
      <QtyInPackage>1</QtyInPackage>
      <ItemPrice>8.90</ItemPrice>
      <UnitOfMeasurePrice>4.45</UnitOfMeasurePrice>
      <AllowDiscount>0</AllowDiscount>
      <itemStatus>1</itemStatus>
      <LastUpdateDate />
      <LastUpdateTime />
    </Product>
    <Product>
      <PriceUpdateDate>2019/12/22 09:34</PriceUpdateDate>
      <ItemCode>40084107</ItemCode>
      <ItemType>0</ItemType>
      <ItemName>קינדר ביצת הפתעה</ItemName>
      <ManufactureName>פרימיום-חברה לדברי מתיקה ולמסח</ManufactureName>
      <ManufactureCountry />
      <ManufactureItemDescription />
      <UnitQty>יח`</UnitQty>
      <Quantity>1</Quantity>
      <UnitMeasure />
      <BisWeighted>0</BisWeighted>
      <QtyInPackage>1</QtyInPackage>
      <ItemPrice>4.90</ItemPrice>
      <UnitOfMeasurePrice>4.90</UnitOfMeasurePrice>
      <AllowDiscount>0</AllowDiscount>
      <itemStatus>1</itemStatus>
      <LastUpdateDate />
      <LastUpdateTime />
    </Product>
    <Product>
      <PriceUpdateDate>2013/12/31 09:51</PriceUpdateDate>
      <ItemCode>40099132</ItemCode>
      <ItemType>0</ItemType>
      <ItemName>מסטיק בטעם תות הובה בובה (35 גרם)</ItemName>
      <ManufactureName>מרס ריגלי ישראל בעמ</ManufactureName>
      <ManufactureCountry />
      <ManufactureItemDescription />
      <UnitQty>יח`</UnitQty>
      <Quantity>35</Quantity>
      <UnitMeasure>גרם</UnitMeasure>
      <BisWeighted>0</BisWeighted>
      <QtyInPackage>1</QtyInPackage>
      <ItemPrice>3</ItemPrice>
      <UnitOfMeasurePrice>8.57</UnitOfMeasurePrice>
      <AllowDiscount>0</AllowDiscount>
      <itemStatus>1</itemStatus>
      <LastUpdateDate />
      <LastUpdateTime />
    </Product>
    <Product>
      <PriceUpdateDate>2016/02/29 08:36</PriceUpdateDate>
      <ItemCode>40111216</ItemCode>
      <ItemType>0</ItemType>
      <ItemName>באונטי חטיף שוקולד קוקוס 57 גרם</ItemName>
      <ManufactureName>מרס ריגלי ישראל בעמ</ManufactureName>
      <ManufactureCountry />
      <ManufactureItemDescription />
      <UnitQty>יח`</UnitQty>
      <Quantity>57</Quantity>
      <UnitMeasure>גרם</UnitMeasure>
      <BisWeighted>0</BisWeighted>
      <QtyInPackage>1</QtyInPackage>
      <ItemPrice>3.90</ItemPrice>
      <UnitOfMeasurePrice>6.84</UnitOfMeasurePrice>
      <AllowDiscount>1</AllowDiscount>
      <itemStatus>1</itemStatus>
      <LastUpdateDate />
      <LastUpdateTime />
    </Product>
    <Product>
      <PriceUpdateDate>2017/03/17 11:55</PriceUpdateDate>
      <ItemCode>40133218</ItemCode>
      <ItemType>0</ItemType>
      <ItemName>קרם גוף גודנס</ItemName>
      <ManufactureName>יוניליוור ישראל שיווק בעמ</ManufactureName>
      <ManufactureCountry />
      <ManufactureItemDescription />
      <UnitQty>יח`</UnitQty>
      <Quantity>306</Quantity>
      <UnitMeasure>גרם</UnitMeasure>
      <BisWeighted>0</BisWeighted>
      <QtyInPackage>1</QtyInPackage>
      <ItemPrice>45.90</ItemPrice>
      <UnitOfMeasurePrice>15</UnitOfMeasurePrice>
      <AllowDiscount>0</AllowDiscount>
      <itemStatus>1</itemStatus>
      <LastUpdateDate />
      <LastUpdateTime />
    </Product>
    <Product>
      <PriceUpdateDate>2017/06/08 09:55</PriceUpdateDate>
      <ItemCode>40345123</ItemCode>
      <ItemType>0</ItemType>
      <ItemName>סמרטיז גליל סוכריות 38 גר`</ItemName>
      <ManufactureName>ליימן שליסל בעמ</ManufactureName>
      <ManufactureCountry />
      <ManufactureItemDescription />
      <UnitQty>יח`</UnitQty>
      <Quantity>38</Quantity>
      <UnitMeasure>גרם</UnitMeasure>
      <BisWeighted>0</BisWeighted>
      <QtyInPackage>1</QtyInPackage>
      <ItemPrice>3.90</ItemPrice>
      <UnitOfMeasurePrice>10.26</UnitOfMeasurePrice>
      <AllowDiscount>0</AllowDiscount>
      <itemStatus>1</itemStatus>
      <LastUpdateDate />
      <LastUpdateTime />
    </Product>
    <Product>
      <PriceUpdateDate>2013/12/31 09:51</PriceUpdateDate>
      <ItemCode>42123866</ItemCode>
      <ItemType>0</ItemType>
      <ItemName>הובה בובה קלאסי</ItemName>
      <ManufactureName>מרס ריגלי ישראל בעמ</ManufactureName>
      <ManufactureCountry />
      <ManufactureItemDescription />
      <UnitQty>יח`</UnitQty>
      <Quantity>35</Quantity>
      <UnitMeasure>גרם</UnitMeasure>
      <BisWeighted>0</BisWeighted>
      <QtyInPackage>1</QtyInPackage>
      <ItemPrice>3</ItemPrice>
      <UnitOfMeasurePrice>8.57</UnitOfMeasurePrice>
      <AllowDiscount>0</AllowDiscount>
      <itemStatus>1</itemStatus>
      <LastUpdateDate />
      <LastUpdateTime />
    </Product>
    <Product>
      <PriceUpdateDate>2019/05/06 12:47</PriceUpdateDate>
      <ItemCode>42139447</ItemCode>
      <ItemType>0</ItemType>
      <ItemName>כאמל לבן</ItemName>
      <ManufactureName>גלוברנדס בעמ - שיווק סיגריות</ManufactureName>
      <ManufactureCountry />
      <ManufactureItemDescription />
      <UnitQty>יח`</UnitQty>
      <Quantity>1</Quantity>
      <UnitMeasure />
      <BisWeighted>0</BisWeighted>
      <QtyInPackage>1</QtyInPackage>
      <ItemPrice>28.50</ItemPrice>
      <UnitOfMeasurePrice>28.50</UnitOfMeasurePrice>
      <AllowDiscount>0</AllowDiscount>
      <itemStatus>1</itemStatus>
      <LastUpdateDate />
      <LastUpdateTime />
    </Product>
    <Product>
      <PriceUpdateDate>2015/12/02 11:16</PriceUpdateDate>
      <ItemCode>42182108</ItemCode>
      <ItemType>0</ItemType>
      <ItemName>5 בטעם מנטה</ItemName>
      <ManufactureName>מרס ריגלי ישראל בעמ</ManufactureName>
      <ManufactureCountry />
      <ManufactureItemDescription />
      <UnitQty>יח`</UnitQty>
      <Quantity>31</Quantity>
      <UnitMeasure>גרם</UnitMeasure>
      <BisWeighted>0</BisWeighted>
      <QtyInPackage>1</QtyInPackage>
      <ItemPrice>7.50</ItemPrice>
      <UnitOfMeasurePrice>24.19</UnitOfMeasurePrice>
      <AllowDiscount>0</AllowDiscount>
      <itemStatus>1</itemStatus>
      <LastUpdateDate />
      <LastUpdateTime />
    </Product>
    <Product>
      <PriceUpdateDate>2015/12/02 11:16</PriceUpdateDate>
      <ItemCode>42188889</ItemCode>
      <ItemType>0</ItemType>
      <ItemName>מסטיק 5 בטעם אבטיח</ItemName>
      <ManufactureName>מרס ריגלי ישראל בעמ</ManufactureName>
      <ManufactureCountry />
      <ManufactureItemDescription />
      <UnitQty>יח`</UnitQty>
      <Quantity>31</Quantity>
      <UnitMeasure>גרם</UnitMeasure>
      <BisWeighted>0</BisWeighted>
      <QtyInPackage>1</QtyInPackage>
      <ItemPrice>7.50</ItemPrice>
      <UnitOfMeasurePrice>24.19</UnitOfMeasurePrice>
      <AllowDiscount>0</AllowDiscount>
      <itemStatus>1</itemStatus>
      <LastUpdateDate />
      <LastUpdateTime />
    </Product>
    <Product>
      <PriceUpdateDate>2018/06/07 08:23</PriceUpdateDate>
      <ItemCode>42307105</ItemCode>
      <ItemType>0</ItemType>
      <ItemName>פייב סוויטמינט ס</ItemName>
      <ManufactureName>מרס ריגלי ישראל בעמ</ManufactureName>
      <ManufactureCountry />
      <ManufactureItemDescription />
      <UnitQty>יח`</UnitQty>
      <Quantity>29</Quantity>
      <UnitMeasure>גרם</UnitMeasure>
      <BisWeighted>0</BisWeighted>
      <QtyInPackage>1</QtyInPackage>
      <ItemPrice>7.50</ItemPrice>
      <UnitOfMeasurePrice>25.86</UnitOfMeasurePrice>
      <AllowDiscount>0</AllowDiscount>
      <itemStatus>1</itemStatus>
      <LastUpdateDate />
      <LastUpdateTime />
    </Product>
    <Product>
      <PriceUpdateDate>2018/03/27 10:12</PriceUpdateDate>
      <ItemCode>46024817</ItemCode>
      <ItemType>0</ItemType>
      <ItemName>נקסט FF בודד</ItemName>
      <ManufactureName>פיליפ מוריס בעמ</ManufactureName>
      <ManufactureCountry />
      <ManufactureItemDescription />
      <UnitQty>יח`</UnitQty>
      <Quantity>1</Quantity>
      <UnitMeasure />
      <BisWeighted>0</BisWeighted>
      <QtyInPackage>1</QtyInPackage>
      <ItemPrice>27</ItemPrice>
      <UnitOfMeasurePrice>27</UnitOfMeasurePrice>
      <AllowDiscount>0</AllowDiscount>
      <itemStatus>1</itemStatus>
      <LastUpdateDate />
      <LastUpdateTime />
    </Product>
    <Product>
      <PriceUpdateDate>2018/03/27 10:12</PriceUpdateDate>
      <ItemCode>46024824</ItemCode>
      <ItemType>0</ItemType>
      <ItemName>נקסט לייט חפיסה) (20</ItemName>
      <ManufactureName>פיליפ מוריס בעמ</ManufactureName>
      <ManufactureCountry />
      <ManufactureItemDescription />
      <UnitQty>יח`</UnitQty>
      <Quantity>1</Quantity>
      <UnitMeasure />
      <BisWeighted>0</BisWeighted>
      <QtyInPackage>1</QtyInPackage>
      <ItemPrice>27</ItemPrice>
      <UnitOfMeasurePrice>27</UnitOfMeasurePrice>
      <AllowDiscount>0</AllowDiscount>
      <itemStatus>1</itemStatus>
      <LastUpdateDate />
      <LastUpdateTime />
    </Product>
    <Product>
      <PriceUpdateDate>2019/04/12 11:23</PriceUpdateDate>
      <ItemCode>46026491</ItemCode>
      <ItemType>0</ItemType>
      <ItemName>פרלמנט סופר סלימס בודד</ItemName>
      <ManufactureName>פיליפ מוריס בעמ</ManufactureName>
      <ManufactureCountry />
      <ManufactureItemDescription />
      <UnitQty>יח`</UnitQty>
      <Quantity>1</Quantity>
      <UnitMeasure />
      <BisWeighted>0</BisWeighted>
      <QtyInPackage>1</QtyInPackage>
      <ItemPrice>38</ItemPrice>
      <UnitOfMeasurePrice>38</UnitOfMeasurePrice>
      <AllowDiscount>0</AllowDiscount>
      <itemStatus>1</itemStatus>
      <LastUpdateDate />
      <LastUpdateTime />
    </Product>
    <Product>
      <PriceUpdateDate>2015/09/09 09:45</PriceUpdateDate>
      <ItemCode>54051140</ItemCode>
      <ItemType>0</ItemType>
      <ItemName>מעדן סויה בטעם וניל אלפרו (125x4 גרם)</ItemName>
      <ManufactureName>ש.שסטוביץ בעמ</ManufactureName>
      <ManufactureCountry />
      <ManufactureItemDescription />
      <UnitQty>יח`</UnitQty>
      <Quantity>500</Quantity>
      <UnitMeasure>גרם</UnitMeasure>
      <BisWeighted>0</BisWeighted>
      <QtyInPackage>1</QtyInPackage>
      <ItemPrice>16.90</ItemPrice>
      <UnitOfMeasurePrice>3.38</UnitOfMeasurePrice>
      <AllowDiscount>0</AllowDiscount>
      <itemStatus>1</itemStatus>
      <LastUpdateDate />
      <LastUpdateTime />
    </Product>
    <Product>
      <PriceUpdateDate>2015/09/09 09:45</PriceUpdateDate>
      <ItemCode>54051157</ItemCode>
      <ItemType>0</ItemType>
      <ItemName>מעדן סויה בטעם שוקולד אלפרו (125x4 גרם)</ItemName>
      <ManufactureName>ש.שסטוביץ בעמ</ManufactureName>
      <ManufactureCountry />
      <ManufactureItemDescription />
      <UnitQty>יח`</UnitQty>
      <Quantity>500</Quantity>
      <UnitMeasure>גרם</UnitMeasure>
      <BisWeighted>0</BisWeighted>
      <QtyInPackage>1</QtyInPackage>
      <ItemPrice>16.90</ItemPrice>
      <UnitOfMeasurePrice>3.38</UnitOfMeasurePrice>
      <AllowDiscount>0</AllowDiscount>
      <itemStatus>1</itemStatus>
      <LastUpdateDate />
      <LastUpdateTime />
    </Product>
    <Product>
      <PriceUpdateDate>2019/05/19 12:07</PriceUpdateDate>
      <ItemCode>59068907</ItemCode>
      <ItemType>0</ItemType>
      <ItemName>פאל מאל כול דמי סלימס</ItemName>
      <ManufactureName>גלוברנדס בעמ - שיווק סיגריות</ManufactureName>
      <ManufactureCountry />
      <ManufactureItemDescription />
      <UnitQty>יח`</UnitQty>
      <Quantity>1</Quantity>
      <UnitMeasure />
      <BisWeighted>0</BisWeighted>
      <QtyInPackage>1</QtyInPackage>
      <ItemPrice>23</ItemPrice>
      <UnitOfMeasurePrice>23</UnitOfMeasurePrice>
      <AllowDiscount>0</AllowDiscount>
      <itemStatus>1</itemStatus>
      <LastUpdateDate />
      <LastUpdateTime />
    </Product>
    <Product>
      <PriceUpdateDate>2019/05/19 12:07</PriceUpdateDate>
      <ItemCode>59068914</ItemCode>
      <ItemType>0</ItemType>
      <ItemName>פאל מאל סילבר דמי סלימס בודד</ItemName>
      <ManufactureName>גלוברנדס בעמ - שיווק סיגריות</ManufactureName>
      <ManufactureCountry />
      <ManufactureItemDescription />
      <UnitQty>יח`</UnitQty>
      <Quantity>1</Quantity>
      <UnitMeasure />
      <BisWeighted>0</BisWeighted>
      <QtyInPackage>1</QtyInPackage>
      <ItemPrice>23</ItemPrice>
      <UnitOfMeasurePrice>23</UnitOfMeasurePrice>
      <AllowDiscount>0</AllowDiscount>
      <itemStatus>1</itemStatus>
      <LastUpdateDate />
      <LastUpdateTime />
    </Product>
    <Product>
      <PriceUpdateDate>2014/01/01 08:37</PriceUpdateDate>
      <ItemCode>72917367</ItemCode>
      <ItemType>0</ItemType>
      <ItemName>חטיף טעמי עלית (40 גרם)</ItemName>
      <ManufactureName>שטראוס גרופ בעמ</ManufactureName>
      <ManufactureCountry />
      <ManufactureItemDescription />
      <UnitQty>יח`</UnitQty>
      <Quantity>40</Quantity>
      <UnitMeasure>גרם</UnitMeasure>
      <BisWeighted>0</BisWeighted>
      <QtyInPackage>1</QtyInPackage>
      <ItemPrice>3.90</ItemPrice>
      <UnitOfMeasurePrice>9.75</UnitOfMeasurePrice>
      <AllowDiscount>1</AllowDiscount>
      <itemStatus>1</itemStatus>
      <LastUpdateDate />
      <LastUpdateTime />
    </Product>
    <Product>
      <PriceUpdateDate>2014/01/01 08:37</PriceUpdateDate>
      <ItemCode>72917589</ItemCode>
      <ItemType>0</ItemType>
      <ItemName>חטיף מקופלת עלית (25 גרם)</ItemName>
      <ManufactureName>שטראוס גרופ בעמ</ManufactureName>
      <ManufactureCountry />
      <ManufactureItemDescription />
      <UnitQty>יח`</UnitQty>
      <Quantity>25</Quantity>
      <UnitMeasure>גרם</UnitMeasure>
      <BisWeighted>0</BisWeighted>
      <QtyInPackage>1</QtyInPackage>
      <ItemPrice>3.90</ItemPrice>
      <UnitOfMeasurePrice>15.60</UnitOfMeasurePrice>
      <AllowDiscount>1</AllowDiscount>
      <itemStatus>1</itemStatus>
      <LastUpdateDate />
      <LastUpdateTime />
    </Product>
    <Product>
      <PriceUpdateDate>2014/07/13 13:52</PriceUpdateDate>
      <ItemCode>72917893</ItemCode>
      <ItemType>0</ItemType>
      <ItemName>פסק זמן חטיף קלאסי עלית (45 גרם)</ItemName>
      <ManufactureName>שטראוס גרופ בעמ</ManufactureName>
      <ManufactureCountry />
      <ManufactureItemDescription />
      <UnitQty>יח`</UnitQty>
      <Quantity>45</Quantity>
      <UnitMeasure>גרם</UnitMeasure>
      <BisWeighted>0</BisWeighted>
      <QtyInPackage>1</QtyInPackage>
      <ItemPrice>4.90</ItemPrice>
      <UnitOfMeasurePrice>10.89</UnitOfMeasurePrice>
      <AllowDiscount>0</AllowDiscount>
      <itemStatus>1</itemStatus>
      <LastUpdateDate />
      <LastUpdateTime />
    </Product>
    <Product>
      <PriceUpdateDate>2014/01/01 08:37</PriceUpdateDate>
      <ItemCode>72918388</ItemCode>
      <ItemType>0</ItemType>
      <ItemName>טוויסט</ItemName>
      <ManufactureName>שטראוס גרופ בעמ</ManufactureName>
      <ManufactureCountry />
      <ManufactureItemDescription />
      <UnitQty>יח`</UnitQty>
      <Quantity>28</Quantity>
      <UnitMeasure>גרם</UnitMeasure>
      <BisWeighted>0</BisWeighted>
      <QtyInPackage>1</QtyInPackage>
      <ItemPrice>3.90</ItemPrice>
      <UnitOfMeasurePrice>13.93</UnitOfMeasurePrice>
      <AllowDiscount>1</AllowDiscount>
      <itemStatus>1</itemStatus>
      <LastUpdateDate />
      <LastUpdateTime />
    </Product>
    <Product>
      <PriceUpdateDate>2015/07/09 15:16</PriceUpdateDate>
      <ItemCode>72940754</ItemCode>
      <ItemType>0</ItemType>
      <ItemName>מילקי וניל</ItemName>
      <ManufactureName>שטראוס גרופ בעמ/מצונן</ManufactureName>
      <ManufactureCountry />
      <ManufactureItemDescription />
      <UnitQty>יח`</UnitQty>
      <Quantity>130</Quantity>
      <UnitMeasure>מ"ל</UnitMeasure>
      <BisWeighted>0</BisWeighted>
      <QtyInPackage>1</QtyInPackage>
      <ItemPrice>2.70</ItemPrice>
      <UnitOfMeasurePrice>2.08</UnitOfMeasurePrice>
      <AllowDiscount>0</AllowDiscount>
      <itemStatus>1</itemStatus>
      <LastUpdateDate />
      <LastUpdateTime />
    </Product>
    <Product>
      <PriceUpdateDate>2017/03/30 07:47</PriceUpdateDate>
      <ItemCode>72940761</ItemCode>
      <ItemType>0</ItemType>
      <ItemName>מילקי שוקו</ItemName>
      <ManufactureName>שטראוס גרופ בעמ/מצונן</ManufactureName>
      <ManufactureCountry />
      <ManufactureItemDescription />
      <UnitQty>יח`</UnitQty>
      <Quantity>130</Quantity>
      <UnitMeasure>מ"ל</UnitMeasure>
      <BisWeighted>0</BisWeighted>
      <QtyInPackage>1</QtyInPackage>
      <ItemPrice>2.70</ItemPrice>
      <UnitOfMeasurePrice>2.08</UnitOfMeasurePrice>
      <AllowDiscount>0</AllowDiscount>
      <itemStatus>1</itemStatus>
      <LastUpdateDate />
      <LastUpdateTime />
    </Product>
    <Product>
      <PriceUpdateDate>2014/01/01 08:37</PriceUpdateDate>
      <ItemCode>72940952</ItemCode>
      <ItemType>0</ItemType>
      <ItemName>מילקי פי 2 קצפת</ItemName>
      <ManufactureName>שטראוס גרופ בעמ/מצונן</ManufactureName>
      <ManufactureCountry />
      <ManufactureItemDescription />
      <UnitQty>יח`</UnitQty>
      <Quantity>170</Quantity>
      <UnitMeasure>מ"ל</UnitMeasure>
      <BisWeighted>0</BisWeighted>
      <QtyInPackage>1</QtyInPackage>
      <ItemPrice>3.70</ItemPrice>
      <UnitOfMeasurePrice>2.18</UnitOfMeasurePrice>
      <AllowDiscount>0</AllowDiscount>
      <itemStatus>1</itemStatus>
      <LastUpdateDate />
      <LastUpdateTime />
    </Product>
    <Product>
      <PriceUpdateDate>2015/11/30 09:59</PriceUpdateDate>
      <ItemCode>72940976</ItemCode>
      <ItemType>0</ItemType>
      <ItemName>כרוב אדום 250</ItemName>
      <ManufactureName>שטראוס גרופ בעמ/מצונן</ManufactureName>
      <ManufactureCountry />
      <ManufactureItemDescription />
      <UnitQty>יח`</UnitQty>
      <Quantity>250</Quantity>
      <UnitMeasure>גרם</UnitMeasure>
      <BisWeighted>0</BisWeighted>
      <QtyInPackage>1</QtyInPackage>
      <ItemPrice>8.90</ItemPrice>
      <UnitOfMeasurePrice>3.56</UnitOfMeasurePrice>
      <AllowDiscount>0</AllowDiscount>
      <itemStatus>1</itemStatus>
      <LastUpdateDate />
      <LastUpdateTime />
    </Product>
    <Product>
      <PriceUpdateDate>2018/02/11 17:52</PriceUpdateDate>
      <ItemCode>72940983</ItemCode>
      <ItemType>0</ItemType>
      <ItemName>חומוס אחלה 250 גר</ItemName>
      <ManufactureName>שטראוס גרופ בעמ/מצונן</ManufactureName>
      <ManufactureCountry />
      <ManufactureItemDescription />
      <UnitQty>יח`</UnitQty>
      <Quantity>250</Quantity>
      <UnitMeasure>גרם</UnitMeasure>
      <BisWeighted>0</BisWeighted>
      <QtyInPackage>1</QtyInPackage>
      <ItemPrice>6.90</ItemPrice>
      <UnitOfMeasurePrice>2.76</UnitOfMeasurePrice>
      <AllowDiscount>0</AllowDiscount>
      <itemStatus>1</itemStatus>
      <LastUpdateDate />
      <LastUpdateTime />
    </Product>
    <Product>
      <PriceUpdateDate>2015/07/09 15:16</PriceUpdateDate>
      <ItemCode>72941041</ItemCode>
      <ItemType>0</ItemType>
      <ItemName>מילקי מיני שוקולד</ItemName>
      <ManufactureName>שטראוס גרופ בעמ/מצונן</ManufactureName>
      <ManufactureCountry />
      <ManufactureItemDescription />
      <UnitQty>יח`</UnitQty>
      <Quantity>130</Quantity>
      <UnitMeasure>מ"ל</UnitMeasure>
      <BisWeighted>0</BisWeighted>
      <QtyInPackage>1</QtyInPackage>
      <ItemPrice>2</ItemPrice>
      <UnitOfMeasurePrice>1.54</UnitOfMeasurePrice>
      <AllowDiscount>0</AllowDiscount>
      <itemStatus>1</itemStatus>
      <LastUpdateDate />
      <LastUpdateTime />
    </Product>
    <Product>
      <PriceUpdateDate>2019/06/12 14:18</PriceUpdateDate>
      <ItemCode>72961209</ItemCode>
      <ItemType>0</ItemType>
      <ItemName>שמנית 15% 200 מל בדצ פיקוח</ItemName>
      <ManufactureName>תנובה - חלב</ManufactureName>
      <ManufactureCountry />
      <ManufactureItemDescription />
      <UnitQty>יח`</UnitQty>
      <Quantity>200</Quantity>
      <UnitMeasure>מ"ל</UnitMeasure>
      <BisWeighted>0</BisWeighted>
      <QtyInPackage>1</QtyInPackage>
      <ItemPrice>2.28</ItemPrice>
      <UnitOfMeasurePrice>1.14</UnitOfMeasurePrice>
      <AllowDiscount>0</AllowDiscount>
      <itemStatus>1</itemStatus>
      <LastUpdateDate />
      <LastUpdateTime />
    </Product>
    <Product>
      <PriceUpdateDate>2019/06/12 14:18</PriceUpdateDate>
      <ItemCode>72961216</ItemCode>
      <ItemType>0</ItemType>
      <ItemName>אשל 4.5% 200 מל פיקוח</ItemName>
      <ManufactureName>תנובה - חלב</ManufactureName>
      <ManufactureCountry />
      <ManufactureItemDescription />
      <UnitQty>יח`</UnitQty>
      <Quantity>200</Quantity>
      <UnitMeasure>מ"ל</UnitMeasure>
      <BisWeighted>0</BisWeighted>
      <QtyInPackage>1</QtyInPackage>
      <ItemPrice>1.61</ItemPrice>
      <UnitOfMeasurePrice>0.81</UnitOfMeasurePrice>
      <AllowDiscount>0</AllowDiscount>
      <itemStatus>1</itemStatus>
      <LastUpdateDate />
      <LastUpdateTime />
    </Product>
    <Product>
      <PriceUpdateDate>2019/06/12 14:18</PriceUpdateDate>
      <ItemCode>72961223</ItemCode>
      <ItemType>0</ItemType>
      <ItemName>גיל 3% 200 מל בדצ פיקוח</ItemName>
      <ManufactureName>תנובה - חלב</ManufactureName>
      <ManufactureCountry />
      <ManufactureItemDescription />
      <UnitQty>יח`</UnitQty>
      <Quantity>200</Quantity>
      <UnitMeasure>מ"ל</UnitMeasure>
      <BisWeighted>0</BisWeighted>
      <QtyInPackage>1</QtyInPackage>
      <ItemPrice>1.44</ItemPrice>
      <UnitOfMeasurePrice>0.72</UnitOfMeasurePrice>
      <AllowDiscount>0</AllowDiscount>
      <itemStatus>1</itemStatus>
      <LastUpdateDate />
      <LastUpdateTime />
    </Product>
    <Product>
      <PriceUpdateDate>2018/08/08 15:47</PriceUpdateDate>
      <ItemCode>72961506</ItemCode>
      <ItemType>0</ItemType>
      <ItemName>יוגורט עם תות 1.5% פרילי (125 גרם)</ItemName>
      <ManufactureName>תנובה - חלב</ManufactureName>
      <ManufactureCountry />
      <ManufactureItemDescription />
      <UnitQty>יח`</UnitQty>
      <Quantity>125</Quantity>
      <UnitMeasure>מ"ל</UnitMeasure>
      <BisWeighted>0</BisWeighted>
      <QtyInPackage>1</QtyInPackage>
      <ItemPrice>3.50</ItemPrice>
      <UnitOfMeasurePrice>2.80</UnitOfMeasurePrice>
      <AllowDiscount>0</AllowDiscount>
      <itemStatus>1</itemStatus>
      <LastUpdateDate />
      <LastUpdateTime />
    </Product>
    <Product>
      <PriceUpdateDate>2018/08/08 15:47</PriceUpdateDate>
      <ItemCode>72961513</ItemCode>
      <ItemType>0</ItemType>
      <ItemName>יוגורט עם משמש 1.5% פרילי (125 גרם)</ItemName>
      <ManufactureName>תנובה - חלב</ManufactureName>
      <ManufactureCountry />
      <ManufactureItemDescription />
      <UnitQty>יח`</UnitQty>
      <Quantity>125</Quantity>
      <UnitMeasure>מ"ל</UnitMeasure>
      <BisWeighted>0</BisWeighted>
      <QtyInPackage>1</QtyInPackage>
      <ItemPrice>3.50</ItemPrice>
      <UnitOfMeasurePrice>2.80</UnitOfMeasurePrice>
      <AllowDiscount>0</AllowDiscount>
      <itemStatus>1</itemStatus>
      <LastUpdateDate />
      <LastUpdateTime />
    </Product>
    <Product>
      <PriceUpdateDate>2018/08/08 15:47</PriceUpdateDate>
      <ItemCode>72961520</ItemCode>
      <ItemType>0</ItemType>
      <ItemName>יוגורט עם אננס 1.5% פרילי (125 גרם)</ItemName>
      <ManufactureName>תנובה - חלב</ManufactureName>
      <ManufactureCountry />
      <ManufactureItemDescription />
      <UnitQty>יח`</UnitQty>
      <Quantity>125</Quantity>
      <UnitMeasure>מ"ל</UnitMeasure>
      <BisWeighted>0</BisWeighted>
      <QtyInPackage>1</QtyInPackage>
      <ItemPrice>3.50</ItemPrice>
      <UnitOfMeasurePrice>2.80</UnitOfMeasurePrice>
      <AllowDiscount>0</AllowDiscount>
      <itemStatus>1</itemStatus>
      <LastUpdateDate />
      <LastUpdateTime />
    </Product>
    <Product>
      <PriceUpdateDate>2018/08/08 15:47</PriceUpdateDate>
      <ItemCode>72961544</ItemCode>
      <ItemType>0</ItemType>
      <ItemName>יוגורט בטעם תות שדה 3% באדי (125 גרם)</ItemName>
      <ManufactureName>תנובה - חלב</ManufactureName>
      <ManufactureCountry />
      <ManufactureItemDescription />
      <UnitQty>יח`</UnitQty>
      <Quantity>125</Quantity>
      <UnitMeasure>מ"ל</UnitMeasure>
      <BisWeighted>0</BisWeighted>
      <QtyInPackage>1</QtyInPackage>
      <ItemPrice>3</ItemPrice>
      <UnitOfMeasurePrice>2.40</UnitOfMeasurePrice>
      <AllowDiscount>0</AllowDiscount>
      <itemStatus>1</itemStatus>
      <LastUpdateDate />
      <LastUpdateTime />
    </Product>
    <Product>
      <PriceUpdateDate>2019/06/12 14:18</PriceUpdateDate>
      <ItemCode>72963104</ItemCode>
      <ItemType>0</ItemType>
      <ItemName>חמאה תנובה (100  גרם)פיקוח</ItemName>
      <ManufactureName>תנובה - חלב</ManufactureName>
      <ManufactureCountry />
      <ManufactureItemDescription />
      <UnitQty>יח`</UnitQty>
      <Quantity>100</Quantity>
      <UnitMeasure>גרם</UnitMeasure>
      <BisWeighted>0</BisWeighted>
      <QtyInPackage>1</QtyInPackage>
      <ItemPrice>3.94</ItemPrice>
      <UnitOfMeasurePrice>3.94</UnitOfMeasurePrice>
      <AllowDiscount>0</AllowDiscount>
      <itemStatus>1</itemStatus>
      <LastUpdateDate />
      <LastUpdateTime />
    </Product>
    <Product>
      <PriceUpdateDate>2018/08/08 15:47</PriceUpdateDate>
      <ItemCode>72963753</ItemCode>
      <ItemType>0</ItemType>
      <ItemName>שמנת של פעם 27% תנובה (200 גרם)</ItemName>
      <ManufactureName>תנובה - חלב</ManufactureName>
      <ManufactureCountry />
      <ManufactureItemDescription />
      <UnitQty>יח`</UnitQty>
      <Quantity>200</Quantity>
      <UnitMeasure>מ"ל</UnitMeasure>
      <BisWeighted>0</BisWeighted>
      <QtyInPackage>1</QtyInPackage>
      <ItemPrice>4.20</ItemPrice>
      <UnitOfMeasurePrice>2.10</UnitOfMeasurePrice>
      <AllowDiscount>0</AllowDiscount>
      <itemStatus>1</itemStatus>
      <LastUpdateDate />
      <LastUpdateTime />
    </Product>
    <Product>
      <PriceUpdateDate>2018/08/08 15:47</PriceUpdateDate>
      <ItemCode>72964422</ItemCode>
      <ItemType>0</ItemType>
      <ItemName>יוגורט לבן 4.5% תנובה (200 מל)</ItemName>
      <ManufactureName>תנובה - חלב</ManufactureName>
      <ManufactureCountry />
      <ManufactureItemDescription />
      <UnitQty>יח`</UnitQty>
      <Quantity>200</Quantity>
      <UnitMeasure>מ"ל</UnitMeasure>
      <BisWeighted>0</BisWeighted>
      <QtyInPackage>1</QtyInPackage>
      <ItemPrice>2.90</ItemPrice>
      <UnitOfMeasurePrice>1.45</UnitOfMeasurePrice>
      <AllowDiscount>0</AllowDiscount>
      <itemStatus>1</itemStatus>
      <LastUpdateDate />
      <LastUpdateTime />
    </Product>
    <Product>
      <PriceUpdateDate>2019/09/15 10:56</PriceUpdateDate>
      <ItemCode>72983997</ItemCode>
      <ItemType>0</ItemType>
      <ItemName>גולף גולד 100 קופסא קשיחה</ItemName>
      <ManufactureName>דובק בעמ</ManufactureName>
      <ManufactureCountry />
      <ManufactureItemDescription />
      <UnitQty>יח`</UnitQty>
      <Quantity>1</Quantity>
      <UnitMeasure />
      <BisWeighted>0</BisWeighted>
      <QtyInPackage>1</QtyInPackage>
      <ItemPrice>28</ItemPrice>
      <UnitOfMeasurePrice>28</UnitOfMeasurePrice>
      <AllowDiscount>0</AllowDiscount>
      <itemStatus>1</itemStatus>
      <LastUpdateDate />
      <LastUpdateTime />
    </Product>
    <Product>
      <PriceUpdateDate>2018/08/08 15:47</PriceUpdateDate>
      <ItemCode>72986233</ItemCode>
      <ItemType>0</ItemType>
      <ItemName>מעדן חלב בטעם וניל באדי (125 גרם)</ItemName>
      <ManufactureName>תנובה - חלב</ManufactureName>
      <ManufactureCountry />
      <ManufactureItemDescription />
      <UnitQty>יח`</UnitQty>
      <Quantity>125</Quantity>
      <UnitMeasure>מ"ל</UnitMeasure>
      <BisWeighted>0</BisWeighted>
      <QtyInPackage>1</QtyInPackage>
      <ItemPrice>2.90</ItemPrice>
      <UnitOfMeasurePrice>2.32</UnitOfMeasurePrice>
      <AllowDiscount>0</AllowDiscount>
      <itemStatus>1</itemStatus>
      <LastUpdateDate />
      <LastUpdateTime />
    </Product>
    <Product>
      <PriceUpdateDate>2018/08/08 15:47</PriceUpdateDate>
      <ItemCode>72986240</ItemCode>
      <ItemType>0</ItemType>
      <ItemName>מעדן חלב בטעם שוקולד באדי (125 גרם)</ItemName>
      <ManufactureName>תנובה - חלב</ManufactureName>
      <ManufactureCountry />
      <ManufactureItemDescription />
      <UnitQty>יח`</UnitQty>
      <Quantity>125</Quantity>
      <UnitMeasure>מ"ל</UnitMeasure>
      <BisWeighted>0</BisWeighted>
      <QtyInPackage>1</QtyInPackage>
      <ItemPrice>2.90</ItemPrice>
      <UnitOfMeasurePrice>2.32</UnitOfMeasurePrice>
      <AllowDiscount>0</AllowDiscount>
      <itemStatus>1</itemStatus>
      <LastUpdateDate />
      <LastUpdateTime />
    </Product>
    <Product>
      <PriceUpdateDate>2016/12/14 09:05</PriceUpdateDate>
      <ItemCode>72986370</ItemCode>
      <ItemType>0</ItemType>
      <ItemName>גלידת פיינטים וניל צרפתי בן אנד גריס</ItemName>
      <ManufactureName>מוצרי איכות אמריקאיים בעמ</ManufactureName>
      <ManufactureCountry />
      <ManufactureItemDescription />
      <UnitQty>יח`</UnitQty>
      <Quantity>420</Quantity>
      <UnitMeasure>מ"ל</UnitMeasure>
      <BisWeighted>0</BisWeighted>
      <QtyInPackage>1</QtyInPackage>
      <ItemPrice>19.90</ItemPrice>
      <UnitOfMeasurePrice>4.74</UnitOfMeasurePrice>
      <AllowDiscount>1</AllowDiscount>
      <itemStatus>1</itemStatus>
      <LastUpdateDate />
      <LastUpdateTime />
    </Product>
    <Product>
      <PriceUpdateDate>2016/12/14 09:05</PriceUpdateDate>
      <ItemCode>72986424</ItemCode>
      <ItemType>0</ItemType>
      <ItemName>גלידת פיינטים קרם עוגיות</ItemName>
      <ManufactureName>מוצרי איכות אמריקאיים בעמ</ManufactureName>
      <ManufactureCountry />
      <ManufactureItemDescription />
      <UnitQty>יח`</UnitQty>
      <Quantity>420</Quantity>
      <UnitMeasure>מ"ל</UnitMeasure>
      <BisWeighted>0</BisWeighted>
      <QtyInPackage>1</QtyInPackage>
      <ItemPrice>19.90</ItemPrice>
      <UnitOfMeasurePrice>4.74</UnitOfMeasurePrice>
      <AllowDiscount>1</AllowDiscount>
      <itemStatus>1</itemStatus>
      <LastUpdateDate />
      <LastUpdateTime />
    </Product>
    <Product>
      <PriceUpdateDate>2016/12/14 09:05</PriceUpdateDate>
      <ItemCode>72986448</ItemCode>
      <ItemType>0</ItemType>
      <ItemName>גלידת פיינטים טופי קרנץ</ItemName>
      <ManufactureName>מוצרי איכות אמריקאיים בעמ</ManufactureName>
      <ManufactureCountry />
      <ManufactureItemDescription />
      <UnitQty>יח`</UnitQty>
      <Quantity>420</Quantity>
      <UnitMeasure>מ"ל</UnitMeasure>
      <BisWeighted>0</BisWeighted>
      <QtyInPackage>1</QtyInPackage>
      <ItemPrice>19.90</ItemPrice>
      <UnitOfMeasurePrice>4.74</UnitOfMeasurePrice>
      <AllowDiscount>1</AllowDiscount>
      <itemStatus>1</itemStatus>
      <LastUpdateDate />
      <LastUpdateTime />
    </Product>
    <Product>
      <PriceUpdateDate>2016/12/14 09:05</PriceUpdateDate>
      <ItemCode>72986455</ItemCode>
      <ItemType>0</ItemType>
      <ItemName>גלידת פיינטים ניו-יורק סופר</ItemName>
      <ManufactureName>מוצרי איכות אמריקאיים בעמ</ManufactureName>
      <ManufactureCountry />
      <ManufactureItemDescription />
      <UnitQty>יח`</UnitQty>
      <Quantity>420</Quantity>
      <UnitMeasure>מ"ל</UnitMeasure>
      <BisWeighted>0</BisWeighted>
      <QtyInPackage>1</QtyInPackage>
      <ItemPrice>19.90</ItemPrice>
      <UnitOfMeasurePrice>4.74</UnitOfMeasurePrice>
      <AllowDiscount>1</AllowDiscount>
      <itemStatus>1</itemStatus>
      <LastUpdateDate />
      <LastUpdateTime />
    </Product>
    <Product>
      <PriceUpdateDate>2016/12/14 09:05</PriceUpdateDate>
      <ItemCode>72986479</ItemCode>
      <ItemType>0</ItemType>
      <ItemName>גלידת פיינטים צאנקי מנקי</ItemName>
      <ManufactureName>מוצרי איכות אמריקאיים בעמ</ManufactureName>
      <ManufactureCountry />
      <ManufactureItemDescription />
      <UnitQty>יח`</UnitQty>
      <Quantity>420</Quantity>
      <UnitMeasure>מ"ל</UnitMeasure>
      <BisWeighted>0</BisWeighted>
      <QtyInPackage>1</QtyInPackage>
      <ItemPrice>19.90</ItemPrice>
      <UnitOfMeasurePrice>4.74</UnitOfMeasurePrice>
      <AllowDiscount>1</AllowDiscount>
      <itemStatus>1</itemStatus>
      <LastUpdateDate />
      <LastUpdateTime />
    </Product>
    <Product>
      <PriceUpdateDate>2016/12/14 09:05</PriceUpdateDate>
      <ItemCode>72989425</ItemCode>
      <ItemType>0</ItemType>
      <ItemName>גלידת פיינטים שוקולד בראוניס</ItemName>
      <ManufactureName>מוצרי איכות אמריקאיים בעמ</ManufactureName>
      <ManufactureCountry />
      <ManufactureItemDescription />
      <UnitQty>יח`</UnitQty>
      <Quantity>420</Quantity>
      <UnitMeasure>מ"ל</UnitMeasure>
      <BisWeighted>0</BisWeighted>
      <QtyInPackage>1</QtyInPackage>
      <ItemPrice>19.90</ItemPrice>
      <UnitOfMeasurePrice>4.74</UnitOfMeasurePrice>
      <AllowDiscount>1</AllowDiscount>
      <itemStatus>1</itemStatus>
      <LastUpdateDate />
      <LastUpdateTime />
    </Product>
    <Product>
      <PriceUpdateDate>2015/11/30 11:02</PriceUpdateDate>
      <ItemCode>72991008</ItemCode>
      <ItemType>0</ItemType>
      <ItemName>חטיף פסק זמן מגדים</ItemName>
      <ManufactureName>שטראוס גרופ בעמ</ManufactureName>
      <ManufactureCountry />
      <ManufactureItemDescription />
      <UnitQty>יח`</UnitQty>
      <Quantity>45</Quantity>
      <UnitMeasure>גרם</UnitMeasure>
      <BisWeighted>0</BisWeighted>
      <QtyInPackage>1</QtyInPackage>
      <ItemPrice>4.90</ItemPrice>
      <UnitOfMeasurePrice>10.89</UnitOfMeasurePrice>
      <AllowDiscount>0</AllowDiscount>
      <itemStatus>1</itemStatus>
      <LastUpdateDate />
      <LastUpdateTime />
    </Product>
    <Product>
      <PriceUpdateDate>2018/10/26 10:42</PriceUpdateDate>
      <ItemCode>72991374</ItemCode>
      <ItemType>0</ItemType>
      <ItemName>טיים רד</ItemName>
      <ManufactureName>דובק בעמ</ManufactureName>
      <ManufactureCountry />
      <ManufactureItemDescription />
      <UnitQty>יח`</UnitQty>
      <Quantity>1</Quantity>
      <UnitMeasure />
      <BisWeighted>0</BisWeighted>
      <QtyInPackage>1</QtyInPackage>
      <ItemPrice>26.80</ItemPrice>
      <UnitOfMeasurePrice>26.80</UnitOfMeasurePrice>
      <AllowDiscount>0</AllowDiscount>
      <itemStatus>1</itemStatus>
      <LastUpdateDate />
      <LastUpdateTime />
    </Product>
    <Product>
      <PriceUpdateDate>2018/10/26 10:42</PriceUpdateDate>
      <ItemCode>72991381</ItemCode>
      <ItemType>0</ItemType>
      <ItemName>טיים 100 ארוך בודד</ItemName>
      <ManufactureName>דובק בעמ</ManufactureName>
      <ManufactureCountry />
      <ManufactureItemDescription />
      <UnitQty>יח`</UnitQty>
      <Quantity>1</Quantity>
      <UnitMeasure />
      <BisWeighted>0</BisWeighted>
      <QtyInPackage>1</QtyInPackage>
      <ItemPrice>26.80</ItemPrice>
      <UnitOfMeasurePrice>26.80</UnitOfMeasurePrice>
      <AllowDiscount>0</AllowDiscount>
      <itemStatus>1</itemStatus>
      <LastUpdateDate />
      <LastUpdateTime />
    </Product>
    <Product>
      <PriceUpdateDate>2018/10/26 10:42</PriceUpdateDate>
      <ItemCode>72991404</ItemCode>
      <ItemType>0</ItemType>
      <ItemName>אירופה</ItemName>
      <ManufactureName>דובק בעמ</ManufactureName>
      <ManufactureCountry />
      <ManufactureItemDescription />
      <UnitQty>יח`</UnitQty>
      <Quantity>1</Quantity>
      <UnitMeasure />
      <BisWeighted>0</BisWeighted>
      <QtyInPackage>1</QtyInPackage>
      <ItemPrice>26.80</ItemPrice>
      <UnitOfMeasurePrice>26.80</UnitOfMeasurePrice>
      <AllowDiscount>0</AllowDiscount>
      <itemStatus>1</itemStatus>
      <LastUpdateDate />
      <LastUpdateTime />
    </Product>
    <Product>
      <PriceUpdateDate>2018/10/26 10:42</PriceUpdateDate>
      <ItemCode>72991473</ItemCode>
      <ItemType>0</ItemType>
      <ItemName>שרתון</ItemName>
      <ManufactureName>דובק בעמ</ManufactureName>
      <ManufactureCountry />
      <ManufactureItemDescription />
      <UnitQty>יח`</UnitQty>
      <Quantity>1</Quantity>
      <UnitMeasure />
      <BisWeighted>0</BisWeighted>
      <QtyInPackage>1</QtyInPackage>
      <ItemPrice>26.80</ItemPrice>
      <UnitOfMeasurePrice>26.80</UnitOfMeasurePrice>
      <AllowDiscount>0</AllowDiscount>
      <itemStatus>1</itemStatus>
      <LastUpdateDate />
      <LastUpdateTime />
    </Product>
    <Product>
      <PriceUpdateDate>2015/07/05 09:30</PriceUpdateDate>
      <ItemCode>72991497</ItemCode>
      <ItemType>0</ItemType>
      <ItemName>נובלס פילטר</ItemName>
      <ManufactureName>דובק בעמ</ManufactureName>
      <ManufactureCountry />
      <ManufactureItemDescription />
      <UnitQty>יח`</UnitQty>
      <Quantity>1</Quantity>
      <UnitMeasure />
      <BisWeighted>0</BisWeighted>
      <QtyInPackage>1</QtyInPackage>
      <ItemPrice>26</ItemPrice>
      <UnitOfMeasurePrice>26</UnitOfMeasurePrice>
      <AllowDiscount>0</AllowDiscount>
      <itemStatus>1</itemStatus>
      <LastUpdateDate />
      <LastUpdateTime />
    </Product>
    <Product>
      <PriceUpdateDate>2019/09/15 10:56</PriceUpdateDate>
      <ItemCode>72991510</ItemCode>
      <ItemType>0</ItemType>
      <ItemName>מונטנה פילטר</ItemName>
      <ManufactureName>דובק בעמ</ManufactureName>
      <ManufactureCountry />
      <ManufactureItemDescription />
      <UnitQty>יח`</UnitQty>
      <Quantity>1</Quantity>
      <UnitMeasure />
      <BisWeighted>0</BisWeighted>
      <QtyInPackage>1</QtyInPackage>
      <ItemPrice>28</ItemPrice>
      <UnitOfMeasurePrice>28</UnitOfMeasurePrice>
      <AllowDiscount>0</AllowDiscount>
      <itemStatus>1</itemStatus>
      <LastUpdateDate />
      <LastUpdateTime />
    </Product>
    <Product>
      <PriceUpdateDate>2016/12/14 09:05</PriceUpdateDate>
      <ItemCode>72991886</ItemCode>
      <ItemType>0</ItemType>
      <ItemName>גלידת פיינטים בן אנד גריס פיינט 750 מל</ItemName>
      <ManufactureName>מוצרי איכות אמריקאיים בעמ</ManufactureName>
      <ManufactureCountry />
      <ManufactureItemDescription />
      <UnitQty>יח`</UnitQty>
      <Quantity>750</Quantity>
      <UnitMeasure>מ"ל</UnitMeasure>
      <BisWeighted>0</BisWeighted>
      <QtyInPackage>1</QtyInPackage>
      <ItemPrice>19.90</ItemPrice>
      <UnitOfMeasurePrice>2.65</UnitOfMeasurePrice>
      <AllowDiscount>1</AllowDiscount>
      <itemStatus>1</itemStatus>
      <LastUpdateDate />
      <LastUpdateTime />
    </Product>
    <Product>
      <PriceUpdateDate>2019/07/29 09:01</PriceUpdateDate>
      <ItemCode>72993477</ItemCode>
      <ItemType>0</ItemType>
      <ItemName>אל.אמ וייב סלימס חפיסה) (20</ItemName>
      <ManufactureName>פיליפ מוריס בעמ</ManufactureName>
      <ManufactureCountry />
      <ManufactureItemDescription />
      <UnitQty>יח`</UnitQty>
      <Quantity>1</Quantity>
      <UnitMeasure />
      <BisWeighted>0</BisWeighted>
      <QtyInPackage>1</QtyInPackage>
      <ItemPrice>28</ItemPrice>
      <UnitOfMeasurePrice>28</UnitOfMeasurePrice>
      <AllowDiscount>0</AllowDiscount>
      <itemStatus>1</itemStatus>
      <LastUpdateDate />
      <LastUpdateTime />
    </Product>
    <Product>
      <PriceUpdateDate>2014/01/01 08:37</PriceUpdateDate>
      <ItemCode>72993637</ItemCode>
      <ItemType>0</ItemType>
      <ItemName>דני שוקולד בודד</ItemName>
      <ManufactureName>שטראוס גרופ בעמ/מצונן</ManufactureName>
      <ManufactureCountry />
      <ManufactureItemDescription />
      <UnitQty>יח`</UnitQty>
      <Quantity>125</Quantity>
      <UnitMeasure>מ"ל</UnitMeasure>
      <BisWeighted>0</BisWeighted>
      <QtyInPackage>1</QtyInPackage>
      <ItemPrice>2.60</ItemPrice>
      <UnitOfMeasurePrice>2.08</UnitOfMeasurePrice>
      <AllowDiscount>0</AllowDiscount>
      <itemStatus>1</itemStatus>
      <LastUpdateDate />
      <LastUpdateTime />
    </Product>
    <Product>
      <PriceUpdateDate>2018/03/27 10:12</PriceUpdateDate>
      <ItemCode>72993927</ItemCode>
      <ItemType>0</ItemType>
      <ItemName>נקסט 100 חפיסה) (20</ItemName>
      <ManufactureName>פיליפ מוריס בעמ</ManufactureName>
      <ManufactureCountry />
      <ManufactureItemDescription />
      <UnitQty>יח`</UnitQty>
      <Quantity>1</Quantity>
      <UnitMeasure />
      <BisWeighted>0</BisWeighted>
      <QtyInPackage>1</QtyInPackage>
      <ItemPrice>27</ItemPrice>
      <UnitOfMeasurePrice>27</UnitOfMeasurePrice>
      <AllowDiscount>0</AllowDiscount>
      <itemStatus>1</itemStatus>
      <LastUpdateDate />
      <LastUpdateTime />
    </Product>
    <Product>
      <PriceUpdateDate>2017/10/06 10:34</PriceUpdateDate>
      <ItemCode>72994061</ItemCode>
      <ItemType>0</ItemType>
      <ItemName>Good2 פסק זמן 36 גרם</ItemName>
      <ManufactureName>שטראוס גרופ בעמ</ManufactureName>
      <ManufactureCountry />
      <ManufactureItemDescription />
      <UnitQty>יח`</UnitQty>
      <Quantity>36</Quantity>
      <UnitMeasure>גרם</UnitMeasure>
      <BisWeighted>0</BisWeighted>
      <QtyInPackage>1</QtyInPackage>
      <ItemPrice>4.90</ItemPrice>
      <UnitOfMeasurePrice>13.61</UnitOfMeasurePrice>
      <AllowDiscount>0</AllowDiscount>
      <itemStatus>1</itemStatus>
      <LastUpdateDate />
      <LastUpdateTime />
    </Product>
    <Product>
      <PriceUpdateDate>2018/03/27 10:12</PriceUpdateDate>
      <ItemCode>72994252</ItemCode>
      <ItemType>0</ItemType>
      <ItemName>נקסט לילך</ItemName>
      <ManufactureName>פיליפ מוריס בעמ</ManufactureName>
      <ManufactureCountry />
      <ManufactureItemDescription />
      <UnitQty>יח`</UnitQty>
      <Quantity>1</Quantity>
      <UnitMeasure />
      <BisWeighted>0</BisWeighted>
      <QtyInPackage>1</QtyInPackage>
      <ItemPrice>27</ItemPrice>
      <UnitOfMeasurePrice>27</UnitOfMeasurePrice>
      <AllowDiscount>0</AllowDiscount>
      <itemStatus>1</itemStatus>
      <LastUpdateDate />
      <LastUpdateTime />
    </Product>
    <Product>
      <PriceUpdateDate>2019/05/05 14:26</PriceUpdateDate>
      <ItemCode>72994269</ItemCode>
      <ItemType>0</ItemType>
      <ItemName>מרלבורו גולד  טאצ`בודד</ItemName>
      <ManufactureName>פיליפ מוריס בעמ</ManufactureName>
      <ManufactureCountry />
      <ManufactureItemDescription />
      <UnitQty>יח`</UnitQty>
      <Quantity>1</Quantity>
      <UnitMeasure />
      <BisWeighted>0</BisWeighted>
      <QtyInPackage>1</QtyInPackage>
      <ItemPrice>28.50</ItemPrice>
      <UnitOfMeasurePrice>28.50</UnitOfMeasurePrice>
      <AllowDiscount>0</AllowDiscount>
      <itemStatus>1</itemStatus>
      <LastUpdateDate />
      <LastUpdateTime />
    </Product>
    <Product>
      <PriceUpdateDate>2019/07/29 09:01</PriceUpdateDate>
      <ItemCode>72994276</ItemCode>
      <ItemType>0</ItemType>
      <ItemName>מרלבורו גולדפין  טאצ`בודד</ItemName>
      <ManufactureName>פיליפ מוריס בעמ</ManufactureName>
      <ManufactureCountry />
      <ManufactureItemDescription />
      <UnitQty>יח`</UnitQty>
      <Quantity>1</Quantity>
      <UnitMeasure />
      <BisWeighted>0</BisWeighted>
      <QtyInPackage>1</QtyInPackage>
      <ItemPrice>28</ItemPrice>
      <UnitOfMeasurePrice>28</UnitOfMeasurePrice>
      <AllowDiscount>0</AllowDiscount>
      <itemStatus>1</itemStatus>
      <LastUpdateDate />
      <LastUpdateTime />
    </Product>
    <Product>
      <PriceUpdateDate>2018/03/27 10:12</PriceUpdateDate>
      <ItemCode>72994603</ItemCode>
      <ItemType>0</ItemType>
      <ItemName>חפיסת סיגריות ריסס פילטר נקסט) (20</ItemName>
      <ManufactureName>פיליפ מוריס בעמ</ManufactureName>
      <ManufactureCountry />
      <ManufactureItemDescription />
      <UnitQty>יח`</UnitQty>
      <Quantity>1</Quantity>
      <UnitMeasure />
      <BisWeighted>0</BisWeighted>
      <QtyInPackage>1</QtyInPackage>
      <ItemPrice>27</ItemPrice>
      <UnitOfMeasurePrice>27</UnitOfMeasurePrice>
      <AllowDiscount>0</AllowDiscount>
      <itemStatus>1</itemStatus>
      <LastUpdateDate />
      <LastUpdateTime />
    </Product>
    <Product>
      <PriceUpdateDate>2018/03/27 10:12</PriceUpdateDate>
      <ItemCode>72994610</ItemCode>
      <ItemType>0</ItemType>
      <ItemName>נקסט ריסס 100</ItemName>
      <ManufactureName>פיליפ מוריס בעמ</ManufactureName>
      <ManufactureCountry />
      <ManufactureItemDescription />
      <UnitQty>יח`</UnitQty>
      <Quantity>1</Quantity>
      <UnitMeasure />
      <BisWeighted>0</BisWeighted>
      <QtyInPackage>1</QtyInPackage>
      <ItemPrice>27</ItemPrice>
      <UnitOfMeasurePrice>27</UnitOfMeasurePrice>
      <AllowDiscount>0</AllowDiscount>
      <itemStatus>1</itemStatus>
      <LastUpdateDate />
      <LastUpdateTime />
    </Product>
    <Product>
      <PriceUpdateDate>2019/11/21 17:03</PriceUpdateDate>
      <ItemCode>72994627</ItemCode>
      <ItemType>0</ItemType>
      <ItemName>נקסט  אדג`בודד</ItemName>
      <ManufactureName>פיליפ מוריס בעמ</ManufactureName>
      <ManufactureCountry />
      <ManufactureItemDescription />
      <UnitQty>יח`</UnitQty>
      <Quantity>1</Quantity>
      <UnitMeasure />
      <BisWeighted>0</BisWeighted>
      <QtyInPackage>1</QtyInPackage>
      <ItemPrice>24</ItemPrice>
      <UnitOfMeasurePrice>24</UnitOfMeasurePrice>
      <AllowDiscount>0</AllowDiscount>
      <itemStatus>1</itemStatus>
      <LastUpdateDate />
      <LastUpdateTime />
    </Product>
    <Product>
      <PriceUpdateDate>2019/11/21 17:03</PriceUpdateDate>
      <ItemCode>72994634</ItemCode>
      <ItemType>0</ItemType>
      <ItemName>נקסט פיין  אדג`בודד</ItemName>
      <ManufactureName>פיליפ מוריס בעמ</ManufactureName>
      <ManufactureCountry />
      <ManufactureItemDescription />
      <UnitQty>יח`</UnitQty>
      <Quantity>1</Quantity>
      <UnitMeasure />
      <BisWeighted>0</BisWeighted>
      <QtyInPackage>1</QtyInPackage>
      <ItemPrice>24</ItemPrice>
      <UnitOfMeasurePrice>24</UnitOfMeasurePrice>
      <AllowDiscount>0</AllowDiscount>
      <itemStatus>1</itemStatus>
      <LastUpdateDate />
      <LastUpdateTime />
    </Product>
    <Product>
      <PriceUpdateDate>2018/12/04 07:21</PriceUpdateDate>
      <ItemCode>76136184</ItemCode>
      <ItemType>0</ItemType>
      <ItemName>פאל מאל סופר סלים כחול</ItemName>
      <ManufactureName>גלוברנדס בעמ - שיווק סיגריות</ManufactureName>
      <ManufactureCountry />
      <ManufactureItemDescription />
      <UnitQty>יח`</UnitQty>
      <Quantity>1</Quantity>
      <UnitMeasure />
      <BisWeighted>0</BisWeighted>
      <QtyInPackage>1</QtyInPackage>
      <ItemPrice>27.50</ItemPrice>
      <UnitOfMeasurePrice>27.50</UnitOfMeasurePrice>
      <AllowDiscount>0</AllowDiscount>
      <itemStatus>1</itemStatus>
      <LastUpdateDate />
      <LastUpdateTime />
    </Product>
    <Product>
      <PriceUpdateDate>2016/06/06 08:40</PriceUpdateDate>
      <ItemCode>78009226</ItemCode>
      <ItemType>0</ItemType>
      <ItemName>דאודורנט סטיק אורגינל דאב (50 גרם)</ItemName>
      <ManufactureName>יוניליוור ישראל שיווק בעמ</ManufactureName>
      <ManufactureCountry />
      <ManufactureItemDescription />
      <UnitQty>יח`</UnitQty>
      <Quantity>50</Quantity>
      <UnitMeasure>גרם</UnitMeasure>
      <BisWeighted>0</BisWeighted>
      <QtyInPackage>1</QtyInPackage>
      <ItemPrice>14.90</ItemPrice>
      <UnitOfMeasurePrice>29.80</UnitOfMeasurePrice>
      <AllowDiscount>0</AllowDiscount>
      <itemStatus>1</itemStatus>
      <LastUpdateDate />
      <LastUpdateTime />
    </Product>
    <Product>
      <PriceUpdateDate>2017/11/01 12:35</PriceUpdateDate>
      <ItemCode>80042563</ItemCode>
      <ItemType>0</ItemType>
      <ItemName>פאסטה עגבניות 700mutti גרם</ItemName>
      <ManufactureName>רסטרטו יבוא ושיווק בעמ</ManufactureName>
      <ManufactureCountry />
      <ManufactureItemDescription />
      <UnitQty>יח`</UnitQty>
      <Quantity>700</Quantity>
      <UnitMeasure>גרם</UnitMeasure>
      <BisWeighted>0</BisWeighted>
      <QtyInPackage>1</QtyInPackage>
      <ItemPrice>10.90</ItemPrice>
      <UnitOfMeasurePrice>1.56</UnitOfMeasurePrice>
      <AllowDiscount>0</AllowDiscount>
      <itemStatus>1</itemStatus>
      <LastUpdateDate />
      <LastUpdateTime />
    </Product>
    <Product>
      <PriceUpdateDate>2017/01/17 12:33</PriceUpdateDate>
      <ItemCode>80052760</ItemCode>
      <ItemType>0</ItemType>
      <ItemName>בואנו קינדר בודד</ItemName>
      <ManufactureName>פרימיום-חברה לדברי מתיקה ולמסח</ManufactureName>
      <ManufactureCountry />
      <ManufactureItemDescription />
      <UnitQty>יח`</UnitQty>
      <Quantity>1</Quantity>
      <UnitMeasure />
      <BisWeighted>0</BisWeighted>
      <QtyInPackage>1</QtyInPackage>
      <ItemPrice>3.90</ItemPrice>
      <UnitOfMeasurePrice>3.90</UnitOfMeasurePrice>
      <AllowDiscount>0</AllowDiscount>
      <itemStatus>1</itemStatus>
      <LastUpdateDate />
      <LastUpdateTime />
    </Product>
    <Product>
      <PriceUpdateDate>2019/12/26 12:34</PriceUpdateDate>
      <ItemCode>80176800</ItemCode>
      <ItemType>0</ItemType>
      <ItemName>ממרח אגוזי לוז נוטלה (750 גרם)</ItemName>
      <ManufactureName>פרימיום-חברה לדברי מתיקה ולמסח</ManufactureName>
      <ManufactureCountry />
      <ManufactureItemDescription />
      <UnitQty>יח`</UnitQty>
      <Quantity>750</Quantity>
      <UnitMeasure>גרם</UnitMeasure>
      <BisWeighted>0</BisWeighted>
      <QtyInPackage>1</QtyInPackage>
      <ItemPrice>24.90</ItemPrice>
      <UnitOfMeasurePrice>3.32</UnitOfMeasurePrice>
      <AllowDiscount>0</AllowDiscount>
      <itemStatus>1</itemStatus>
      <LastUpdateDate />
      <LastUpdateTime />
    </Product>
    <Product>
      <PriceUpdateDate>2019/12/23 11:04</PriceUpdateDate>
      <ItemCode>80177173</ItemCode>
      <ItemType>0</ItemType>
      <ItemName>ממרח אגוזי לוז נוטלה (350 גרם)</ItemName>
      <ManufactureName>פרימיום-חברה לדברי מתיקה ולמסח</ManufactureName>
      <ManufactureCountry />
      <ManufactureItemDescription />
      <UnitQty>יח`</UnitQty>
      <Quantity>350</Quantity>
      <UnitMeasure>גרם</UnitMeasure>
      <BisWeighted>0</BisWeighted>
      <QtyInPackage>1</QtyInPackage>
      <ItemPrice>14.90</ItemPrice>
      <UnitOfMeasurePrice>4.26</UnitOfMeasurePrice>
      <AllowDiscount>0</AllowDiscount>
      <itemStatus>1</itemStatus>
      <LastUpdateDate />
      <LastUpdateTime />
    </Product>
    <Product>
      <PriceUpdateDate>2017/01/17 12:33</PriceUpdateDate>
      <ItemCode>80177609</ItemCode>
      <ItemType>0</ItemType>
      <ItemName>קינדר שוקולד 50 גר</ItemName>
      <ManufactureName>פרימיום-חברה לדברי מתיקה ולמסח</ManufactureName>
      <ManufactureCountry />
      <ManufactureItemDescription />
      <UnitQty>יח`</UnitQty>
      <Quantity>50</Quantity>
      <UnitMeasure>גרם</UnitMeasure>
      <BisWeighted>0</BisWeighted>
      <QtyInPackage>1</QtyInPackage>
      <ItemPrice>3.90</ItemPrice>
      <UnitOfMeasurePrice>7.80</UnitOfMeasurePrice>
      <AllowDiscount>0</AllowDiscount>
      <itemStatus>1</itemStatus>
      <LastUpdateDate />
      <LastUpdateTime />
    </Product>
    <Product>
      <PriceUpdateDate>2017/12/12 07:58</PriceUpdateDate>
      <ItemCode>80310549</ItemCode>
      <ItemType>0</ItemType>
      <ItemName>חטיף הפי היפו בודד</ItemName>
      <ManufactureName>פרימיום-חברה לדברי מתיקה ולמסח</ManufactureName>
      <ManufactureCountry />
      <ManufactureItemDescription />
      <UnitQty>יח`</UnitQty>
      <Quantity>35</Quantity>
      <UnitMeasure>גרם</UnitMeasure>
      <BisWeighted>0</BisWeighted>
      <QtyInPackage>1</QtyInPackage>
      <ItemPrice>2.90</ItemPrice>
      <UnitOfMeasurePrice>8.29</UnitOfMeasurePrice>
      <AllowDiscount>0</AllowDiscount>
      <itemStatus>1</itemStatus>
      <LastUpdateDate />
      <LastUpdateTime />
    </Product>
    <Product>
      <PriceUpdateDate>2019/11/26 11:26</PriceUpdateDate>
      <ItemCode>80762362</ItemCode>
      <ItemType>0</ItemType>
      <ItemName>מסטיק מנטוס וויט בטעם מנטה אקליפטוס</ItemName>
      <ManufactureName>ליימן שליסל בעמ</ManufactureName>
      <ManufactureCountry />
      <ManufactureItemDescription />
      <UnitQty>יח`</UnitQty>
      <Quantity>60</Quantity>
      <UnitMeasure>גרם</UnitMeasure>
      <BisWeighted>0</BisWeighted>
      <QtyInPackage>1</QtyInPackage>
      <ItemPrice>9.90</ItemPrice>
      <UnitOfMeasurePrice>16.50</UnitOfMeasurePrice>
      <AllowDiscount>1</AllowDiscount>
      <itemStatus>1</itemStatus>
      <LastUpdateDate />
      <LastUpdateTime />
    </Product>
    <Product>
      <PriceUpdateDate>2019/06/30 11:17</PriceUpdateDate>
      <ItemCode>80768838</ItemCode>
      <ItemType>0</ItemType>
      <ItemName>מסטיק מנטוס וויט ביג בטעם מנטה פירות 10</ItemName>
      <ManufactureName>ליימן שליסל בעמ</ManufactureName>
      <ManufactureCountry />
      <ManufactureItemDescription />
      <UnitQty>יח`</UnitQty>
      <Quantity>105</Quantity>
      <UnitMeasure>גרם</UnitMeasure>
      <BisWeighted>0</BisWeighted>
      <QtyInPackage>1</QtyInPackage>
      <ItemPrice>16.90</ItemPrice>
      <UnitOfMeasurePrice>16.10</UnitOfMeasurePrice>
      <AllowDiscount>0</AllowDiscount>
      <itemStatus>1</itemStatus>
      <LastUpdateDate />
      <LastUpdateTime />
    </Product>
    <Product>
      <PriceUpdateDate>2019/11/26 11:26</PriceUpdateDate>
      <ItemCode>80769545</ItemCode>
      <ItemType>0</ItemType>
      <ItemName>מסטיק מנטוס פיור פרש בבקבוק בינוני בטעם</ItemName>
      <ManufactureName>ליימן שליסל בעמ</ManufactureName>
      <ManufactureCountry />
      <ManufactureItemDescription />
      <UnitQty>יח`</UnitQty>
      <Quantity>60</Quantity>
      <UnitMeasure>גרם</UnitMeasure>
      <BisWeighted>0</BisWeighted>
      <QtyInPackage>1</QtyInPackage>
      <ItemPrice>9.90</ItemPrice>
      <UnitOfMeasurePrice>16.50</UnitOfMeasurePrice>
      <AllowDiscount>1</AllowDiscount>
      <itemStatus>1</itemStatus>
      <LastUpdateDate />
      <LastUpdateTime />
    </Product>
    <Product>
      <PriceUpdateDate>2019/11/26 11:26</PriceUpdateDate>
      <ItemCode>80769699</ItemCode>
      <ItemType>0</ItemType>
      <ItemName>מסטיק מנטוס וויט מנטה פירות</ItemName>
      <ManufactureName>ליימן שליסל בעמ</ManufactureName>
      <ManufactureCountry />
      <ManufactureItemDescription />
      <UnitQty>יח`</UnitQty>
      <Quantity>1</Quantity>
      <UnitMeasure />
      <BisWeighted>0</BisWeighted>
      <QtyInPackage>1</QtyInPackage>
      <ItemPrice>9.90</ItemPrice>
      <UnitOfMeasurePrice>9.90</UnitOfMeasurePrice>
      <AllowDiscount>1</AllowDiscount>
      <itemStatus>1</itemStatus>
      <LastUpdateDate />
      <LastUpdateTime />
    </Product>
    <Product>
      <PriceUpdateDate>2019/11/26 11:26</PriceUpdateDate>
      <ItemCode>80773429</ItemCode>
      <ItemType>0</ItemType>
      <ItemName>מסטיק מנטוס פיור פרש בקבוק בינוני בטעם ת</ItemName>
      <ManufactureName>ליימן שליסל בעמ</ManufactureName>
      <ManufactureCountry />
      <ManufactureItemDescription />
      <UnitQty>יח`</UnitQty>
      <Quantity>60</Quantity>
      <UnitMeasure>גרם</UnitMeasure>
      <BisWeighted>0</BisWeighted>
      <QtyInPackage>1</QtyInPackage>
      <ItemPrice>9.90</ItemPrice>
      <UnitOfMeasurePrice>16.50</UnitOfMeasurePrice>
      <AllowDiscount>1</AllowDiscount>
      <itemStatus>1</itemStatus>
      <LastUpdateDate />
      <LastUpdateTime />
    </Product>
    <Product>
      <PriceUpdateDate>2019/11/26 11:26</PriceUpdateDate>
      <ItemCode>80773443</ItemCode>
      <ItemType>0</ItemType>
      <ItemName>מסטיק מנטוס בבקבוק מעוגל בטעם מנטה עדין</ItemName>
      <ManufactureName>ליימן שליסל בעמ</ManufactureName>
      <ManufactureCountry />
      <ManufactureItemDescription />
      <UnitQty>יח`</UnitQty>
      <Quantity>60</Quantity>
      <UnitMeasure>גרם</UnitMeasure>
      <BisWeighted>0</BisWeighted>
      <QtyInPackage>1</QtyInPackage>
      <ItemPrice>9.90</ItemPrice>
      <UnitOfMeasurePrice>16.50</UnitOfMeasurePrice>
      <AllowDiscount>1</AllowDiscount>
      <itemStatus>1</itemStatus>
      <LastUpdateDate />
      <LastUpdateTime />
    </Product>
    <Product>
      <PriceUpdateDate>2019/06/30 11:17</PriceUpdateDate>
      <ItemCode>80776307</ItemCode>
      <ItemType>0</ItemType>
      <ItemName>מסטיק מנטוס ביג בבקבוק מעוגל בטעם פירות</ItemName>
      <ManufactureName>ליימן שליסל בעמ</ManufactureName>
      <ManufactureCountry />
      <ManufactureItemDescription />
      <UnitQty>יח`</UnitQty>
      <Quantity>1</Quantity>
      <UnitMeasure />
      <BisWeighted>0</BisWeighted>
      <QtyInPackage>1</QtyInPackage>
      <ItemPrice>16.90</ItemPrice>
      <UnitOfMeasurePrice>16.90</UnitOfMeasurePrice>
      <AllowDiscount>0</AllowDiscount>
      <itemStatus>1</itemStatus>
      <LastUpdateDate />
      <LastUpdateTime />
    </Product>
    <Product>
      <PriceUpdateDate>2019/06/30 11:17</PriceUpdateDate>
      <ItemCode>80780595</ItemCode>
      <ItemType>0</ItemType>
      <ItemName>מסטיק מנטוס ביג בבקבוק מעוגל בטעם מנטה ע</ItemName>
      <ManufactureName>ליימן שליסל בעמ</ManufactureName>
      <ManufactureCountry />
      <ManufactureItemDescription />
      <UnitQty>יח`</UnitQty>
      <Quantity>1</Quantity>
      <UnitMeasure />
      <BisWeighted>0</BisWeighted>
      <QtyInPackage>1</QtyInPackage>
      <ItemPrice>16.90</ItemPrice>
      <UnitOfMeasurePrice>16.90</UnitOfMeasurePrice>
      <AllowDiscount>0</AllowDiscount>
      <itemStatus>1</itemStatus>
      <LastUpdateDate />
      <LastUpdateTime />
    </Product>
    <Product>
      <PriceUpdateDate>2019/06/30 11:17</PriceUpdateDate>
      <ItemCode>80804697</ItemCode>
      <ItemType>0</ItemType>
      <ItemName>מסטיק מנטוס וויט ביג בטעם מנטה מתוקה 105</ItemName>
      <ManufactureName>ליימן שליסל בעמ</ManufactureName>
      <ManufactureCountry />
      <ManufactureItemDescription />
      <UnitQty>יח`</UnitQty>
      <Quantity>105</Quantity>
      <UnitMeasure>גרם</UnitMeasure>
      <BisWeighted>0</BisWeighted>
      <QtyInPackage>1</QtyInPackage>
      <ItemPrice>16.90</ItemPrice>
      <UnitOfMeasurePrice>16.10</UnitOfMeasurePrice>
      <AllowDiscount>0</AllowDiscount>
      <itemStatus>1</itemStatus>
      <LastUpdateDate />
      <LastUpdateTime />
    </Product>
    <Product>
      <PriceUpdateDate>2019/11/26 11:26</PriceUpdateDate>
      <ItemCode>80828174</ItemCode>
      <ItemType>0</ItemType>
      <ItemName>מסטיק מנטוס וויט מנטה</ItemName>
      <ManufactureName>ליימן שליסל בעמ</ManufactureName>
      <ManufactureCountry />
      <ManufactureItemDescription />
      <UnitQty>יח`</UnitQty>
      <Quantity>1</Quantity>
      <UnitMeasure />
      <BisWeighted>0</BisWeighted>
      <QtyInPackage>1</QtyInPackage>
      <ItemPrice>9.90</ItemPrice>
      <UnitOfMeasurePrice>9.90</UnitOfMeasurePrice>
      <AllowDiscount>1</AllowDiscount>
      <itemStatus>1</itemStatus>
      <LastUpdateDate />
      <LastUpdateTime />
    </Product>
    <Product>
      <PriceUpdateDate>2019/11/26 11:26</PriceUpdateDate>
      <ItemCode>80850885</ItemCode>
      <ItemType>0</ItemType>
      <ItemName>מסטיק מנטוס וויט מנטה עדינה</ItemName>
      <ManufactureName>ליימן שליסל בעמ</ManufactureName>
      <ManufactureCountry />
      <ManufactureItemDescription />
      <UnitQty>יח`</UnitQty>
      <Quantity>1</Quantity>
      <UnitMeasure />
      <BisWeighted>0</BisWeighted>
      <QtyInPackage>1</QtyInPackage>
      <ItemPrice>9.90</ItemPrice>
      <UnitOfMeasurePrice>9.90</UnitOfMeasurePrice>
      <AllowDiscount>1</AllowDiscount>
      <itemStatus>1</itemStatus>
      <LastUpdateDate />
      <LastUpdateTime />
    </Product>
    <Product>
      <PriceUpdateDate>2019/11/26 11:26</PriceUpdateDate>
      <ItemCode>80896081</ItemCode>
      <ItemType>0</ItemType>
      <ItemName>מסטיק מנטוס פיור פרש בקבוק בינוני בטעם א</ItemName>
      <ManufactureName>ליימן שליסל בעמ</ManufactureName>
      <ManufactureCountry />
      <ManufactureItemDescription />
      <UnitQty>יח`</UnitQty>
      <Quantity>60</Quantity>
      <UnitMeasure>גרם</UnitMeasure>
      <BisWeighted>0</BisWeighted>
      <QtyInPackage>1</QtyInPackage>
      <ItemPrice>9.90</ItemPrice>
      <UnitOfMeasurePrice>16.50</UnitOfMeasurePrice>
      <AllowDiscount>1</AllowDiscount>
      <itemStatus>1</itemStatus>
      <LastUpdateDate />
      <LastUpdateTime />
    </Product>
    <Product>
      <PriceUpdateDate>2019/11/26 11:26</PriceUpdateDate>
      <ItemCode>80913467</ItemCode>
      <ItemType>0</ItemType>
      <ItemName>מסטיק מנטוס בבקבוק מעוגל בטעם מנטה 60 גר</ItemName>
      <ManufactureName>ליימן שליסל בעמ</ManufactureName>
      <ManufactureCountry />
      <ManufactureItemDescription />
      <UnitQty>יח`</UnitQty>
      <Quantity>60</Quantity>
      <UnitMeasure>גרם</UnitMeasure>
      <BisWeighted>0</BisWeighted>
      <QtyInPackage>1</QtyInPackage>
      <ItemPrice>9.90</ItemPrice>
      <UnitOfMeasurePrice>16.50</UnitOfMeasurePrice>
      <AllowDiscount>1</AllowDiscount>
      <itemStatus>1</itemStatus>
      <LastUpdateDate />
      <LastUpdateTime />
    </Product>
    <Product>
      <PriceUpdateDate>2018/02/06 12:14</PriceUpdateDate>
      <ItemCode>80938828</ItemCode>
      <ItemType>0</ItemType>
      <ItemName>מסטיק 3D אבטיח אננס מלון מנטוס (33 גרם)</ItemName>
      <ManufactureName>ליימן שליסל בעמ</ManufactureName>
      <ManufactureCountry />
      <ManufactureItemDescription />
      <UnitQty>יח`</UnitQty>
      <Quantity>1</Quantity>
      <UnitMeasure />
      <BisWeighted>0</BisWeighted>
      <QtyInPackage>1</QtyInPackage>
      <ItemPrice>7.90</ItemPrice>
      <UnitOfMeasurePrice>7.90</UnitOfMeasurePrice>
      <AllowDiscount>0</AllowDiscount>
      <itemStatus>1</itemStatus>
      <LastUpdateDate />
      <LastUpdateTime />
    </Product>
    <Product>
      <PriceUpdateDate>2019/11/26 11:26</PriceUpdateDate>
      <ItemCode>80948698</ItemCode>
      <ItemType>0</ItemType>
      <ItemName>מסטיק מנטוס פיור בבקבוק בינוני בטעם טרופ</ItemName>
      <ManufactureName>ליימן שליסל בעמ</ManufactureName>
      <ManufactureCountry />
      <ManufactureItemDescription />
      <UnitQty>יח`</UnitQty>
      <Quantity>60</Quantity>
      <UnitMeasure>גרם</UnitMeasure>
      <BisWeighted>0</BisWeighted>
      <QtyInPackage>1</QtyInPackage>
      <ItemPrice>9.90</ItemPrice>
      <UnitOfMeasurePrice>16.50</UnitOfMeasurePrice>
      <AllowDiscount>1</AllowDiscount>
      <itemStatus>1</itemStatus>
      <LastUpdateDate />
      <LastUpdateTime />
    </Product>
    <Product>
      <PriceUpdateDate>2018/11/12 09:43</PriceUpdateDate>
      <ItemCode>80974215</ItemCode>
      <ItemType>0</ItemType>
      <ItemName>מסטיק מנטוס פיור בבקבוק בטעם תות 90 גר`</ItemName>
      <ManufactureName>ליימן שליסל בעמ</ManufactureName>
      <ManufactureCountry />
      <ManufactureItemDescription />
      <UnitQty>יח`</UnitQty>
      <Quantity>1</Quantity>
      <UnitMeasure />
      <BisWeighted>0</BisWeighted>
      <QtyInPackage>1</QtyInPackage>
      <ItemPrice>17.90</ItemPrice>
      <UnitOfMeasurePrice>17.90</UnitOfMeasurePrice>
      <AllowDiscount>0</AllowDiscount>
      <itemStatus>1</itemStatus>
      <LastUpdateDate />
      <LastUpdateTime />
    </Product>
    <Product>
      <PriceUpdateDate>2015/04/29 11:35</PriceUpdateDate>
      <ItemCode>85951730</ItemCode>
      <ItemType>0</ItemType>
      <ItemName>פילטרים לגילגול סיגריות סלים פארטי) (120</ItemName>
      <ManufactureName>צפניה ברזילי בעמ</ManufactureName>
      <ManufactureCountry />
      <ManufactureItemDescription />
      <UnitQty>יח`</UnitQty>
      <Quantity>1</Quantity>
      <UnitMeasure />
      <BisWeighted>0</BisWeighted>
      <QtyInPackage>1</QtyInPackage>
      <ItemPrice>4</ItemPrice>
      <UnitOfMeasurePrice>4</UnitOfMeasurePrice>
      <AllowDiscount>0</AllowDiscount>
      <itemStatus>1</itemStatus>
      <LastUpdateDate />
      <LastUpdateTime />
    </Product>
    <Product>
      <PriceUpdateDate>2018/02/06 12:14</PriceUpdateDate>
      <ItemCode>87108538</ItemCode>
      <ItemType>0</ItemType>
      <ItemName>סוכריות לעיסה בטעם תות מנטוס (37.5 גרם)</ItemName>
      <ManufactureName>ליימן שליסל בעמ</ManufactureName>
      <ManufactureCountry />
      <ManufactureItemDescription />
      <UnitQty>יח`</UnitQty>
      <Quantity>37</Quantity>
      <UnitMeasure>גרם</UnitMeasure>
      <BisWeighted>0</BisWeighted>
      <QtyInPackage>1</QtyInPackage>
      <ItemPrice>3.90</ItemPrice>
      <UnitOfMeasurePrice>10.54</UnitOfMeasurePrice>
      <AllowDiscount>0</AllowDiscount>
      <itemStatus>1</itemStatus>
      <LastUpdateDate />
      <LastUpdateTime />
    </Product>
    <Product>
      <PriceUpdateDate>2015/01/29 09:07</PriceUpdateDate>
      <ItemCode>87108651</ItemCode>
      <ItemType>0</ItemType>
      <ItemName>מנטוס רביעיה</ItemName>
      <ManufactureName>ליימן שליסל בעמ</ManufactureName>
      <ManufactureCountry />
      <ManufactureItemDescription />
      <UnitQty>יח`</UnitQty>
      <Quantity>1</Quantity>
      <UnitMeasure />
      <BisWeighted>0</BisWeighted>
      <QtyInPackage>1</QtyInPackage>
      <ItemPrice>11.90</ItemPrice>
      <UnitOfMeasurePrice>11.90</UnitOfMeasurePrice>
      <AllowDiscount>0</AllowDiscount>
      <itemStatus>1</itemStatus>
      <LastUpdateDate />
      <LastUpdateTime />
    </Product>
    <Product>
      <PriceUpdateDate>2015/01/29 09:07</PriceUpdateDate>
      <ItemCode>87108712</ItemCode>
      <ItemType>0</ItemType>
      <ItemName>מנטוס רביעיה</ItemName>
      <ManufactureName>ליימן שליסל בעמ</ManufactureName>
      <ManufactureCountry />
      <ManufactureItemDescription />
      <UnitQty>יח`</UnitQty>
      <Quantity>150</Quantity>
      <UnitMeasure>גרם</UnitMeasure>
      <BisWeighted>0</BisWeighted>
      <QtyInPackage>1</QtyInPackage>
      <ItemPrice>11.90</ItemPrice>
      <UnitOfMeasurePrice>7.93</UnitOfMeasurePrice>
      <AllowDiscount>0</AllowDiscount>
      <itemStatus>1</itemStatus>
      <LastUpdateDate />
      <LastUpdateTime />
    </Product>
    <Product>
      <PriceUpdateDate>2018/02/06 12:14</PriceUpdateDate>
      <ItemCode>87311396</ItemCode>
      <ItemType>0</ItemType>
      <ItemName>מנטוס גליל 7 טעמים</ItemName>
      <ManufactureName>ליימן שליסל בעמ</ManufactureName>
      <ManufactureCountry />
      <ManufactureItemDescription />
      <UnitQty>יח`</UnitQty>
      <Quantity>37.50</Quantity>
      <UnitMeasure>גרם</UnitMeasure>
      <BisWeighted>0</BisWeighted>
      <QtyInPackage>1</QtyInPackage>
      <ItemPrice>3.90</ItemPrice>
      <UnitOfMeasurePrice>10.40</UnitOfMeasurePrice>
      <AllowDiscount>0</AllowDiscount>
      <itemStatus>1</itemStatus>
      <LastUpdateDate />
      <LastUpdateTime />
    </Product>
    <Product>
      <PriceUpdateDate>2018/01/09 09:00</PriceUpdateDate>
      <ItemCode>93698597</ItemCode>
      <ItemType>0</ItemType>
      <ItemName>טיק טק בקבוקון 98 גר`בטעם תפוח עץ דובדבן</ItemName>
      <ManufactureName>פרימיום-חברה לדברי מתיקה ולמסח</ManufactureName>
      <ManufactureCountry />
      <ManufactureItemDescription />
      <UnitQty>יח`</UnitQty>
      <Quantity>98</Quantity>
      <UnitMeasure>גרם</UnitMeasure>
      <BisWeighted>0</BisWeighted>
      <QtyInPackage>1</QtyInPackage>
      <ItemPrice>16.90</ItemPrice>
      <UnitOfMeasurePrice>17.24</UnitOfMeasurePrice>
      <AllowDiscount>0</AllowDiscount>
      <itemStatus>1</itemStatus>
      <LastUpdateDate />
      <LastUpdateTime />
    </Product>
    <Product>
      <PriceUpdateDate>2019/11/05 12:15</PriceUpdateDate>
      <ItemCode>96033531</ItemCode>
      <ItemType>0</ItemType>
      <ItemName>רול און רימונים ( 50 מל) דאב</ItemName>
      <ManufactureName>יוניליוור ישראל שיווק בעמ</ManufactureName>
      <ManufactureCountry />
      <ManufactureItemDescription />
      <UnitQty>יח`</UnitQty>
      <Quantity>55</Quantity>
      <UnitMeasure>מ"ל</UnitMeasure>
      <BisWeighted>0</BisWeighted>
      <QtyInPackage>1</QtyInPackage>
      <ItemPrice>14.90</ItemPrice>
      <UnitOfMeasurePrice>27.09</UnitOfMeasurePrice>
      <AllowDiscount>0</AllowDiscount>
      <itemStatus>1</itemStatus>
      <LastUpdateDate />
      <LastUpdateTime />
    </Product>
    <Product>
      <PriceUpdateDate>2016/11/13 11:32</PriceUpdateDate>
      <ItemCode>9800800056</ItemCode>
      <ItemType>0</ItemType>
      <ItemName>נוטלה אנד גו 52 גרם</ItemName>
      <ManufactureName>פרימיום-חברה לדברי מתיקה ולמסח</ManufactureName>
      <ManufactureCountry />
      <ManufactureItemDescription />
      <UnitQty>יח`</UnitQty>
      <Quantity>52</Quantity>
      <UnitMeasure>גרם</UnitMeasure>
      <BisWeighted>0</BisWeighted>
      <QtyInPackage>1</QtyInPackage>
      <ItemPrice>4.90</ItemPrice>
      <UnitOfMeasurePrice>9.42</UnitOfMeasurePrice>
      <AllowDiscount>0</AllowDiscount>
      <itemStatus>1</itemStatus>
      <LastUpdateDate />
      <LastUpdateTime />
    </Product>
    <Product>
      <PriceUpdateDate>2018/09/04 14:27</PriceUpdateDate>
      <ItemCode>12300119139</ItemCode>
      <ItemType>0</ItemType>
      <ItemName>ווינסטון כחול בוקס פאקט) (200</ItemName>
      <ManufactureName>גלוברנדס בעמ - שיווק סיגריות</ManufactureName>
      <ManufactureCountry />
      <ManufactureItemDescription />
      <UnitQty>יח`</UnitQty>
      <Quantity>1</Quantity>
      <UnitMeasure />
      <BisWeighted>0</BisWeighted>
      <QtyInPackage>1</QtyInPackage>
      <ItemPrice>305</ItemPrice>
      <UnitOfMeasurePrice>305</UnitOfMeasurePrice>
      <AllowDiscount>0</AllowDiscount>
      <itemStatus>1</itemStatus>
      <LastUpdateDate />
      <LastUpdateTime />
    </Product>
    <Product>
      <PriceUpdateDate>2015/03/03 10:19</PriceUpdateDate>
      <ItemCode>16000281684</ItemCode>
      <ItemType>0</ItemType>
      <ItemName>נייטשר וואלי 210 גר` פקאן</ItemName>
      <ManufactureName>ליימן שליסל בעמ</ManufactureName>
      <ManufactureCountry />
      <ManufactureItemDescription />
      <UnitQty>יח`</UnitQty>
      <Quantity>210</Quantity>
      <UnitMeasure>גרם</UnitMeasure>
      <BisWeighted>0</BisWeighted>
      <QtyInPackage>1</QtyInPackage>
      <ItemPrice>19.90</ItemPrice>
      <UnitOfMeasurePrice>9.48</UnitOfMeasurePrice>
      <AllowDiscount>1</AllowDiscount>
      <itemStatus>1</itemStatus>
      <LastUpdateDate />
      <LastUpdateTime />
    </Product>
    <Product>
      <PriceUpdateDate>2015/03/03 10:19</PriceUpdateDate>
      <ItemCode>16000423534</ItemCode>
      <ItemType>0</ItemType>
      <ItemName>נייטשר וואלי 210 גר` שיבולת שועל ושוקולד</ItemName>
      <ManufactureName>ליימן שליסל בעמ</ManufactureName>
      <ManufactureCountry />
      <ManufactureItemDescription />
      <UnitQty>יח`</UnitQty>
      <Quantity>210</Quantity>
      <UnitMeasure>גרם</UnitMeasure>
      <BisWeighted>0</BisWeighted>
      <QtyInPackage>1</QtyInPackage>
      <ItemPrice>19.90</ItemPrice>
      <UnitOfMeasurePrice>9.48</UnitOfMeasurePrice>
      <AllowDiscount>1</AllowDiscount>
      <itemStatus>1</itemStatus>
      <LastUpdateDate />
      <LastUpdateTime />
    </Product>
    <Product>
      <PriceUpdateDate>2015/03/03 10:19</PriceUpdateDate>
      <ItemCode>16000548404</ItemCode>
      <ItemType>0</ItemType>
      <ItemName>נייטשר וואלי 210 גר` שיבולת שועל ודבש</ItemName>
      <ManufactureName>ליימן שליסל בעמ</ManufactureName>
      <ManufactureCountry />
      <ManufactureItemDescription />
      <UnitQty>יח`</UnitQty>
      <Quantity>175</Quantity>
      <UnitMeasure>גרם</UnitMeasure>
      <BisWeighted>0</BisWeighted>
      <QtyInPackage>1</QtyInPackage>
      <ItemPrice>19.90</ItemPrice>
      <UnitOfMeasurePrice>11.37</UnitOfMeasurePrice>
      <AllowDiscount>1</AllowDiscount>
      <itemStatus>1</itemStatus>
      <LastUpdateDate />
      <LastUpdateTime />
    </Product>
    <Product>
      <PriceUpdateDate>2015/03/03 10:19</PriceUpdateDate>
      <ItemCode>16000548503</ItemCode>
      <ItemType>0</ItemType>
      <ItemName>נייטשר וואלי 210 גר` מייפל וסוכר חום</ItemName>
      <ManufactureName>ליימן שליסל בעמ</ManufactureName>
      <ManufactureCountry />
      <ManufactureItemDescription />
      <UnitQty>יח`</UnitQty>
      <Quantity>210</Quantity>
      <UnitMeasure>גרם</UnitMeasure>
      <BisWeighted>0</BisWeighted>
      <QtyInPackage>1</QtyInPackage>
      <ItemPrice>19.90</ItemPrice>
      <UnitOfMeasurePrice>9.48</UnitOfMeasurePrice>
      <AllowDiscount>1</AllowDiscount>
      <itemStatus>1</itemStatus>
      <LastUpdateDate />
      <LastUpdateTime />
    </Product>
    <Product>
      <PriceUpdateDate>2015/03/03 10:19</PriceUpdateDate>
      <ItemCode>16000548602</ItemCode>
      <ItemType>0</ItemType>
      <ItemName>נייטשר וואלי 210 גר` קינמון</ItemName>
      <ManufactureName>ליימן שליסל בעמ</ManufactureName>
      <ManufactureCountry />
      <ManufactureItemDescription />
      <UnitQty>יח`</UnitQty>
      <Quantity>210</Quantity>
      <UnitMeasure>גרם</UnitMeasure>
      <BisWeighted>0</BisWeighted>
      <QtyInPackage>1</QtyInPackage>
      <ItemPrice>19.90</ItemPrice>
      <UnitOfMeasurePrice>9.48</UnitOfMeasurePrice>
      <AllowDiscount>1</AllowDiscount>
      <itemStatus>1</itemStatus>
      <LastUpdateDate />
      <LastUpdateTime />
    </Product>
    <Product>
      <PriceUpdateDate>2015/06/01 12:08</PriceUpdateDate>
      <ItemCode>18000701223</ItemCode>
      <ItemType>0</ItemType>
      <ItemName>פילסברי תערובת שוקולד</ItemName>
      <ManufactureName>ליימן שליסל בעמ</ManufactureName>
      <ManufactureCountry />
      <ManufactureItemDescription />
      <UnitQty>יח`</UnitQty>
      <Quantity>517</Quantity>
      <UnitMeasure>גרם</UnitMeasure>
      <BisWeighted>0</BisWeighted>
      <QtyInPackage>1</QtyInPackage>
      <ItemPrice>18.90</ItemPrice>
      <UnitOfMeasurePrice>3.66</UnitOfMeasurePrice>
      <AllowDiscount>1</AllowDiscount>
      <itemStatus>1</itemStatus>
      <LastUpdateDate />
      <LastUpdateTime />
    </Product>
    <Product>
      <PriceUpdateDate>2015/05/27 11:55</PriceUpdateDate>
      <ItemCode>18000703494</ItemCode>
      <ItemType>0</ItemType>
      <ItemName>תערובת להכנת עוגת וניל פילסברי (500 גר</ItemName>
      <ManufactureName>ליימן שליסל בעמ</ManufactureName>
      <ManufactureCountry />
      <ManufactureItemDescription />
      <UnitQty>יח`</UnitQty>
      <Quantity>524</Quantity>
      <UnitMeasure>גרם</UnitMeasure>
      <BisWeighted>0</BisWeighted>
      <QtyInPackage>1</QtyInPackage>
      <ItemPrice>18.90</ItemPrice>
      <UnitOfMeasurePrice>3.61</UnitOfMeasurePrice>
      <AllowDiscount>1</AllowDiscount>
      <itemStatus>1</itemStatus>
      <LastUpdateDate />
      <LastUpdateTime />
    </Product>
    <Product>
      <PriceUpdateDate>2015/05/27 11:55</PriceUpdateDate>
      <ItemCode>18000766413</ItemCode>
      <ItemType>0</ItemType>
      <ItemName>תערובת לעוגת בראוניס פילסברי (550 גרם)</ItemName>
      <ManufactureName>ליימן שליסל בעמ</ManufactureName>
      <ManufactureCountry />
      <ManufactureItemDescription />
      <UnitQty>יח`</UnitQty>
      <Quantity>609</Quantity>
      <UnitMeasure>גרם</UnitMeasure>
      <BisWeighted>0</BisWeighted>
      <QtyInPackage>1</QtyInPackage>
      <ItemPrice>18.90</ItemPrice>
      <UnitOfMeasurePrice>3.10</UnitOfMeasurePrice>
      <AllowDiscount>1</AllowDiscount>
      <itemStatus>1</itemStatus>
      <LastUpdateDate />
      <LastUpdateTime />
    </Product>
    <Product>
      <PriceUpdateDate>2018/04/17 11:56</PriceUpdateDate>
      <ItemCode>22200956932</ItemCode>
      <ItemType>0</ItemType>
      <ItemName>ספיד סטיק 24/7 ג`ל כחול</ItemName>
      <ManufactureName>ש.שסטוביץ בעמ</ManufactureName>
      <ManufactureCountry />
      <ManufactureItemDescription />
      <UnitQty>יח`</UnitQty>
      <Quantity>0</Quantity>
      <UnitMeasure>גרם</UnitMeasure>
      <BisWeighted>0</BisWeighted>
      <QtyInPackage>1</QtyInPackage>
      <ItemPrice>17.90</ItemPrice>
      <UnitOfMeasurePrice>17.90</UnitOfMeasurePrice>
      <AllowDiscount>0</AllowDiscount>
      <itemStatus>1</itemStatus>
      <LastUpdateDate />
      <LastUpdateTime />
    </Product>
    <Product>
      <PriceUpdateDate>2015/11/30 11:06</PriceUpdateDate>
      <ItemCode>25675120020</ItemCode>
      <ItemType>0</ItemType>
      <ItemName>מקלות חמוצות 100</ItemName>
      <ManufactureName>גורי ע.ע.ע בעמ</ManufactureName>
      <ManufactureCountry />
      <ManufactureItemDescription />
      <UnitQty>יח`</UnitQty>
      <Quantity>100</Quantity>
      <UnitMeasure>גרם</UnitMeasure>
      <BisWeighted>0</BisWeighted>
      <QtyInPackage>1</QtyInPackage>
      <ItemPrice>7.90</ItemPrice>
      <UnitOfMeasurePrice>7.90</UnitOfMeasurePrice>
      <AllowDiscount>0</AllowDiscount>
      <itemStatus>1</itemStatus>
      <LastUpdateDate />
      <LastUpdateTime />
    </Product>
    <Product>
      <PriceUpdateDate>2019/05/27 16:08</PriceUpdateDate>
      <ItemCode>30000315989</ItemCode>
      <ItemType>0</ItemType>
      <ItemName>קוואקר פרוטאין חמוציות ושקדים 372 גר`</ItemName>
      <ManufactureName>שטראוס פריטו ליי בעמ</ManufactureName>
      <ManufactureCountry />
      <ManufactureItemDescription />
      <UnitQty>יח`</UnitQty>
      <Quantity>372</Quantity>
      <UnitMeasure>גרם</UnitMeasure>
      <BisWeighted>0</BisWeighted>
      <QtyInPackage>1</QtyInPackage>
      <ItemPrice>22.90</ItemPrice>
      <UnitOfMeasurePrice>6.16</UnitOfMeasurePrice>
      <AllowDiscount>1</AllowDiscount>
      <itemStatus>1</itemStatus>
      <LastUpdateDate />
      <LastUpdateTime />
    </Product>
    <Product>
      <PriceUpdateDate>2018/02/06 12:14</PriceUpdateDate>
      <ItemCode>31200001597</ItemCode>
      <ItemType>0</ItemType>
      <ItemName>חמוציות אושן ספריי</ItemName>
      <ManufactureName>ליימן שליסל בעמ</ManufactureName>
      <ManufactureCountry />
      <ManufactureItemDescription />
      <UnitQty>יח`</UnitQty>
      <Quantity>170</Quantity>
      <UnitMeasure>גרם</UnitMeasure>
      <BisWeighted>0</BisWeighted>
      <QtyInPackage>1</QtyInPackage>
      <ItemPrice>13.90</ItemPrice>
      <UnitOfMeasurePrice>8.18</UnitOfMeasurePrice>
      <AllowDiscount>0</AllowDiscount>
      <itemStatus>1</itemStatus>
      <LastUpdateDate />
      <LastUpdateTime />
    </Product>
    <Product>
      <PriceUpdateDate>2019/06/16 08:28</PriceUpdateDate>
      <ItemCode>35000458476</ItemCode>
      <ItemType>0</ItemType>
      <ItemName>מברשת שיניים ילדים 2+ מארז רביעייה קולגי</ItemName>
      <ManufactureName>ש.שסטוביץ בעמ</ManufactureName>
      <ManufactureCountry />
      <ManufactureItemDescription />
      <UnitQty>יח`</UnitQty>
      <Quantity>1</Quantity>
      <UnitMeasure />
      <BisWeighted>0</BisWeighted>
      <QtyInPackage>1</QtyInPackage>
      <ItemPrice>22.90</ItemPrice>
      <UnitOfMeasurePrice>22.90</UnitOfMeasurePrice>
      <AllowDiscount>0</AllowDiscount>
      <itemStatus>1</itemStatus>
      <LastUpdateDate />
      <LastUpdateTime />
    </Product>
    <Product>
      <PriceUpdateDate>2015/05/27 11:08</PriceUpdateDate>
      <ItemCode>36000183399</ItemCode>
      <ItemType>0</ItemType>
      <ItemName>האגיס ליטל סווימרס S</ItemName>
      <ManufactureName>קימברלי קלארק ישראל שיווק בעמ</ManufactureName>
      <ManufactureCountry />
      <ManufactureItemDescription />
      <UnitQty>יח`</UnitQty>
      <Quantity>1</Quantity>
      <UnitMeasure />
      <BisWeighted>0</BisWeighted>
      <QtyInPackage>1</QtyInPackage>
      <ItemPrice>37.90</ItemPrice>
      <UnitOfMeasurePrice>37.90</UnitOfMeasurePrice>
      <AllowDiscount>1</AllowDiscount>
      <itemStatus>1</itemStatus>
      <LastUpdateDate />
      <LastUpdateTime />
    </Product>
    <Product>
      <PriceUpdateDate>2019/12/11 09:02</PriceUpdateDate>
      <ItemCode>36000494372</ItemCode>
      <ItemType>0</ItemType>
      <ItemName>מגבת נייר מארז זוגי חוזק מוגבר ויוה קלינ</ItemName>
      <ManufactureName>קימברלי קלארק ישראל שיווק בעמ</ManufactureName>
      <ManufactureCountry />
      <ManufactureItemDescription />
      <UnitQty>יח`</UnitQty>
      <Quantity>1</Quantity>
      <UnitMeasure />
      <BisWeighted>0</BisWeighted>
      <QtyInPackage>1</QtyInPackage>
      <ItemPrice>29.90</ItemPrice>
      <UnitOfMeasurePrice>29.90</UnitOfMeasurePrice>
      <AllowDiscount>1</AllowDiscount>
      <itemStatus>1</itemStatus>
      <LastUpdateDate />
      <LastUpdateTime />
    </Product>
    <Product>
      <PriceUpdateDate>2019/12/25 08:38</PriceUpdateDate>
      <ItemCode>36000516876</ItemCode>
      <ItemType>0</ItemType>
      <ItemName>ממחטות לושן שלוש שכבות בקוביה קלינקס (75</ItemName>
      <ManufactureName>קימברלי קלארק ישראל שיווק בעמ</ManufactureName>
      <ManufactureCountry />
      <ManufactureItemDescription />
      <UnitQty>יח`</UnitQty>
      <Quantity>1</Quantity>
      <UnitMeasure />
      <BisWeighted>0</BisWeighted>
      <QtyInPackage>1</QtyInPackage>
      <ItemPrice>11.90</ItemPrice>
      <UnitOfMeasurePrice>11.90</UnitOfMeasurePrice>
      <AllowDiscount>0</AllowDiscount>
      <itemStatus>1</itemStatus>
      <LastUpdateDate />
      <LastUpdateTime />
    </Product>
    <Product>
      <PriceUpdateDate>2018/10/07 11:40</PriceUpdateDate>
      <ItemCode>37600207256</ItemCode>
      <ItemType>0</ItemType>
      <ItemName>חמאת בוטנים עם שברי בוטנים 462ג סקיפי</ItemName>
      <ManufactureName>דיפלומט היינץ</ManufactureName>
      <ManufactureCountry />
      <ManufactureItemDescription />
      <UnitQty>יח`</UnitQty>
      <Quantity>462</Quantity>
      <UnitMeasure>גרם</UnitMeasure>
      <BisWeighted>0</BisWeighted>
      <QtyInPackage>1</QtyInPackage>
      <ItemPrice>19.90</ItemPrice>
      <UnitOfMeasurePrice>4.31</UnitOfMeasurePrice>
      <AllowDiscount>0</AllowDiscount>
      <itemStatus>1</itemStatus>
      <LastUpdateDate />
      <LastUpdateTime />
    </Product>
    <Product>
      <PriceUpdateDate>2018/10/07 11:40</PriceUpdateDate>
      <ItemCode>37600207287</ItemCode>
      <ItemType>0</ItemType>
      <ItemName>חמאת בוטנים סקיפי עם דבש 462 גרם</ItemName>
      <ManufactureName>דיפלומט היינץ</ManufactureName>
      <ManufactureCountry />
      <ManufactureItemDescription />
      <UnitQty>יח`</UnitQty>
      <Quantity>462</Quantity>
      <UnitMeasure>גרם</UnitMeasure>
      <BisWeighted>0</BisWeighted>
      <QtyInPackage>1</QtyInPackage>
      <ItemPrice>19.90</ItemPrice>
      <UnitOfMeasurePrice>4.31</UnitOfMeasurePrice>
      <AllowDiscount>0</AllowDiscount>
      <itemStatus>1</itemStatus>
      <LastUpdateDate />
      <LastUpdateTime />
    </Product>
    <Product>
      <PriceUpdateDate>2016/11/17 12:41</PriceUpdateDate>
      <ItemCode>37977005455</ItemCode>
      <ItemType>0</ItemType>
      <ItemName>מחזיק מוצץ-בן</ItemName>
      <ManufactureName>אלפא קוסמטיקה בעמ</ManufactureName>
      <ManufactureCountry />
      <ManufactureItemDescription />
      <UnitQty>יח`</UnitQty>
      <Quantity>1</Quantity>
      <UnitMeasure />
      <BisWeighted>0</BisWeighted>
      <QtyInPackage>1</QtyInPackage>
      <ItemPrice>34.90</ItemPrice>
      <UnitOfMeasurePrice>34.90</UnitOfMeasurePrice>
      <AllowDiscount>0</AllowDiscount>
      <itemStatus>1</itemStatus>
      <LastUpdateDate />
      <LastUpdateTime />
    </Product>
    <Product>
      <PriceUpdateDate>2017/04/18 15:45</PriceUpdateDate>
      <ItemCode>38000138638</ItemCode>
      <ItemType>0</ItemType>
      <ItemName>פרינגלס פיצה 158 גר</ItemName>
      <ManufactureName>דיפלומט היינץ</ManufactureName>
      <ManufactureCountry />
      <ManufactureItemDescription />
      <UnitQty>יח`</UnitQty>
      <Quantity>158</Quantity>
      <UnitMeasure>גרם</UnitMeasure>
      <BisWeighted>0</BisWeighted>
      <QtyInPackage>1</QtyInPackage>
      <ItemPrice>9.90</ItemPrice>
      <UnitOfMeasurePrice>6.27</UnitOfMeasurePrice>
      <AllowDiscount>1</AllowDiscount>
      <itemStatus>1</itemStatus>
      <LastUpdateDate />
      <LastUpdateTime />
    </Product>
    <Product>
      <PriceUpdateDate>2018/07/22 10:57</PriceUpdateDate>
      <ItemCode>38000138720</ItemCode>
      <ItemType>0</ItemType>
      <ItemName>חטיף צ`יפס ראנץ` פרינגלס (158 גרם)</ItemName>
      <ManufactureName>דיפלומט היינץ</ManufactureName>
      <ManufactureCountry />
      <ManufactureItemDescription />
      <UnitQty>יח`</UnitQty>
      <Quantity>158</Quantity>
      <UnitMeasure>גרם</UnitMeasure>
      <BisWeighted>0</BisWeighted>
      <QtyInPackage>1</QtyInPackage>
      <ItemPrice>9.90</ItemPrice>
      <UnitOfMeasurePrice>6.27</UnitOfMeasurePrice>
      <AllowDiscount>1</AllowDiscount>
      <itemStatus>1</itemStatus>
      <LastUpdateDate />
      <LastUpdateTime />
    </Product>
    <Product>
      <PriceUpdateDate>2017/04/18 15:45</PriceUpdateDate>
      <ItemCode>38000138874</ItemCode>
      <ItemType>0</ItemType>
      <ItemName>פרינגלס חלפינו 158 גר</ItemName>
      <ManufactureName>דיפלומט היינץ</ManufactureName>
      <ManufactureCountry />
      <ManufactureItemDescription />
      <UnitQty>יח`</UnitQty>
      <Quantity>158</Quantity>
      <UnitMeasure>גרם</UnitMeasure>
      <BisWeighted>0</BisWeighted>
      <QtyInPackage>1</QtyInPackage>
      <ItemPrice>9.90</ItemPrice>
      <UnitOfMeasurePrice>6.27</UnitOfMeasurePrice>
      <AllowDiscount>1</AllowDiscount>
      <itemStatus>1</itemStatus>
      <LastUpdateDate />
      <LastUpdateTime />
    </Product>
    <Product>
      <PriceUpdateDate>2020/02/25 10:24</PriceUpdateDate>
      <ItemCode>38000232152</ItemCode>
      <ItemType>0</ItemType>
      <ItemName>פרינגלס ביג ברביקין 158 גר</ItemName>
      <ManufactureName>דיפלומט היינץ</ManufactureName>
      <ManufactureCountry />
      <ManufactureItemDescription />
      <UnitQty>יח`</UnitQty>
      <Quantity>158</Quantity>
      <UnitMeasure>גרם</UnitMeasure>
      <BisWeighted>0</BisWeighted>
      <QtyInPackage>1</QtyInPackage>
      <ItemPrice>9.90</ItemPrice>
      <UnitOfMeasurePrice>6.27</UnitOfMeasurePrice>
      <AllowDiscount>1</AllowDiscount>
      <itemStatus>1</itemStatus>
      <LastUpdateDate />
      <LastUpdateTime />
    </Product>
    <Product>
      <PriceUpdateDate>2020/02/25 10:24</PriceUpdateDate>
      <ItemCode>38000232176</ItemCode>
      <ItemType>0</ItemType>
      <ItemName>פרינגלס ביג שמנת בצל 158 גר</ItemName>
      <ManufactureName>דיפלומט היינץ</ManufactureName>
      <ManufactureCountry />
      <ManufactureItemDescription />
      <UnitQty>יח`</UnitQty>
      <Quantity>158</Quantity>
      <UnitMeasure>גרם</UnitMeasure>
      <BisWeighted>0</BisWeighted>
      <QtyInPackage>1</QtyInPackage>
      <ItemPrice>9.90</ItemPrice>
      <UnitOfMeasurePrice>6.27</UnitOfMeasurePrice>
      <AllowDiscount>1</AllowDiscount>
      <itemStatus>1</itemStatus>
      <LastUpdateDate />
      <LastUpdateTime />
    </Product>
    <Product>
      <PriceUpdateDate>2020/02/25 10:24</PriceUpdateDate>
      <ItemCode>38000232183</ItemCode>
      <ItemType>0</ItemType>
      <ItemName>חטיף צ`יפס אורגינל ביג פרינגלס (149 גרם)</ItemName>
      <ManufactureName>דיפלומט היינץ</ManufactureName>
      <ManufactureCountry />
      <ManufactureItemDescription />
      <UnitQty>יח`</UnitQty>
      <Quantity>149</Quantity>
      <UnitMeasure>גרם</UnitMeasure>
      <BisWeighted>0</BisWeighted>
      <QtyInPackage>1</QtyInPackage>
      <ItemPrice>9.90</ItemPrice>
      <UnitOfMeasurePrice>6.64</UnitOfMeasurePrice>
      <AllowDiscount>1</AllowDiscount>
      <itemStatus>1</itemStatus>
      <LastUpdateDate />
      <LastUpdateTime />
    </Product>
    <Product>
      <PriceUpdateDate>2015/04/30 12:34</PriceUpdateDate>
      <ItemCode>38527591053</ItemCode>
      <ItemType>0</ItemType>
      <ItemName>דגנים מרובעים קינמון קוואקר (411 גרם)</ItemName>
      <ManufactureName>שטראוס פריטו ליי בעמ</ManufactureName>
      <ManufactureCountry />
      <ManufactureItemDescription />
      <UnitQty>יח`</UnitQty>
      <Quantity>412</Quantity>
      <UnitMeasure>גרם</UnitMeasure>
      <BisWeighted>0</BisWeighted>
      <QtyInPackage>1</QtyInPackage>
      <ItemPrice>19.90</ItemPrice>
      <UnitOfMeasurePrice>4.83</UnitOfMeasurePrice>
      <AllowDiscount>1</AllowDiscount>
      <itemStatus>1</itemStatus>
      <LastUpdateDate />
      <LastUpdateTime />
    </Product>
    <Product>
      <PriceUpdateDate>2015/04/30 12:34</PriceUpdateDate>
      <ItemCode>38527591060</ItemCode>
      <ItemType>0</ItemType>
      <ItemName>דגנים מרובעים קוואקר (411 גרם)</ItemName>
      <ManufactureName>שטראוס פריטו ליי בעמ</ManufactureName>
      <ManufactureCountry />
      <ManufactureItemDescription />
      <UnitQty>יח`</UnitQty>
      <Quantity>412</Quantity>
      <UnitMeasure>גרם</UnitMeasure>
      <BisWeighted>0</BisWeighted>
      <QtyInPackage>1</QtyInPackage>
      <ItemPrice>19.90</ItemPrice>
      <UnitOfMeasurePrice>4.83</UnitOfMeasurePrice>
      <AllowDiscount>1</AllowDiscount>
      <itemStatus>1</itemStatus>
      <LastUpdateDate />
      <LastUpdateTime />
    </Product>
    <Product>
      <PriceUpdateDate>2019/01/09 08:34</PriceUpdateDate>
      <ItemCode>39000008006</ItemCode>
      <ItemType>0</ItemType>
      <ItemName>אורטגה טאקו מקסיקני 164 גר`</ItemName>
      <ManufactureName>מור-ים מרקטינג בעמ</ManufactureName>
      <ManufactureCountry />
      <ManufactureItemDescription />
      <UnitQty>יח`</UnitQty>
      <Quantity>164</Quantity>
      <UnitMeasure>גרם</UnitMeasure>
      <BisWeighted>0</BisWeighted>
      <QtyInPackage>1</QtyInPackage>
      <ItemPrice>20.90</ItemPrice>
      <UnitOfMeasurePrice>12.74</UnitOfMeasurePrice>
      <AllowDiscount>0</AllowDiscount>
      <itemStatus>1</itemStatus>
      <LastUpdateDate />
      <LastUpdateTime />
    </Product>
    <Product>
      <PriceUpdateDate>2017/10/26 08:53</PriceUpdateDate>
      <ItemCode>40000513568</ItemCode>
      <ItemType>0</ItemType>
      <ItemName>מ@מס 156 גר</ItemName>
      <ManufactureName>מרס ריגלי ישראל בעמ</ManufactureName>
      <ManufactureCountry />
      <ManufactureItemDescription />
      <UnitQty>יח`</UnitQty>
      <Quantity>156</Quantity>
      <UnitMeasure>גרם</UnitMeasure>
      <BisWeighted>0</BisWeighted>
      <QtyInPackage>1</QtyInPackage>
      <ItemPrice>9.90</ItemPrice>
      <UnitOfMeasurePrice>6.35</UnitOfMeasurePrice>
      <AllowDiscount>0</AllowDiscount>
      <itemStatus>1</itemStatus>
      <LastUpdateDate />
      <LastUpdateTime />
    </Product>
    <Product>
      <PriceUpdateDate>2017/10/26 08:53</PriceUpdateDate>
      <ItemCode>40000514480</ItemCode>
      <ItemType>0</ItemType>
      <ItemName>עדשי שוקולד אם אנד אם (48 גרם)</ItemName>
      <ManufactureName>מרס ריגלי ישראל בעמ</ManufactureName>
      <ManufactureCountry />
      <ManufactureItemDescription />
      <UnitQty>יח`</UnitQty>
      <Quantity>1</Quantity>
      <UnitMeasure />
      <BisWeighted>0</BisWeighted>
      <QtyInPackage>1</QtyInPackage>
      <ItemPrice>4.90</ItemPrice>
      <UnitOfMeasurePrice>4.90</UnitOfMeasurePrice>
      <AllowDiscount>1</AllowDiscount>
      <itemStatus>1</itemStatus>
      <LastUpdateDate />
      <LastUpdateTime />
    </Product>
    <Product>
      <PriceUpdateDate>2017/10/26 08:53</PriceUpdateDate>
      <ItemCode>40000514510</ItemCode>
      <ItemType>0</ItemType>
      <ItemName>עדשי שוקולד בוטנים אם אנד אם (49 גרם)</ItemName>
      <ManufactureName>מרס ריגלי ישראל בעמ</ManufactureName>
      <ManufactureCountry />
      <ManufactureItemDescription />
      <UnitQty>יח`</UnitQty>
      <Quantity>49</Quantity>
      <UnitMeasure>גרם</UnitMeasure>
      <BisWeighted>0</BisWeighted>
      <QtyInPackage>1</QtyInPackage>
      <ItemPrice>4.90</ItemPrice>
      <UnitOfMeasurePrice>10</UnitOfMeasurePrice>
      <AllowDiscount>1</AllowDiscount>
      <itemStatus>1</itemStatus>
      <LastUpdateDate />
      <LastUpdateTime />
    </Product>
    <Product>
      <PriceUpdateDate>2016/12/01 08:19</PriceUpdateDate>
      <ItemCode>41390001079</ItemCode>
      <ItemType>0</ItemType>
      <ItemName>רוטב סויה דל נתרן קיקומן (444 מל)</ItemName>
      <ManufactureName>דיפלומט היינץ</ManufactureName>
      <ManufactureCountry />
      <ManufactureItemDescription />
      <UnitQty>יח`</UnitQty>
      <Quantity>444</Quantity>
      <UnitMeasure>מ"ל</UnitMeasure>
      <BisWeighted>0</BisWeighted>
      <QtyInPackage>1</QtyInPackage>
      <ItemPrice>29.90</ItemPrice>
      <UnitOfMeasurePrice>6.73</UnitOfMeasurePrice>
      <AllowDiscount>1</AllowDiscount>
      <itemStatus>1</itemStatus>
      <LastUpdateDate />
      <LastUpdateTime />
    </Product>
    <Product>
      <PriceUpdateDate>2016/12/01 08:19</PriceUpdateDate>
      <ItemCode>41390010309</ItemCode>
      <ItemType>0</ItemType>
      <ItemName>רוטב טריאקי קיקומן (444 מל)</ItemName>
      <ManufactureName>דיפלומט היינץ</ManufactureName>
      <ManufactureCountry />
      <ManufactureItemDescription />
      <UnitQty>יח`</UnitQty>
      <Quantity>444</Quantity>
      <UnitMeasure>מ"ל</UnitMeasure>
      <BisWeighted>0</BisWeighted>
      <QtyInPackage>1</QtyInPackage>
      <ItemPrice>29.90</ItemPrice>
      <UnitOfMeasurePrice>6.73</UnitOfMeasurePrice>
      <AllowDiscount>1</AllowDiscount>
      <itemStatus>1</itemStatus>
      <LastUpdateDate />
      <LastUpdateTime />
    </Product>
    <Product>
      <PriceUpdateDate>2015/12/28 08:17</PriceUpdateDate>
      <ItemCode>46214731552</ItemCode>
      <ItemType>0</ItemType>
      <ItemName>עוגיות שוקולד צ`יפס מרבה (225 גרם)</ItemName>
      <ManufactureName>ש.שסטוביץ בעמ</ManufactureName>
      <ManufactureCountry />
      <ManufactureItemDescription />
      <UnitQty>יח`</UnitQty>
      <Quantity>225</Quantity>
      <UnitMeasure>גרם</UnitMeasure>
      <BisWeighted>0</BisWeighted>
      <QtyInPackage>1</QtyInPackage>
      <ItemPrice>9.90</ItemPrice>
      <UnitOfMeasurePrice>4.40</UnitOfMeasurePrice>
      <AllowDiscount>1</AllowDiscount>
      <itemStatus>1</itemStatus>
      <LastUpdateDate />
      <LastUpdateTime />
    </Product>
    <Product>
      <PriceUpdateDate>2019/08/28 09:14</PriceUpdateDate>
      <ItemCode>50000018741</ItemCode>
      <ItemType>0</ItemType>
      <ItemName>מזון חתולים יבש דגים פריסקיז (2.86 קג)</ItemName>
      <ManufactureName>קבוצת אסם סחר שות. מוגבלת</ManufactureName>
      <ManufactureCountry />
      <ManufactureItemDescription />
      <UnitQty>יח`</UnitQty>
      <Quantity>2.90</Quantity>
      <UnitMeasure>ק"ג</UnitMeasure>
      <BisWeighted>0</BisWeighted>
      <QtyInPackage>1</QtyInPackage>
      <ItemPrice>59.90</ItemPrice>
      <UnitOfMeasurePrice>20.66</UnitOfMeasurePrice>
      <AllowDiscount>0</AllowDiscount>
      <itemStatus>1</itemStatus>
      <LastUpdateDate />
      <LastUpdateTime />
    </Product>
    <Product>
      <PriceUpdateDate>2019/08/28 09:14</PriceUpdateDate>
      <ItemCode>50000168606</ItemCode>
      <ItemType>0</ItemType>
      <ItemName>פריסקיז אקס קראנץ סלמון ועוף 2.86 קג</ItemName>
      <ManufactureName>קבוצת אסם סחר שות. מוגבלת</ManufactureName>
      <ManufactureCountry />
      <ManufactureItemDescription />
      <UnitQty>יח`</UnitQty>
      <Quantity>2.86</Quantity>
      <UnitMeasure>ק"ג</UnitMeasure>
      <BisWeighted>0</BisWeighted>
      <QtyInPackage>1</QtyInPackage>
      <ItemPrice>59.90</ItemPrice>
      <UnitOfMeasurePrice>20.94</UnitOfMeasurePrice>
      <AllowDiscount>0</AllowDiscount>
      <itemStatus>1</itemStatus>
      <LastUpdateDate />
      <LastUpdateTime />
    </Product>
    <Product>
      <PriceUpdateDate>2019/08/28 09:14</PriceUpdateDate>
      <ItemCode>50000292592</ItemCode>
      <ItemType>0</ItemType>
      <ItemName>פנסי פיסט 85  גר`סלומון וסול</ItemName>
      <ManufactureName>קבוצת אסם סחר שות. מוגבלת</ManufactureName>
      <ManufactureCountry />
      <ManufactureItemDescription />
      <UnitQty>יח`</UnitQty>
      <Quantity>1</Quantity>
      <UnitMeasure />
      <BisWeighted>0</BisWeighted>
      <QtyInPackage>1</QtyInPackage>
      <ItemPrice>5.90</ItemPrice>
      <UnitOfMeasurePrice>5.90</UnitOfMeasurePrice>
      <AllowDiscount>0</AllowDiscount>
      <itemStatus>1</itemStatus>
      <LastUpdateDate />
      <LastUpdateTime />
    </Product>
    <Product>
      <PriceUpdateDate>2019/08/28 09:14</PriceUpdateDate>
      <ItemCode>50000292615</ItemCode>
      <ItemType>0</ItemType>
      <ItemName>פנסי פיסט 85  גר`לבבות הודו וכבד</ItemName>
      <ManufactureName>קבוצת אסם סחר שות. מוגבלת</ManufactureName>
      <ManufactureCountry />
      <ManufactureItemDescription />
      <UnitQty>יח`</UnitQty>
      <Quantity>1</Quantity>
      <UnitMeasure />
      <BisWeighted>0</BisWeighted>
      <QtyInPackage>1</QtyInPackage>
      <ItemPrice>5.90</ItemPrice>
      <UnitOfMeasurePrice>5.90</UnitOfMeasurePrice>
      <AllowDiscount>0</AllowDiscount>
      <itemStatus>1</itemStatus>
      <LastUpdateDate />
      <LastUpdateTime />
    </Product>
    <Product>
      <PriceUpdateDate>2019/08/28 09:14</PriceUpdateDate>
      <ItemCode>50000421848</ItemCode>
      <ItemType>0</ItemType>
      <ItemName>פריסקיז הודו ועוף 156 גר`</ItemName>
      <ManufactureName>קבוצת אסם סחר שות. מוגבלת</ManufactureName>
      <ManufactureCountry />
      <ManufactureItemDescription />
      <UnitQty>יח`</UnitQty>
      <Quantity>156</Quantity>
      <UnitMeasure>גרם</UnitMeasure>
      <BisWeighted>0</BisWeighted>
      <QtyInPackage>1</QtyInPackage>
      <ItemPrice>6</ItemPrice>
      <UnitOfMeasurePrice>3.85</UnitOfMeasurePrice>
      <AllowDiscount>0</AllowDiscount>
      <itemStatus>1</itemStatus>
      <LastUpdateDate />
      <LastUpdateTime />
    </Product>
    <Product>
      <PriceUpdateDate>2019/08/28 09:14</PriceUpdateDate>
      <ItemCode>50000429646</ItemCode>
      <ItemType>0</ItemType>
      <ItemName>פנסי פיסט 85  גר`רטוב דגים</ItemName>
      <ManufactureName>קבוצת אסם סחר שות. מוגבלת</ManufactureName>
      <ManufactureCountry />
      <ManufactureItemDescription />
      <UnitQty>יח`</UnitQty>
      <Quantity>85</Quantity>
      <UnitMeasure>גרם</UnitMeasure>
      <BisWeighted>0</BisWeighted>
      <QtyInPackage>1</QtyInPackage>
      <ItemPrice>5.90</ItemPrice>
      <UnitOfMeasurePrice>6.94</UnitOfMeasurePrice>
      <AllowDiscount>0</AllowDiscount>
      <itemStatus>1</itemStatus>
      <LastUpdateDate />
      <LastUpdateTime />
    </Product>
    <Product>
      <PriceUpdateDate>2018/12/02 08:14</PriceUpdateDate>
      <ItemCode>55369902564</ItemCode>
      <ItemType>0</ItemType>
      <ItemName>רביעיות רסק תפוחי עץ ללא תוספת סוכר 452</ItemName>
      <ManufactureName>מור-ים מרקטינג בעמ</ManufactureName>
      <ManufactureCountry />
      <ManufactureItemDescription />
      <UnitQty>יח`</UnitQty>
      <Quantity>452</Quantity>
      <UnitMeasure>גרם</UnitMeasure>
      <BisWeighted>0</BisWeighted>
      <QtyInPackage>1</QtyInPackage>
      <ItemPrice>13.90</ItemPrice>
      <UnitOfMeasurePrice>3.08</UnitOfMeasurePrice>
      <AllowDiscount>0</AllowDiscount>
      <itemStatus>1</itemStatus>
      <LastUpdateDate />
      <LastUpdateTime />
    </Product>
    <Product>
      <PriceUpdateDate>2018/12/02 08:14</PriceUpdateDate>
      <ItemCode>55369903295</ItemCode>
      <ItemType>0</ItemType>
      <ItemName>צנצנת רסק תפוחי עץ ללא סוספת סוכר אפלסנק</ItemName>
      <ManufactureName>מור-ים מרקטינג בעמ</ManufactureName>
      <ManufactureCountry />
      <ManufactureItemDescription />
      <UnitQty>יח`</UnitQty>
      <Quantity>652</Quantity>
      <UnitMeasure>גרם</UnitMeasure>
      <BisWeighted>0</BisWeighted>
      <QtyInPackage>1</QtyInPackage>
      <ItemPrice>14.90</ItemPrice>
      <UnitOfMeasurePrice>2.29</UnitOfMeasurePrice>
      <AllowDiscount>0</AllowDiscount>
      <itemStatus>1</itemStatus>
      <LastUpdateDate />
      <LastUpdateTime />
    </Product>
    <Product>
      <PriceUpdateDate>2019/12/04 08:21</PriceUpdateDate>
      <ItemCode>55500012046</ItemCode>
      <ItemType>0</ItemType>
      <ItemName>תרסיס ניקוי כללי כלורוקס (946 מל)</ItemName>
      <ManufactureName>גורי מוצרי צריכה (1991) בעמ</ManufactureName>
      <ManufactureCountry />
      <ManufactureItemDescription />
      <UnitQty>יח`</UnitQty>
      <Quantity>946</Quantity>
      <UnitMeasure>מ"ל</UnitMeasure>
      <BisWeighted>0</BisWeighted>
      <QtyInPackage>1</QtyInPackage>
      <ItemPrice>17.90</ItemPrice>
      <UnitOfMeasurePrice>1.89</UnitOfMeasurePrice>
      <AllowDiscount>0</AllowDiscount>
      <itemStatus>1</itemStatus>
      <LastUpdateDate />
      <LastUpdateTime />
    </Product>
    <Product>
      <PriceUpdateDate>2015/05/27 11:55</PriceUpdateDate>
      <ItemCode>64144090020</ItemCode>
      <ItemType>0</ItemType>
      <ItemName>תרסיס שמן זית פאם (148 מל)</ItemName>
      <ManufactureName>ליימן שליסל בעמ</ManufactureName>
      <ManufactureCountry />
      <ManufactureItemDescription />
      <UnitQty>יח`</UnitQty>
      <Quantity>141</Quantity>
      <UnitMeasure>גרם</UnitMeasure>
      <BisWeighted>0</BisWeighted>
      <QtyInPackage>1</QtyInPackage>
      <ItemPrice>20.90</ItemPrice>
      <UnitOfMeasurePrice>14.82</UnitOfMeasurePrice>
      <AllowDiscount>1</AllowDiscount>
      <itemStatus>1</itemStatus>
      <LastUpdateDate />
      <LastUpdateTime />
    </Product>
    <Product>
      <PriceUpdateDate>2015/05/27 11:55</PriceUpdateDate>
      <ItemCode>64144090051</ItemCode>
      <ItemType>0</ItemType>
      <ItemName>תרסיס שמן קנולה פאם (148 מל)</ItemName>
      <ManufactureName>ליימן שליסל בעמ</ManufactureName>
      <ManufactureCountry />
      <ManufactureItemDescription />
      <UnitQty>יח`</UnitQty>
      <Quantity>148</Quantity>
      <UnitMeasure>מ"ל</UnitMeasure>
      <BisWeighted>0</BisWeighted>
      <QtyInPackage>1</QtyInPackage>
      <ItemPrice>20.90</ItemPrice>
      <UnitOfMeasurePrice>14.12</UnitOfMeasurePrice>
      <AllowDiscount>1</AllowDiscount>
      <itemStatus>1</itemStatus>
      <LastUpdateDate />
      <LastUpdateTime />
    </Product>
    <Product>
      <PriceUpdateDate>2016/12/14 09:05</PriceUpdateDate>
      <ItemCode>76840100125</ItemCode>
      <ItemType>0</ItemType>
      <ItemName>גלידת פיינט וניל חמאת בוטנים ופרצל 473</ItemName>
      <ManufactureName>מוצרי איכות אמריקאיים בעמ</ManufactureName>
      <ManufactureCountry />
      <ManufactureItemDescription />
      <UnitQty>יח`</UnitQty>
      <Quantity>473</Quantity>
      <UnitMeasure>מ"ל</UnitMeasure>
      <BisWeighted>0</BisWeighted>
      <QtyInPackage>1</QtyInPackage>
      <ItemPrice>19.90</ItemPrice>
      <UnitOfMeasurePrice>4.21</UnitOfMeasurePrice>
      <AllowDiscount>1</AllowDiscount>
      <itemStatus>1</itemStatus>
      <LastUpdateDate />
      <LastUpdateTime />
    </Product>
    <Product>
      <PriceUpdateDate>2016/12/14 09:05</PriceUpdateDate>
      <ItemCode>76840100583</ItemCode>
      <ItemType>0</ItemType>
      <ItemName>גלידה וניל+בצק  עוגיות ושוקולד ציפס 473ג</ItemName>
      <ManufactureName>מוצרי איכות אמריקאיים בעמ</ManufactureName>
      <ManufactureCountry />
      <ManufactureItemDescription />
      <UnitQty>יח`</UnitQty>
      <Quantity>473</Quantity>
      <UnitMeasure>מ"ל</UnitMeasure>
      <BisWeighted>0</BisWeighted>
      <QtyInPackage>1</QtyInPackage>
      <ItemPrice>19.90</ItemPrice>
      <UnitOfMeasurePrice>4.21</UnitOfMeasurePrice>
      <AllowDiscount>1</AllowDiscount>
      <itemStatus>1</itemStatus>
      <LastUpdateDate />
      <LastUpdateTime />
    </Product>
    <Product>
      <PriceUpdateDate>2016/12/14 09:05</PriceUpdateDate>
      <ItemCode>76840100811</ItemCode>
      <ItemType>0</ItemType>
      <ItemName>גלידת פיינטים חמאת בוטנים מצופים בן אנד</ItemName>
      <ManufactureName>מוצרי איכות אמריקאיים בעמ</ManufactureName>
      <ManufactureCountry />
      <ManufactureItemDescription />
      <UnitQty>יח`</UnitQty>
      <Quantity>473</Quantity>
      <UnitMeasure>מ"ל</UnitMeasure>
      <BisWeighted>0</BisWeighted>
      <QtyInPackage>1</QtyInPackage>
      <ItemPrice>19.90</ItemPrice>
      <UnitOfMeasurePrice>4.21</UnitOfMeasurePrice>
      <AllowDiscount>1</AllowDiscount>
      <itemStatus>1</itemStatus>
      <LastUpdateDate />
      <LastUpdateTime />
    </Product>
    <Product>
      <PriceUpdateDate>2018/07/05 16:00</PriceUpdateDate>
      <ItemCode>76840100989</ItemCode>
      <ItemType>0</ItemType>
      <ItemName>גלידת בן אנד ג`ריס שוקולד עם מרשמלו</ItemName>
      <ManufactureName>מוצרי איכות אמריקאיים בעמ</ManufactureName>
      <ManufactureCountry />
      <ManufactureItemDescription />
      <UnitQty>יח`</UnitQty>
      <Quantity>500</Quantity>
      <UnitMeasure>מ"ל</UnitMeasure>
      <BisWeighted>0</BisWeighted>
      <QtyInPackage>1</QtyInPackage>
      <ItemPrice>19.90</ItemPrice>
      <UnitOfMeasurePrice>3.98</UnitOfMeasurePrice>
      <AllowDiscount>1</AllowDiscount>
      <itemStatus>1</itemStatus>
      <LastUpdateDate />
      <LastUpdateTime />
    </Product>
    <Product>
      <PriceUpdateDate>2016/12/14 09:05</PriceUpdateDate>
      <ItemCode>76840400218</ItemCode>
      <ItemType>0</ItemType>
      <ItemName>גלידת פיינטים בן אנד גריס פיינט תות</ItemName>
      <ManufactureName>מוצרי איכות אמריקאיים בעמ</ManufactureName>
      <ManufactureCountry />
      <ManufactureItemDescription />
      <UnitQty>יח`</UnitQty>
      <Quantity>750</Quantity>
      <UnitMeasure>מ"ל</UnitMeasure>
      <BisWeighted>0</BisWeighted>
      <QtyInPackage>1</QtyInPackage>
      <ItemPrice>19.90</ItemPrice>
      <UnitOfMeasurePrice>2.65</UnitOfMeasurePrice>
      <AllowDiscount>1</AllowDiscount>
      <itemStatus>1</itemStatus>
      <LastUpdateDate />
      <LastUpdateTime />
    </Product>
    <Product>
      <PriceUpdateDate>2018/03/27 10:10</PriceUpdateDate>
      <ItemCode>76840551941</ItemCode>
      <ItemType>0</ItemType>
      <ItemName>גלידת עוגת גבינה ועוגיות בן אנד ג`ריס 47</ItemName>
      <ManufactureName>מוצרי איכות אמריקאיים בעמ</ManufactureName>
      <ManufactureCountry />
      <ManufactureItemDescription />
      <UnitQty>יח`</UnitQty>
      <Quantity>473</Quantity>
      <UnitMeasure>מ"ל</UnitMeasure>
      <BisWeighted>0</BisWeighted>
      <QtyInPackage>1</QtyInPackage>
      <ItemPrice>19.90</ItemPrice>
      <UnitOfMeasurePrice>4.21</UnitOfMeasurePrice>
      <AllowDiscount>1</AllowDiscount>
      <itemStatus>1</itemStatus>
      <LastUpdateDate />
      <LastUpdateTime />
    </Product>
    <Product>
      <PriceUpdateDate>2017/05/08 08:41</PriceUpdateDate>
      <ItemCode>76840580767</ItemCode>
      <ItemType>0</ItemType>
      <ItemName>פינט באטר ועוגיות טבעוני ללא חלב 473 מל</ItemName>
      <ManufactureName>מוצרי איכות אמריקאיים בעמ</ManufactureName>
      <ManufactureCountry />
      <ManufactureItemDescription />
      <UnitQty>יח`</UnitQty>
      <Quantity>473</Quantity>
      <UnitMeasure>מ"ל</UnitMeasure>
      <BisWeighted>0</BisWeighted>
      <QtyInPackage>1</QtyInPackage>
      <ItemPrice>29.90</ItemPrice>
      <UnitOfMeasurePrice>6.32</UnitOfMeasurePrice>
      <AllowDiscount>0</AllowDiscount>
      <itemStatus>1</itemStatus>
      <LastUpdateDate />
      <LastUpdateTime />
    </Product>
    <Product>
      <PriceUpdateDate>2016/12/14 09:05</PriceUpdateDate>
      <ItemCode>76840620029</ItemCode>
      <ItemType>0</ItemType>
      <ItemName>גלידת פיינטים שמנת עם תות</ItemName>
      <ManufactureName>מוצרי איכות אמריקאיים בעמ</ManufactureName>
      <ManufactureCountry />
      <ManufactureItemDescription />
      <UnitQty>יח`</UnitQty>
      <Quantity>473</Quantity>
      <UnitMeasure>מ"ל</UnitMeasure>
      <BisWeighted>0</BisWeighted>
      <QtyInPackage>1</QtyInPackage>
      <ItemPrice>19.90</ItemPrice>
      <UnitOfMeasurePrice>4.21</UnitOfMeasurePrice>
      <AllowDiscount>1</AllowDiscount>
      <itemStatus>1</itemStatus>
      <LastUpdateDate />
      <LastUpdateTime />
    </Product>
    <Product>
      <PriceUpdateDate>2018/01/03 08:58</PriceUpdateDate>
      <ItemCode>76840620036</ItemCode>
      <ItemType>0</ItemType>
      <ItemName>גלידת פיינטים וניל שמנת משובחת 500 מל</ItemName>
      <ManufactureName>מוצרי איכות אמריקאיים בעמ</ManufactureName>
      <ManufactureCountry />
      <ManufactureItemDescription />
      <UnitQty>יח`</UnitQty>
      <Quantity>500</Quantity>
      <UnitMeasure>מ"ל</UnitMeasure>
      <BisWeighted>0</BisWeighted>
      <QtyInPackage>1</QtyInPackage>
      <ItemPrice>19.90</ItemPrice>
      <UnitOfMeasurePrice>3.98</UnitOfMeasurePrice>
      <AllowDiscount>1</AllowDiscount>
      <itemStatus>1</itemStatus>
      <LastUpdateDate />
      <LastUpdateTime />
    </Product>
    <Product>
      <PriceUpdateDate>2013/06/09 19:11</PriceUpdateDate>
      <ItemCode>77245110610</ItemCode>
      <ItemType>0</ItemType>
      <ItemName>סוכריות ללא סוכר בטעם מנטה מאסט (80 גרם)</ItemName>
      <ManufactureName>שטראוס גרופ בעמ</ManufactureName>
      <ManufactureCountry />
      <ManufactureItemDescription />
      <UnitQty>יח`</UnitQty>
      <Quantity>80</Quantity>
      <UnitMeasure>גרם</UnitMeasure>
      <BisWeighted>0</BisWeighted>
      <QtyInPackage>1</QtyInPackage>
      <ItemPrice>8.90</ItemPrice>
      <UnitOfMeasurePrice>11.13</UnitOfMeasurePrice>
      <AllowDiscount>0</AllowDiscount>
      <itemStatus>1</itemStatus>
      <LastUpdateDate />
      <LastUpdateTime />
    </Product>
    <Product>
      <PriceUpdateDate>2016/02/28 09:05</PriceUpdateDate>
      <ItemCode>77975022757</ItemCode>
      <ItemType>0</ItemType>
      <ItemName>סניידרס שברי בייגלה אמריקאי 382 גר`</ItemName>
      <ManufactureName>ליימן שליסל בעמ</ManufactureName>
      <ManufactureCountry />
      <ManufactureItemDescription />
      <UnitQty>יח`</UnitQty>
      <Quantity>382.70</Quantity>
      <UnitMeasure>גרם</UnitMeasure>
      <BisWeighted>0</BisWeighted>
      <QtyInPackage>1</QtyInPackage>
      <ItemPrice>17.90</ItemPrice>
      <UnitOfMeasurePrice>4.68</UnitOfMeasurePrice>
      <AllowDiscount>1</AllowDiscount>
      <itemStatus>1</itemStatus>
      <LastUpdateDate />
      <LastUpdateTime />
    </Product>
    <Product>
      <PriceUpdateDate>2016/02/02 08:53</PriceUpdateDate>
      <ItemCode>77975029688</ItemCode>
      <ItemType>0</ItemType>
      <ItemName>סניידרס בייגלה במילוי קרם צ`דר</ItemName>
      <ManufactureName>ליימן שליסל בעמ</ManufactureName>
      <ManufactureCountry />
      <ManufactureItemDescription />
      <UnitQty>יח`</UnitQty>
      <Quantity>226.80</Quantity>
      <UnitMeasure>גרם</UnitMeasure>
      <BisWeighted>0</BisWeighted>
      <QtyInPackage>1</QtyInPackage>
      <ItemPrice>19.90</ItemPrice>
      <UnitOfMeasurePrice>8.77</UnitOfMeasurePrice>
      <AllowDiscount>1</AllowDiscount>
      <itemStatus>1</itemStatus>
      <LastUpdateDate />
      <LastUpdateTime />
    </Product>
    <Product>
      <PriceUpdateDate>2019/08/18 06:58</PriceUpdateDate>
      <ItemCode>77975088210</ItemCode>
      <ItemType>0</ItemType>
      <ItemName>סניידרס שברי בייגל בטעם גבינת צ`אדר</ItemName>
      <ManufactureName>ליימן שליסל בעמ</ManufactureName>
      <ManufactureCountry />
      <ManufactureItemDescription />
      <UnitQty>יח`</UnitQty>
      <Quantity>340</Quantity>
      <UnitMeasure>גרם</UnitMeasure>
      <BisWeighted>0</BisWeighted>
      <QtyInPackage>1</QtyInPackage>
      <ItemPrice>13.90</ItemPrice>
      <UnitOfMeasurePrice>4.09</UnitOfMeasurePrice>
      <AllowDiscount>1</AllowDiscount>
      <itemStatus>1</itemStatus>
      <LastUpdateDate />
      <LastUpdateTime />
    </Product>
    <Product>
      <PriceUpdateDate>2019/08/18 06:58</PriceUpdateDate>
      <ItemCode>77975088227</ItemCode>
      <ItemType>0</ItemType>
      <ItemName>סניידרס שברי בייגל בטעם בצל חרדל ודבש</ItemName>
      <ManufactureName>ליימן שליסל בעמ</ManufactureName>
      <ManufactureCountry />
      <ManufactureItemDescription />
      <UnitQty>יח`</UnitQty>
      <Quantity>340</Quantity>
      <UnitMeasure>גרם</UnitMeasure>
      <BisWeighted>0</BisWeighted>
      <QtyInPackage>1</QtyInPackage>
      <ItemPrice>13.90</ItemPrice>
      <UnitOfMeasurePrice>4.09</UnitOfMeasurePrice>
      <AllowDiscount>1</AllowDiscount>
      <itemStatus>1</itemStatus>
      <LastUpdateDate />
      <LastUpdateTime />
    </Product>
    <Product>
      <PriceUpdateDate>2013/12/22 07:20</PriceUpdateDate>
      <ItemCode>80518532743</ItemCode>
      <ItemType>0</ItemType>
      <ItemName>בלון פסטל שמחה זה אנחנו) (50</ItemName>
      <ManufactureName>שמחה זה אנחנו בעמ</ManufactureName>
      <ManufactureCountry />
      <ManufactureItemDescription />
      <UnitQty>יח`</UnitQty>
      <Quantity>1</Quantity>
      <UnitMeasure />
      <BisWeighted>0</BisWeighted>
      <QtyInPackage>1</QtyInPackage>
      <ItemPrice>11.90</ItemPrice>
      <UnitOfMeasurePrice>11.90</UnitOfMeasurePrice>
      <AllowDiscount>0</AllowDiscount>
      <itemStatus>1</itemStatus>
      <LastUpdateDate />
      <LastUpdateTime />
    </Product>
    <Product>
      <PriceUpdateDate>2016/10/28 10:10</PriceUpdateDate>
      <ItemCode>300410807009</ItemCode>
      <ItemType>0</ItemType>
      <ItemName>מברשת שיניים אורלביי ייבוא מקביל</ItemName>
      <ManufactureName>פארמה דיל (פ.א.ב.) שיווק והפצה</ManufactureName>
      <ManufactureCountry />
      <ManufactureItemDescription />
      <UnitQty>יח`</UnitQty>
      <Quantity>1</Quantity>
      <UnitMeasure />
      <BisWeighted>0</BisWeighted>
      <QtyInPackage>1</QtyInPackage>
      <ItemPrice>2.90</ItemPrice>
      <UnitOfMeasurePrice>2.90</UnitOfMeasurePrice>
      <AllowDiscount>0</AllowDiscount>
      <itemStatus>1</itemStatus>
      <LastUpdateDate />
      <LastUpdateTime />
    </Product>
    <Product>
      <PriceUpdateDate>2019/12/31 07:50</PriceUpdateDate>
      <ItemCode>602652176753</ItemCode>
      <ItemType>0</ItemType>
      <ItemName>חטיף שוקולד מריר אגוזים ומלח ים אטלנטי 4</ItemName>
      <ManufactureName>מרס ריגלי ישראל בעמ</ManufactureName>
      <ManufactureCountry />
      <ManufactureItemDescription />
      <UnitQty>יח`</UnitQty>
      <Quantity>40</Quantity>
      <UnitMeasure>גרם</UnitMeasure>
      <BisWeighted>0</BisWeighted>
      <QtyInPackage>1</QtyInPackage>
      <ItemPrice>6.90</ItemPrice>
      <UnitOfMeasurePrice>17.25</UnitOfMeasurePrice>
      <AllowDiscount>0</AllowDiscount>
      <itemStatus>1</itemStatus>
      <LastUpdateDate />
      <LastUpdateTime />
    </Product>
    <Product>
      <PriceUpdateDate>2020/04/30 06:55</PriceUpdateDate>
      <ItemCode>608614255481</ItemCode>
      <ItemType>0</ItemType>
      <ItemName>פופקורנס טבעי עם מלח ים 50 גר</ItemName>
      <ManufactureName>אבאל יזמות בעמ</ManufactureName>
      <ManufactureCountry />
      <ManufactureItemDescription />
      <UnitQty>יח`</UnitQty>
      <Quantity>50</Quantity>
      <UnitMeasure>גרם</UnitMeasure>
      <BisWeighted>0</BisWeighted>
      <QtyInPackage>1</QtyInPackage>
      <ItemPrice>4.90</ItemPrice>
      <UnitOfMeasurePrice>9.80</UnitOfMeasurePrice>
      <AllowDiscount>0</AllowDiscount>
      <itemStatus>1</itemStatus>
      <LastUpdateDate />
      <LastUpdateTime />
    </Product>
    <Product>
      <PriceUpdateDate>2020/04/30 06:55</PriceUpdateDate>
      <ItemCode>608614255504</ItemCode>
      <ItemType>0</ItemType>
      <ItemName>פופקורנס טעם בצל 50 גר</ItemName>
      <ManufactureName>אבאל יזמות בעמ</ManufactureName>
      <ManufactureCountry />
      <ManufactureItemDescription />
      <UnitQty>יח`</UnitQty>
      <Quantity>50</Quantity>
      <UnitMeasure>גרם</UnitMeasure>
      <BisWeighted>0</BisWeighted>
      <QtyInPackage>1</QtyInPackage>
      <ItemPrice>4.90</ItemPrice>
      <UnitOfMeasurePrice>9.80</UnitOfMeasurePrice>
      <AllowDiscount>0</AllowDiscount>
      <itemStatus>1</itemStatus>
      <LastUpdateDate />
      <LastUpdateTime />
    </Product>
    <Product>
      <PriceUpdateDate>2020/04/30 06:55</PriceUpdateDate>
      <ItemCode>608614255511</ItemCode>
      <ItemType>0</ItemType>
      <ItemName>פופקורנס טעם גבינה 50 גר</ItemName>
      <ManufactureName>אבאל יזמות בעמ</ManufactureName>
      <ManufactureCountry />
      <ManufactureItemDescription />
      <UnitQty>יח`</UnitQty>
      <Quantity>50</Quantity>
      <UnitMeasure>גרם</UnitMeasure>
      <BisWeighted>0</BisWeighted>
      <QtyInPackage>1</QtyInPackage>
      <ItemPrice>4.90</ItemPrice>
      <UnitOfMeasurePrice>9.80</UnitOfMeasurePrice>
      <AllowDiscount>0</AllowDiscount>
      <itemStatus>1</itemStatus>
      <LastUpdateDate />
      <LastUpdateTime />
    </Product>
    <Product>
      <PriceUpdateDate>2020/04/30 06:55</PriceUpdateDate>
      <ItemCode>608614255528</ItemCode>
      <ItemType>0</ItemType>
      <ItemName>פופקורנס טעם גריל 50 גר</ItemName>
      <ManufactureName>אבאל יזמות בעמ</ManufactureName>
      <ManufactureCountry />
      <ManufactureItemDescription />
      <UnitQty>יח`</UnitQty>
      <Quantity>50</Quantity>
      <UnitMeasure>גרם</UnitMeasure>
      <BisWeighted>0</BisWeighted>
      <QtyInPackage>1</QtyInPackage>
      <ItemPrice>4.90</ItemPrice>
      <UnitOfMeasurePrice>9.80</UnitOfMeasurePrice>
      <AllowDiscount>0</AllowDiscount>
      <itemStatus>1</itemStatus>
      <LastUpdateDate />
      <LastUpdateTime />
    </Product>
    <Product>
      <PriceUpdateDate>2020/04/30 06:55</PriceUpdateDate>
      <ItemCode>608614255535</ItemCode>
      <ItemType>0</ItemType>
      <ItemName>פופקורנס קרמל מלוח 50 גר</ItemName>
      <ManufactureName>אבאל יזמות בעמ</ManufactureName>
      <ManufactureCountry />
      <ManufactureItemDescription />
      <UnitQty>יח`</UnitQty>
      <Quantity>50</Quantity>
      <UnitMeasure>גרם</UnitMeasure>
      <BisWeighted>0</BisWeighted>
      <QtyInPackage>1</QtyInPackage>
      <ItemPrice>4.90</ItemPrice>
      <UnitOfMeasurePrice>9.80</UnitOfMeasurePrice>
      <AllowDiscount>0</AllowDiscount>
      <itemStatus>1</itemStatus>
      <LastUpdateDate />
      <LastUpdateTime />
    </Product>
    <Product>
      <PriceUpdateDate>2014/11/04 11:41</PriceUpdateDate>
      <ItemCode>621683920753</ItemCode>
      <ItemType>0</ItemType>
      <ItemName>שלס פסטה אורז 454  גר`טינקיאדה</ItemName>
      <ManufactureName>מור-ים מרקטינג בעמ</ManufactureName>
      <ManufactureCountry />
      <ManufactureItemDescription />
      <UnitQty>יח`</UnitQty>
      <Quantity>454</Quantity>
      <UnitMeasure>גרם</UnitMeasure>
      <BisWeighted>0</BisWeighted>
      <QtyInPackage>1</QtyInPackage>
      <ItemPrice>19.90</ItemPrice>
      <UnitOfMeasurePrice>4.38</UnitOfMeasurePrice>
      <AllowDiscount>0</AllowDiscount>
      <itemStatus>1</itemStatus>
      <LastUpdateDate />
      <LastUpdateTime />
    </Product>
    <Product>
      <PriceUpdateDate>2014/11/04 11:41</PriceUpdateDate>
      <ItemCode>621683921255</ItemCode>
      <ItemType>0</ItemType>
      <ItemName>ספירל פסטה אורז 454  גר`טינקיאדה</ItemName>
      <ManufactureName>מור-ים מרקטינג בעמ</ManufactureName>
      <ManufactureCountry />
      <ManufactureItemDescription />
      <UnitQty>יח`</UnitQty>
      <Quantity>454</Quantity>
      <UnitMeasure>גרם</UnitMeasure>
      <BisWeighted>0</BisWeighted>
      <QtyInPackage>1</QtyInPackage>
      <ItemPrice>19.90</ItemPrice>
      <UnitOfMeasurePrice>4.38</UnitOfMeasurePrice>
      <AllowDiscount>0</AllowDiscount>
      <itemStatus>1</itemStatus>
      <LastUpdateDate />
      <LastUpdateTime />
    </Product>
    <Product>
      <PriceUpdateDate>2020/05/03 11:04</PriceUpdateDate>
      <ItemCode>693493002516</ItemCode>
      <ItemType>0</ItemType>
      <ItemName>ענבים שחורים ארוז</ItemName>
      <ManufactureName>פירות אביב בעמ</ManufactureName>
      <ManufactureCountry />
      <ManufactureItemDescription />
      <UnitQty>יח`</UnitQty>
      <Quantity>1</Quantity>
      <UnitMeasure />
      <BisWeighted>0</BisWeighted>
      <QtyInPackage>1</QtyInPackage>
      <ItemPrice>10</ItemPrice>
      <UnitOfMeasurePrice>10</UnitOfMeasurePrice>
      <AllowDiscount>1</AllowDiscount>
      <itemStatus>1</itemStatus>
      <LastUpdateDate />
      <LastUpdateTime />
    </Product>
    <Product>
      <PriceUpdateDate>2019/03/27 17:52</PriceUpdateDate>
      <ItemCode>693493004701</ItemCode>
      <ItemType>0</ItemType>
      <ItemName>ערכה ליולדת ע</ItemName>
      <ManufactureName>די.אנ.איי. נטוורקינג בעמ***לא</ManufactureName>
      <ManufactureCountry />
      <ManufactureItemDescription />
      <UnitQty>יח`</UnitQty>
      <Quantity>1</Quantity>
      <UnitMeasure />
      <BisWeighted>0</BisWeighted>
      <QtyInPackage>1</QtyInPackage>
      <ItemPrice>199</ItemPrice>
      <UnitOfMeasurePrice>199</UnitOfMeasurePrice>
      <AllowDiscount>0</AllowDiscount>
      <itemStatus>1</itemStatus>
      <LastUpdateDate />
      <LastUpdateTime />
    </Product>
    <Product>
      <PriceUpdateDate>2019/02/26 13:19</PriceUpdateDate>
      <ItemCode>721733000739</ItemCode>
      <ItemType>0</ItemType>
      <ItemName>טקילה פטרון סילבר 700 מל</ItemName>
      <ManufactureName>מ. אקרמן בעמ</ManufactureName>
      <ManufactureCountry />
      <ManufactureItemDescription />
      <UnitQty>יח`</UnitQty>
      <Quantity>700</Quantity>
      <UnitMeasure>מ"ל</UnitMeasure>
      <BisWeighted>0</BisWeighted>
      <QtyInPackage>1</QtyInPackage>
      <ItemPrice>169.90</ItemPrice>
      <UnitOfMeasurePrice>24.23</UnitOfMeasurePrice>
      <AllowDiscount>0</AllowDiscount>
      <itemStatus>1</itemStatus>
      <LastUpdateDate />
      <LastUpdateTime />
    </Product>
    <Product>
      <PriceUpdateDate>2020/05/03 11:52</PriceUpdateDate>
      <ItemCode>728013880007</ItemCode>
      <ItemType>0</ItemType>
      <ItemName>פחמים 2קג</ItemName>
      <ManufactureName>פחם קוואנגו סחר בעמ</ManufactureName>
      <ManufactureCountry />
      <ManufactureItemDescription />
      <UnitQty>יח`</UnitQty>
      <Quantity>2000</Quantity>
      <UnitMeasure>גרם</UnitMeasure>
      <BisWeighted>0</BisWeighted>
      <QtyInPackage>1</QtyInPackage>
      <ItemPrice>11.90</ItemPrice>
      <UnitOfMeasurePrice>0.60</UnitOfMeasurePrice>
      <AllowDiscount>0</AllowDiscount>
      <itemStatus>1</itemStatus>
      <LastUpdateDate />
      <LastUpdateTime />
    </Product>
    <Product>
      <PriceUpdateDate>2016/05/03 15:25</PriceUpdateDate>
      <ItemCode>728229123613</ItemCode>
      <ItemType>0</ItemType>
      <ItemName>חטיף צ`יפס מתפוח אדמה כחול טרה (110 גרם)</ItemName>
      <ManufactureName>דנשר (1963) בעמ</ManufactureName>
      <ManufactureCountry />
      <ManufactureItemDescription />
      <UnitQty>יח`</UnitQty>
      <Quantity>110</Quantity>
      <UnitMeasure>גרם</UnitMeasure>
      <BisWeighted>0</BisWeighted>
      <QtyInPackage>1</QtyInPackage>
      <ItemPrice>14.90</ItemPrice>
      <UnitOfMeasurePrice>13.55</UnitOfMeasurePrice>
      <AllowDiscount>0</AllowDiscount>
      <itemStatus>1</itemStatus>
      <LastUpdateDate />
      <LastUpdateTime />
    </Product>
    <Product>
      <PriceUpdateDate>2016/12/21 08:13</PriceUpdateDate>
      <ItemCode>728229124771</ItemCode>
      <ItemType>0</ItemType>
      <ItemName>חטיף טרה מבטטה בטעם ברבקיו 110 גר</ItemName>
      <ManufactureName>דנשר (1963) בעמ</ManufactureName>
      <ManufactureCountry />
      <ManufactureItemDescription />
      <UnitQty>יח`</UnitQty>
      <Quantity>110</Quantity>
      <UnitMeasure>גרם</UnitMeasure>
      <BisWeighted>0</BisWeighted>
      <QtyInPackage>1</QtyInPackage>
      <ItemPrice>14.90</ItemPrice>
      <UnitOfMeasurePrice>13.55</UnitOfMeasurePrice>
      <AllowDiscount>0</AllowDiscount>
      <itemStatus>1</itemStatus>
      <LastUpdateDate />
      <LastUpdateTime />
    </Product>
    <Product>
      <PriceUpdateDate>2019/01/28 14:43</PriceUpdateDate>
      <ItemCode>811250030019</ItemCode>
      <ItemType>0</ItemType>
      <ItemName>מטחנת ג`מבו - מלח ים גס 330 גר</ItemName>
      <ManufactureName>אבאל יזמות בעמ</ManufactureName>
      <ManufactureCountry />
      <ManufactureItemDescription />
      <UnitQty>יח`</UnitQty>
      <Quantity>330</Quantity>
      <UnitMeasure>גרם</UnitMeasure>
      <BisWeighted>0</BisWeighted>
      <QtyInPackage>1</QtyInPackage>
      <ItemPrice>24.90</ItemPrice>
      <UnitOfMeasurePrice>7.55</UnitOfMeasurePrice>
      <AllowDiscount>0</AllowDiscount>
      <itemStatus>1</itemStatus>
      <LastUpdateDate />
      <LastUpdateTime />
    </Product>
    <Product>
      <PriceUpdateDate>2019/01/28 14:43</PriceUpdateDate>
      <ItemCode>811250030026</ItemCode>
      <ItemType>0</ItemType>
      <ItemName>מטחנת ג`מבו - פלפל שחור שלם 150 גר</ItemName>
      <ManufactureName>אבאל יזמות בעמ</ManufactureName>
      <ManufactureCountry />
      <ManufactureItemDescription />
      <UnitQty>יח`</UnitQty>
      <Quantity>150</Quantity>
      <UnitMeasure>גרם</UnitMeasure>
      <BisWeighted>0</BisWeighted>
      <QtyInPackage>1</QtyInPackage>
      <ItemPrice>24.90</ItemPrice>
      <UnitOfMeasurePrice>16.60</UnitOfMeasurePrice>
      <AllowDiscount>0</AllowDiscount>
      <itemStatus>1</itemStatus>
      <LastUpdateDate />
      <LastUpdateTime />
    </Product>
    <Product>
      <PriceUpdateDate>2019/02/25 08:59</PriceUpdateDate>
      <ItemCode>835811000440</ItemCode>
      <ItemType>0</ItemType>
      <ItemName>צלחות גדולות עבות הנמל (66)קרם</ItemName>
      <ManufactureName>הנמל אריזות ושיווק (1984) בעמ</ManufactureName>
      <ManufactureCountry />
      <ManufactureItemDescription />
      <UnitQty>יח`</UnitQty>
      <Quantity>1</Quantity>
      <UnitMeasure />
      <BisWeighted>0</BisWeighted>
      <QtyInPackage>1</QtyInPackage>
      <ItemPrice>25.90</ItemPrice>
      <UnitOfMeasurePrice>25.90</UnitOfMeasurePrice>
      <AllowDiscount>1</AllowDiscount>
      <itemStatus>1</itemStatus>
      <LastUpdateDate />
      <LastUpdateTime />
    </Product>
    <Product>
      <PriceUpdateDate>2018/07/19 08:42</PriceUpdateDate>
      <ItemCode>835811002079</ItemCode>
      <ItemType>0</ItemType>
      <ItemName>נר נשמה 48 שעות זכוכית</ItemName>
      <ManufactureName>הנמל אריזות ושיווק (1984) בעמ</ManufactureName>
      <ManufactureCountry />
      <ManufactureItemDescription />
      <UnitQty>יח`</UnitQty>
      <Quantity>1</Quantity>
      <UnitMeasure />
      <BisWeighted>0</BisWeighted>
      <QtyInPackage>1</QtyInPackage>
      <ItemPrice>4.50</ItemPrice>
      <UnitOfMeasurePrice>4.50</UnitOfMeasurePrice>
      <AllowDiscount>0</AllowDiscount>
      <itemStatus>1</itemStatus>
      <LastUpdateDate />
      <LastUpdateTime />
    </Product>
    <Product>
      <PriceUpdateDate>2017/02/15 08:33</PriceUpdateDate>
      <ItemCode>835811002215</ItemCode>
      <ItemType>0</ItemType>
      <ItemName>מאפינס צבעוני 200  יח` מס`4</ItemName>
      <ManufactureName>הנמל אריזות ושיווק (1984) בעמ</ManufactureName>
      <ManufactureCountry />
      <ManufactureItemDescription />
      <UnitQty>יח`</UnitQty>
      <Quantity>1</Quantity>
      <UnitMeasure />
      <BisWeighted>0</BisWeighted>
      <QtyInPackage>1</QtyInPackage>
      <ItemPrice>8.90</ItemPrice>
      <UnitOfMeasurePrice>8.90</UnitOfMeasurePrice>
      <AllowDiscount>0</AllowDiscount>
      <itemStatus>1</itemStatus>
      <LastUpdateDate />
      <LastUpdateTime />
    </Product>
    <Product>
      <PriceUpdateDate>2017/02/15 08:33</PriceUpdateDate>
      <ItemCode>835811002239</ItemCode>
      <ItemType>0</ItemType>
      <ItemName>מאפינס צבעוני 200  יח` מס`3</ItemName>
      <ManufactureName>הנמל אריזות ושיווק (1984) בעמ</ManufactureName>
      <ManufactureCountry />
      <ManufactureItemDescription />
      <UnitQty>יח`</UnitQty>
      <Quantity>1</Quantity>
      <UnitMeasure />
      <BisWeighted>0</BisWeighted>
      <QtyInPackage>1</QtyInPackage>
      <ItemPrice>7.90</ItemPrice>
      <UnitOfMeasurePrice>7.90</UnitOfMeasurePrice>
      <AllowDiscount>0</AllowDiscount>
      <itemStatus>1</itemStatus>
      <LastUpdateDate />
      <LastUpdateTime />
    </Product>
    <Product>
      <PriceUpdateDate>2019/12/01 10:51</PriceUpdateDate>
      <ItemCode>835811003632</ItemCode>
      <ItemType>0</ItemType>
      <ItemName>ממרח בטעם תות 850  גר- הנמל</ItemName>
      <ManufactureName>הנמל אריזות ושיווק (1984) בעמ</ManufactureName>
      <ManufactureCountry />
      <ManufactureItemDescription />
      <UnitQty>יח`</UnitQty>
      <Quantity>850</Quantity>
      <UnitMeasure>גרם</UnitMeasure>
      <BisWeighted>0</BisWeighted>
      <QtyInPackage>1</QtyInPackage>
      <ItemPrice>9.90</ItemPrice>
      <UnitOfMeasurePrice>1.16</UnitOfMeasurePrice>
      <AllowDiscount>0</AllowDiscount>
      <itemStatus>1</itemStatus>
      <LastUpdateDate />
      <LastUpdateTime />
    </Product>
    <Product>
      <PriceUpdateDate>2019/12/01 10:51</PriceUpdateDate>
      <ItemCode>835811003649</ItemCode>
      <ItemType>0</ItemType>
      <ItemName>ממרח בטעם משמש 850 גר הנמל</ItemName>
      <ManufactureName>הנמל אריזות ושיווק (1984) בעמ</ManufactureName>
      <ManufactureCountry />
      <ManufactureItemDescription />
      <UnitQty>יח`</UnitQty>
      <Quantity>850</Quantity>
      <UnitMeasure>גרם</UnitMeasure>
      <BisWeighted>0</BisWeighted>
      <QtyInPackage>1</QtyInPackage>
      <ItemPrice>9.90</ItemPrice>
      <UnitOfMeasurePrice>1.16</UnitOfMeasurePrice>
      <AllowDiscount>0</AllowDiscount>
      <itemStatus>1</itemStatus>
      <LastUpdateDate />
      <LastUpdateTime />
    </Product>
    <Product>
      <PriceUpdateDate>2019/12/15 08:20</PriceUpdateDate>
      <ItemCode>835811004455</ItemCode>
      <ItemType>0</ItemType>
      <ItemName>קישקשים מנייר 125 יח .צבעוני פי.וי.סי הנ</ItemName>
      <ManufactureName>הנמל אריזות ושיווק (1984) בעמ</ManufactureName>
      <ManufactureCountry />
      <ManufactureItemDescription />
      <UnitQty>יח`</UnitQty>
      <Quantity>1</Quantity>
      <UnitMeasure />
      <BisWeighted>0</BisWeighted>
      <QtyInPackage>1</QtyInPackage>
      <ItemPrice>8.90</ItemPrice>
      <UnitOfMeasurePrice>8.90</UnitOfMeasurePrice>
      <AllowDiscount>0</AllowDiscount>
      <itemStatus>1</itemStatus>
      <LastUpdateDate />
      <LastUpdateTime />
    </Product>
    <Product>
      <PriceUpdateDate>2014/01/13 08:18</PriceUpdateDate>
      <ItemCode>835811005339</ItemCode>
      <ItemType>0</ItemType>
      <ItemName>שקיות מזון הנמל) (150x2</ItemName>
      <ManufactureName>הנמל אריזות ושיווק (1984) בעמ</ManufactureName>
      <ManufactureCountry />
      <ManufactureItemDescription />
      <UnitQty>יח`</UnitQty>
      <Quantity>1</Quantity>
      <UnitMeasure />
      <BisWeighted>0</BisWeighted>
      <QtyInPackage>1</QtyInPackage>
      <ItemPrice>9.90</ItemPrice>
      <UnitOfMeasurePrice>9.90</UnitOfMeasurePrice>
      <AllowDiscount>0</AllowDiscount>
      <itemStatus>1</itemStatus>
      <LastUpdateDate />
      <LastUpdateTime />
    </Product>
    <Product>
      <PriceUpdateDate>2018/02/06 10:12</PriceUpdateDate>
      <ItemCode>835811005407</ItemCode>
      <ItemType>0</ItemType>
      <ItemName>כוסות קפה לדרך 12  יח`הנמל</ItemName>
      <ManufactureName>הנמל אריזות ושיווק (1984) בעמ</ManufactureName>
      <ManufactureCountry />
      <ManufactureItemDescription />
      <UnitQty>יח`</UnitQty>
      <Quantity>12</Quantity>
      <UnitMeasure>יח`</UnitMeasure>
      <BisWeighted>0</BisWeighted>
      <QtyInPackage>1</QtyInPackage>
      <ItemPrice>10.90</ItemPrice>
      <UnitOfMeasurePrice>0.91</UnitOfMeasurePrice>
      <AllowDiscount>0</AllowDiscount>
      <itemStatus>1</itemStatus>
      <LastUpdateDate />
      <LastUpdateTime />
    </Product>
    <Product>
      <PriceUpdateDate>2017/07/27 08:11</PriceUpdateDate>
      <ItemCode>835811005803</ItemCode>
      <ItemType>0</ItemType>
      <ItemName>הנמל שקיות אשפה עם ידיות 25 יח 90*75</ItemName>
      <ManufactureName>הנמל אריזות ושיווק (1984) בעמ</ManufactureName>
      <ManufactureCountry />
      <ManufactureItemDescription />
      <UnitQty>יח`</UnitQty>
      <Quantity>1</Quantity>
      <UnitMeasure />
      <BisWeighted>0</BisWeighted>
      <QtyInPackage>1</QtyInPackage>
      <ItemPrice>15.90</ItemPrice>
      <UnitOfMeasurePrice>15.90</UnitOfMeasurePrice>
      <AllowDiscount>1</AllowDiscount>
      <itemStatus>1</itemStatus>
      <LastUpdateDate />
      <LastUpdateTime />
    </Product>
    <Product>
      <PriceUpdateDate>2019/03/06 08:20</PriceUpdateDate>
      <ItemCode>835811005810</ItemCode>
      <ItemType>0</ItemType>
      <ItemName>מגש הכסף תבנית מרובע קטן+מכסה  10 יח`</ItemName>
      <ManufactureName>הנמל אריזות ושיווק (1984) בעמ</ManufactureName>
      <ManufactureCountry />
      <ManufactureItemDescription />
      <UnitQty>יח`</UnitQty>
      <Quantity>1</Quantity>
      <UnitMeasure />
      <BisWeighted>0</BisWeighted>
      <QtyInPackage>1</QtyInPackage>
      <ItemPrice>9.90</ItemPrice>
      <UnitOfMeasurePrice>9.90</UnitOfMeasurePrice>
      <AllowDiscount>0</AllowDiscount>
      <itemStatus>1</itemStatus>
      <LastUpdateDate />
      <LastUpdateTime />
    </Product>
    <Product>
      <PriceUpdateDate>2019/03/06 08:20</PriceUpdateDate>
      <ItemCode>835811005896</ItemCode>
      <ItemType>0</ItemType>
      <ItemName>כפיות מתכלים 25 יח`</ItemName>
      <ManufactureName>הנמל אריזות ושיווק (1984) בעמ</ManufactureName>
      <ManufactureCountry />
      <ManufactureItemDescription />
      <UnitQty>יח`</UnitQty>
      <Quantity>1</Quantity>
      <UnitMeasure />
      <BisWeighted>0</BisWeighted>
      <QtyInPackage>1</QtyInPackage>
      <ItemPrice>4.90</ItemPrice>
      <UnitOfMeasurePrice>4.90</UnitOfMeasurePrice>
      <AllowDiscount>0</AllowDiscount>
      <itemStatus>1</itemStatus>
      <LastUpdateDate />
      <LastUpdateTime />
    </Product>
    <Product>
      <PriceUpdateDate>2019/11/12 13:10</PriceUpdateDate>
      <ItemCode>835811005902</ItemCode>
      <ItemType>0</ItemType>
      <ItemName>כפות מתכלים 25 יח`</ItemName>
      <ManufactureName>הנמל אריזות ושיווק (1984) בעמ</ManufactureName>
      <ManufactureCountry />
      <ManufactureItemDescription />
      <UnitQty>יח`</UnitQty>
      <Quantity>1</Quantity>
      <UnitMeasure />
      <BisWeighted>0</BisWeighted>
      <QtyInPackage>1</QtyInPackage>
      <ItemPrice>4.90</ItemPrice>
      <UnitOfMeasurePrice>4.90</UnitOfMeasurePrice>
      <AllowDiscount>0</AllowDiscount>
      <itemStatus>1</itemStatus>
      <LastUpdateDate />
      <LastUpdateTime />
    </Product>
    <Product>
      <PriceUpdateDate>2019/11/12 13:10</PriceUpdateDate>
      <ItemCode>835811005926</ItemCode>
      <ItemType>0</ItemType>
      <ItemName>מזלגות מתכלים 25 יח`</ItemName>
      <ManufactureName>הנמל אריזות ושיווק (1984) בעמ</ManufactureName>
      <ManufactureCountry />
      <ManufactureItemDescription />
      <UnitQty>יח`</UnitQty>
      <Quantity>1</Quantity>
      <UnitMeasure />
      <BisWeighted>0</BisWeighted>
      <QtyInPackage>1</QtyInPackage>
      <ItemPrice>4.90</ItemPrice>
      <UnitOfMeasurePrice>4.90</UnitOfMeasurePrice>
      <AllowDiscount>0</AllowDiscount>
      <itemStatus>1</itemStatus>
      <LastUpdateDate />
      <LastUpdateTime />
    </Product>
    <Product>
      <PriceUpdateDate>2019/03/06 08:20</PriceUpdateDate>
      <ItemCode>835811005940</ItemCode>
      <ItemType>0</ItemType>
      <ItemName>מגש הכסף תבנית  אלומ` גדולה+ מכסה 8 יח`</ItemName>
      <ManufactureName>הנמל אריזות ושיווק (1984) בעמ</ManufactureName>
      <ManufactureCountry />
      <ManufactureItemDescription />
      <UnitQty>יח`</UnitQty>
      <Quantity>1</Quantity>
      <UnitMeasure />
      <BisWeighted>0</BisWeighted>
      <QtyInPackage>1</QtyInPackage>
      <ItemPrice>9.90</ItemPrice>
      <UnitOfMeasurePrice>9.90</UnitOfMeasurePrice>
      <AllowDiscount>0</AllowDiscount>
      <itemStatus>1</itemStatus>
      <LastUpdateDate />
      <LastUpdateTime />
    </Product>
    <Product>
      <PriceUpdateDate>2019/11/12 13:10</PriceUpdateDate>
      <ItemCode>835811006213</ItemCode>
      <ItemType>0</ItemType>
      <ItemName>קערות למרק מקנה סוכר טבעי 25 יח`</ItemName>
      <ManufactureName>הנמל אריזות ושיווק (1984) בעמ</ManufactureName>
      <ManufactureCountry />
      <ManufactureItemDescription />
      <UnitQty>יח`</UnitQty>
      <Quantity>1</Quantity>
      <UnitMeasure />
      <BisWeighted>0</BisWeighted>
      <QtyInPackage>1</QtyInPackage>
      <ItemPrice>8.50</ItemPrice>
      <UnitOfMeasurePrice>8.50</UnitOfMeasurePrice>
      <AllowDiscount>0</AllowDiscount>
      <itemStatus>1</itemStatus>
      <LastUpdateDate />
      <LastUpdateTime />
    </Product>
    <Product>
      <PriceUpdateDate>2019/11/12 13:10</PriceUpdateDate>
      <ItemCode>835811006220</ItemCode>
      <ItemType>0</ItemType>
      <ItemName>צלחות ענק מקנה סוכר טבעי 25 יח`</ItemName>
      <ManufactureName>הנמל אריזות ושיווק (1984) בעמ</ManufactureName>
      <ManufactureCountry />
      <ManufactureItemDescription />
      <UnitQty>יח`</UnitQty>
      <Quantity>1</Quantity>
      <UnitMeasure />
      <BisWeighted>0</BisWeighted>
      <QtyInPackage>1</QtyInPackage>
      <ItemPrice>12.90</ItemPrice>
      <UnitOfMeasurePrice>12.90</UnitOfMeasurePrice>
      <AllowDiscount>0</AllowDiscount>
      <itemStatus>1</itemStatus>
      <LastUpdateDate />
      <LastUpdateTime />
    </Product>
    <Product>
      <PriceUpdateDate>2019/11/12 13:10</PriceUpdateDate>
      <ItemCode>835811006237</ItemCode>
      <ItemType>0</ItemType>
      <ItemName>צלחות קטנות מקנה סוכר טבעי 25 יח`</ItemName>
      <ManufactureName>הנמל אריזות ושיווק (1984) בעמ</ManufactureName>
      <ManufactureCountry />
      <ManufactureItemDescription />
      <UnitQty>יח`</UnitQty>
      <Quantity>1</Quantity>
      <UnitMeasure />
      <BisWeighted>0</BisWeighted>
      <QtyInPackage>1</QtyInPackage>
      <ItemPrice>6.50</ItemPrice>
      <UnitOfMeasurePrice>6.50</UnitOfMeasurePrice>
      <AllowDiscount>0</AllowDiscount>
      <itemStatus>1</itemStatus>
      <LastUpdateDate />
      <LastUpdateTime />
    </Product>
    <Product>
      <PriceUpdateDate>2019/11/12 13:10</PriceUpdateDate>
      <ItemCode>835811006244</ItemCode>
      <ItemType>0</ItemType>
      <ItemName>צלחות גדולות מקנה סוכר טבעי 25 יח`</ItemName>
      <ManufactureName>הנמל אריזות ושיווק (1984) בעמ</ManufactureName>
      <ManufactureCountry />
      <ManufactureItemDescription />
      <UnitQty>יח`</UnitQty>
      <Quantity>1</Quantity>
      <UnitMeasure />
      <BisWeighted>0</BisWeighted>
      <QtyInPackage>1</QtyInPackage>
      <ItemPrice>9.90</ItemPrice>
      <UnitOfMeasurePrice>9.90</UnitOfMeasurePrice>
      <AllowDiscount>0</AllowDiscount>
      <itemStatus>1</itemStatus>
      <LastUpdateDate />
      <LastUpdateTime />
    </Product>
    <Product>
      <PriceUpdateDate>2019/03/06 08:20</PriceUpdateDate>
      <ItemCode>835811007357</ItemCode>
      <ItemType>0</ItemType>
      <ItemName>סלטינות אובלי 25 יח</ItemName>
      <ManufactureName>הנמל אריזות ושיווק (1984) בעמ</ManufactureName>
      <ManufactureCountry />
      <ManufactureItemDescription />
      <UnitQty>יח`</UnitQty>
      <Quantity>1</Quantity>
      <UnitMeasure />
      <BisWeighted>0</BisWeighted>
      <QtyInPackage>1</QtyInPackage>
      <ItemPrice>3.90</ItemPrice>
      <UnitOfMeasurePrice>3.90</UnitOfMeasurePrice>
      <AllowDiscount>1</AllowDiscount>
      <itemStatus>1</itemStatus>
      <LastUpdateDate />
      <LastUpdateTime />
    </Product>
    <Product>
      <PriceUpdateDate>2016/10/06 08:22</PriceUpdateDate>
      <ItemCode>835811007562</ItemCode>
      <ItemType>0</ItemType>
      <ItemName>תבנית קרטון אינגליש קייק הנמל (6)</ItemName>
      <ManufactureName>הנמל אריזות ושיווק (1984) בעמ</ManufactureName>
      <ManufactureCountry />
      <ManufactureItemDescription />
      <UnitQty>יח`</UnitQty>
      <Quantity>1</Quantity>
      <UnitMeasure />
      <BisWeighted>0</BisWeighted>
      <QtyInPackage>1</QtyInPackage>
      <ItemPrice>8.90</ItemPrice>
      <UnitOfMeasurePrice>8.90</UnitOfMeasurePrice>
      <AllowDiscount>1</AllowDiscount>
      <itemStatus>1</itemStatus>
      <LastUpdateDate />
      <LastUpdateTime />
    </Product>
    <Product>
      <PriceUpdateDate>2017/03/09 09:42</PriceUpdateDate>
      <ItemCode>835811008347</ItemCode>
      <ItemType>0</ItemType>
      <ItemName>גפרור ענק הנמל</ItemName>
      <ManufactureName>הנמל אריזות ושיווק (1984) בעמ</ManufactureName>
      <ManufactureCountry />
      <ManufactureItemDescription />
      <UnitQty>יח`</UnitQty>
      <Quantity>1</Quantity>
      <UnitMeasure />
      <BisWeighted>0</BisWeighted>
      <QtyInPackage>1</QtyInPackage>
      <ItemPrice>5.90</ItemPrice>
      <UnitOfMeasurePrice>5.90</UnitOfMeasurePrice>
      <AllowDiscount>1</AllowDiscount>
      <itemStatus>1</itemStatus>
      <LastUpdateDate />
      <LastUpdateTime />
    </Product>
    <Product>
      <PriceUpdateDate>2016/10/06 08:22</PriceUpdateDate>
      <ItemCode>835811008927</ItemCode>
      <ItemType>0</ItemType>
      <ItemName>כוס ויסקי גבוהה 10 יח</ItemName>
      <ManufactureName>הנמל אריזות ושיווק (1984) בעמ</ManufactureName>
      <ManufactureCountry />
      <ManufactureItemDescription />
      <UnitQty>יח`</UnitQty>
      <Quantity>10</Quantity>
      <UnitMeasure>יח`</UnitMeasure>
      <BisWeighted>0</BisWeighted>
      <QtyInPackage>1</QtyInPackage>
      <ItemPrice>6.90</ItemPrice>
      <UnitOfMeasurePrice>0.69</UnitOfMeasurePrice>
      <AllowDiscount>0</AllowDiscount>
      <itemStatus>1</itemStatus>
      <LastUpdateDate />
      <LastUpdateTime />
    </Product>
    <Product>
      <PriceUpdateDate>2019/03/06 08:20</PriceUpdateDate>
      <ItemCode>835811008989</ItemCode>
      <ItemType>0</ItemType>
      <ItemName>כוסות קרטון 50 12OZ יח`</ItemName>
      <ManufactureName>הנמל אריזות ושיווק (1984) בעמ</ManufactureName>
      <ManufactureCountry />
      <ManufactureItemDescription />
      <UnitQty>יח`</UnitQty>
      <Quantity>1</Quantity>
      <UnitMeasure />
      <BisWeighted>0</BisWeighted>
      <QtyInPackage>1</QtyInPackage>
      <ItemPrice>12.90</ItemPrice>
      <UnitOfMeasurePrice>12.90</UnitOfMeasurePrice>
      <AllowDiscount>0</AllowDiscount>
      <itemStatus>1</itemStatus>
      <LastUpdateDate />
      <LastUpdateTime />
    </Product>
    <Product>
      <PriceUpdateDate>2019/03/06 08:20</PriceUpdateDate>
      <ItemCode>835811009429</ItemCode>
      <ItemType>0</ItemType>
      <ItemName>צלחות גדולות צבע 25 יח` מעורב</ItemName>
      <ManufactureName>הנמל אריזות ושיווק (1984) בעמ</ManufactureName>
      <ManufactureCountry />
      <ManufactureItemDescription />
      <UnitQty>יח`</UnitQty>
      <Quantity>1</Quantity>
      <UnitMeasure />
      <BisWeighted>0</BisWeighted>
      <QtyInPackage>1</QtyInPackage>
      <ItemPrice>8.90</ItemPrice>
      <UnitOfMeasurePrice>8.90</UnitOfMeasurePrice>
      <AllowDiscount>1</AllowDiscount>
      <itemStatus>1</itemStatus>
      <LastUpdateDate />
      <LastUpdateTime />
    </Product>
    <Product>
      <PriceUpdateDate>2013/11/17 10:46</PriceUpdateDate>
      <ItemCode>839762000658</ItemCode>
      <ItemType>0</ItemType>
      <ItemName>משקה גויאבה איילנד (1 ליטר)</ItemName>
      <ManufactureName>טמפו משקאות בעמ</ManufactureName>
      <ManufactureCountry />
      <ManufactureItemDescription />
      <UnitQty>יח`</UnitQty>
      <Quantity>1</Quantity>
      <UnitMeasure>1 ליטר</UnitMeasure>
      <BisWeighted>0</BisWeighted>
      <QtyInPackage>1</QtyInPackage>
      <ItemPrice>10.90</ItemPrice>
      <UnitOfMeasurePrice>10.90</UnitOfMeasurePrice>
      <AllowDiscount>1</AllowDiscount>
      <itemStatus>1</itemStatus>
      <LastUpdateDate />
      <LastUpdateTime />
    </Product>
    <Product>
      <PriceUpdateDate>2020/04/27 09:46</PriceUpdateDate>
      <ItemCode>850004207024</ItemCode>
      <ItemType>0</ItemType>
      <ItemName>המבורגר ביונד מיט 113 גר` מארז זוגי</ItemName>
      <ManufactureName>דיפלומט היינץ</ManufactureName>
      <ManufactureCountry />
      <ManufactureItemDescription />
      <UnitQty>יח`</UnitQty>
      <Quantity>226</Quantity>
      <UnitMeasure>גרם</UnitMeasure>
      <BisWeighted>0</BisWeighted>
      <QtyInPackage>1</QtyInPackage>
      <ItemPrice>34.90</ItemPrice>
      <UnitOfMeasurePrice>15.44</UnitOfMeasurePrice>
      <AllowDiscount>1</AllowDiscount>
      <itemStatus>1</itemStatus>
      <LastUpdateDate />
      <LastUpdateTime />
    </Product>
    <Product>
      <PriceUpdateDate>2016/08/31 09:07</PriceUpdateDate>
      <ItemCode>856591000055</ItemCode>
      <ItemType>0</ItemType>
      <ItemName>עוגיות מזרחיות קריספי עבאדי (400 גרם)</ItemName>
      <ManufactureName>תה ויסוצקי (ישראל) בעמ</ManufactureName>
      <ManufactureCountry />
      <ManufactureItemDescription />
      <UnitQty>יח`</UnitQty>
      <Quantity>400</Quantity>
      <UnitMeasure>גרם</UnitMeasure>
      <BisWeighted>0</BisWeighted>
      <QtyInPackage>1</QtyInPackage>
      <ItemPrice>16.90</ItemPrice>
      <UnitOfMeasurePrice>4.23</UnitOfMeasurePrice>
      <AllowDiscount>0</AllowDiscount>
      <itemStatus>1</itemStatus>
      <LastUpdateDate />
      <LastUpdateTime />
    </Product>
    <Product>
      <PriceUpdateDate>2015/05/27 14:32</PriceUpdateDate>
      <ItemCode>856591000062</ItemCode>
      <ItemType>0</ItemType>
      <ItemName>עוגיות מזרחיות עם מלח עבאדי (400 גרם)</ItemName>
      <ManufactureName>תה ויסוצקי (ישראל) בעמ</ManufactureName>
      <ManufactureCountry />
      <ManufactureItemDescription />
      <UnitQty>יח`</UnitQty>
      <Quantity>400</Quantity>
      <UnitMeasure>גרם</UnitMeasure>
      <BisWeighted>0</BisWeighted>
      <QtyInPackage>1</QtyInPackage>
      <ItemPrice>16.90</ItemPrice>
      <UnitOfMeasurePrice>4.23</UnitOfMeasurePrice>
      <AllowDiscount>0</AllowDiscount>
      <itemStatus>1</itemStatus>
      <LastUpdateDate />
      <LastUpdateTime />
    </Product>
    <Product>
      <PriceUpdateDate>2015/05/27 14:32</PriceUpdateDate>
      <ItemCode>856591000109</ItemCode>
      <ItemType>0</ItemType>
      <ItemName>עוגיות מזרחיות עבאדי 400 גר`</ItemName>
      <ManufactureName>תה ויסוצקי (ישראל) בעמ</ManufactureName>
      <ManufactureCountry />
      <ManufactureItemDescription />
      <UnitQty>יח`</UnitQty>
      <Quantity>400</Quantity>
      <UnitMeasure>גרם</UnitMeasure>
      <BisWeighted>0</BisWeighted>
      <QtyInPackage>1</QtyInPackage>
      <ItemPrice>16.90</ItemPrice>
      <UnitOfMeasurePrice>4.23</UnitOfMeasurePrice>
      <AllowDiscount>0</AllowDiscount>
      <itemStatus>1</itemStatus>
      <LastUpdateDate />
      <LastUpdateTime />
    </Product>
    <Product>
      <PriceUpdateDate>2019/02/25 09:03</PriceUpdateDate>
      <ItemCode>856591000499</ItemCode>
      <ItemType>0</ItemType>
      <ItemName>נשנוש בטעם טיבעי 400  גר`עבאדי</ItemName>
      <ManufactureName>תה ויסוצקי (ישראל) בעמ</ManufactureName>
      <ManufactureCountry />
      <ManufactureItemDescription />
      <UnitQty>יח`</UnitQty>
      <Quantity>400</Quantity>
      <UnitMeasure>גרם</UnitMeasure>
      <BisWeighted>0</BisWeighted>
      <QtyInPackage>1</QtyInPackage>
      <ItemPrice>17.90</ItemPrice>
      <UnitOfMeasurePrice>4.48</UnitOfMeasurePrice>
      <AllowDiscount>0</AllowDiscount>
      <itemStatus>1</itemStatus>
      <LastUpdateDate />
      <LastUpdateTime />
    </Product>
    <Product>
      <PriceUpdateDate>2019/01/16 15:21</PriceUpdateDate>
      <ItemCode>877300004942</ItemCode>
      <ItemType>0</ItemType>
      <ItemName>מטחנת תערובת תיבול בסגנון טוסקנה 60 גר A</ItemName>
      <ManufactureName>אבאל יזמות בעמ</ManufactureName>
      <ManufactureCountry />
      <ManufactureItemDescription />
      <UnitQty>יח`</UnitQty>
      <Quantity>60</Quantity>
      <UnitMeasure>גרם</UnitMeasure>
      <BisWeighted>0</BisWeighted>
      <QtyInPackage>1</QtyInPackage>
      <ItemPrice>15.90</ItemPrice>
      <UnitOfMeasurePrice>26.50</UnitOfMeasurePrice>
      <AllowDiscount>1</AllowDiscount>
      <itemStatus>1</itemStatus>
      <LastUpdateDate />
      <LastUpdateTime />
    </Product>
    <Product>
      <PriceUpdateDate>2019/01/16 15:21</PriceUpdateDate>
      <ItemCode>877300008704</ItemCode>
      <ItemType>0</ItemType>
      <ItemName>מטחנת מלח ים אטלנטי מתובל 85 גר` Avel</ItemName>
      <ManufactureName>אבאל יזמות בעמ</ManufactureName>
      <ManufactureCountry />
      <ManufactureItemDescription />
      <UnitQty>יח`</UnitQty>
      <Quantity>45</Quantity>
      <UnitMeasure>גרם</UnitMeasure>
      <BisWeighted>0</BisWeighted>
      <QtyInPackage>1</QtyInPackage>
      <ItemPrice>15.90</ItemPrice>
      <UnitOfMeasurePrice>35.33</UnitOfMeasurePrice>
      <AllowDiscount>1</AllowDiscount>
      <itemStatus>1</itemStatus>
      <LastUpdateDate />
      <LastUpdateTime />
    </Product>
    <Product>
      <PriceUpdateDate>2016/05/30 08:41</PriceUpdateDate>
      <ItemCode>884912014245</ItemCode>
      <ItemType>0</ItemType>
      <ItemName>האני בנצ`ס עם דבש פוסט (411 גרם)</ItemName>
      <ManufactureName>ר.ב מוצרי דגנים בעמ</ManufactureName>
      <ManufactureCountry />
      <ManufactureItemDescription />
      <UnitQty>יח`</UnitQty>
      <Quantity>411</Quantity>
      <UnitMeasure>גרם</UnitMeasure>
      <BisWeighted>0</BisWeighted>
      <QtyInPackage>1</QtyInPackage>
      <ItemPrice>22</ItemPrice>
      <UnitOfMeasurePrice>5.35</UnitOfMeasurePrice>
      <AllowDiscount>1</AllowDiscount>
      <itemStatus>1</itemStatus>
      <LastUpdateDate />
      <LastUpdateTime />
    </Product>
    <Product>
      <PriceUpdateDate>2016/05/30 08:41</PriceUpdateDate>
      <ItemCode>884912014252</ItemCode>
      <ItemType>0</ItemType>
      <ItemName>האני בנצ`ס עם שקדים פוסט (411 גרם)</ItemName>
      <ManufactureName>ר.ב מוצרי דגנים בעמ</ManufactureName>
      <ManufactureCountry />
      <ManufactureItemDescription />
      <UnitQty>יח`</UnitQty>
      <Quantity>411</Quantity>
      <UnitMeasure>גרם</UnitMeasure>
      <BisWeighted>0</BisWeighted>
      <QtyInPackage>1</QtyInPackage>
      <ItemPrice>22</ItemPrice>
      <UnitOfMeasurePrice>5.35</UnitOfMeasurePrice>
      <AllowDiscount>1</AllowDiscount>
      <itemStatus>1</itemStatus>
      <LastUpdateDate />
      <LastUpdateTime />
    </Product>
    <Product>
      <PriceUpdateDate>2019/01/17 07:34</PriceUpdateDate>
      <ItemCode>884912102102</ItemCode>
      <ItemType>0</ItemType>
      <ItemName>בלוברי מורנינג אוככמניות 382 גר`</ItemName>
      <ManufactureName>ר.ב מוצרי דגנים בעמ</ManufactureName>
      <ManufactureCountry />
      <ManufactureItemDescription />
      <UnitQty>יח`</UnitQty>
      <Quantity>382</Quantity>
      <UnitMeasure>גרם</UnitMeasure>
      <BisWeighted>0</BisWeighted>
      <QtyInPackage>1</QtyInPackage>
      <ItemPrice>25.90</ItemPrice>
      <UnitOfMeasurePrice>6.78</UnitOfMeasurePrice>
      <AllowDiscount>1</AllowDiscount>
      <itemStatus>1</itemStatus>
      <LastUpdateDate />
      <LastUpdateTime />
    </Product>
    <Product>
      <PriceUpdateDate>2017/06/19 10:08</PriceUpdateDate>
      <ItemCode>884912112217</ItemCode>
      <ItemType>0</ItemType>
      <ItemName>האני בנצ`ס עם תות פוסט (368 גרם)</ItemName>
      <ManufactureName>ר.ב מוצרי דגנים בעמ</ManufactureName>
      <ManufactureCountry />
      <ManufactureItemDescription />
      <UnitQty>יח`</UnitQty>
      <Quantity>368</Quantity>
      <UnitMeasure>גרם</UnitMeasure>
      <BisWeighted>0</BisWeighted>
      <QtyInPackage>1</QtyInPackage>
      <ItemPrice>22</ItemPrice>
      <UnitOfMeasurePrice>5.98</UnitOfMeasurePrice>
      <AllowDiscount>1</AllowDiscount>
      <itemStatus>1</itemStatus>
      <LastUpdateDate />
      <LastUpdateTime />
    </Product>
    <Product>
      <PriceUpdateDate>2019/01/20 16:21</PriceUpdateDate>
      <ItemCode>884912117625</ItemCode>
      <ItemType>0</ItemType>
      <ItemName>גולדן פבלס ללא גלוטן פוסט (311 גרם)</ItemName>
      <ManufactureName>ר.ב מוצרי דגנים בעמ</ManufactureName>
      <ManufactureCountry />
      <ManufactureItemDescription />
      <UnitQty>יח`</UnitQty>
      <Quantity>311</Quantity>
      <UnitMeasure>גרם</UnitMeasure>
      <BisWeighted>0</BisWeighted>
      <QtyInPackage>1</QtyInPackage>
      <ItemPrice>20</ItemPrice>
      <UnitOfMeasurePrice>6.43</UnitOfMeasurePrice>
      <AllowDiscount>1</AllowDiscount>
      <itemStatus>1</itemStatus>
      <LastUpdateDate />
      <LastUpdateTime />
    </Product>
    <Product>
      <PriceUpdateDate>2016/05/30 08:41</PriceUpdateDate>
      <ItemCode>884912129741</ItemCode>
      <ItemType>0</ItemType>
      <ItemName>פרוטי פבלס ללא גלוטן פוסט (425 גרם)</ItemName>
      <ManufactureName>ר.ב מוצרי דגנים בעמ</ManufactureName>
      <ManufactureCountry />
      <ManufactureItemDescription />
      <UnitQty>יח`</UnitQty>
      <Quantity>425</Quantity>
      <UnitMeasure>גרם</UnitMeasure>
      <BisWeighted>0</BisWeighted>
      <QtyInPackage>1</QtyInPackage>
      <ItemPrice>20</ItemPrice>
      <UnitOfMeasurePrice>4.71</UnitOfMeasurePrice>
      <AllowDiscount>1</AllowDiscount>
      <itemStatus>1</itemStatus>
      <LastUpdateDate />
      <LastUpdateTime />
    </Product>
    <Product>
      <PriceUpdateDate>2017/03/31 11:23</PriceUpdateDate>
      <ItemCode>884912259363</ItemCode>
      <ItemType>0</ItemType>
      <ItemName>דגני בוקר פקאן מייפל וסוכר חום 411 גר HB</ItemName>
      <ManufactureName>ר.ב מוצרי דגנים בעמ</ManufactureName>
      <ManufactureCountry />
      <ManufactureItemDescription />
      <UnitQty>יח`</UnitQty>
      <Quantity>411</Quantity>
      <UnitMeasure>גרם</UnitMeasure>
      <BisWeighted>0</BisWeighted>
      <QtyInPackage>1</QtyInPackage>
      <ItemPrice>22</ItemPrice>
      <UnitOfMeasurePrice>5.35</UnitOfMeasurePrice>
      <AllowDiscount>1</AllowDiscount>
      <itemStatus>1</itemStatus>
      <LastUpdateDate />
      <LastUpdateTime />
    </Product>
    <Product>
      <PriceUpdateDate>2018/08/13 11:55</PriceUpdateDate>
      <ItemCode>884912288745</ItemCode>
      <ItemType>0</ItemType>
      <ItemName>קוקו פבלס פוסט (425 גרם) ללא גולטן</ItemName>
      <ManufactureName>ר.ב מוצרי דגנים בעמ</ManufactureName>
      <ManufactureCountry />
      <ManufactureItemDescription />
      <UnitQty>יח`</UnitQty>
      <Quantity>425</Quantity>
      <UnitMeasure>גרם</UnitMeasure>
      <BisWeighted>0</BisWeighted>
      <QtyInPackage>1</QtyInPackage>
      <ItemPrice>20</ItemPrice>
      <UnitOfMeasurePrice>4.71</UnitOfMeasurePrice>
      <AllowDiscount>1</AllowDiscount>
      <itemStatus>1</itemStatus>
      <LastUpdateDate />
      <LastUpdateTime />
    </Product>
    <Product>
      <PriceUpdateDate>2019/05/27 08:13</PriceUpdateDate>
      <ItemCode>884912299314</ItemCode>
      <ItemType>0</ItemType>
      <ItemName>דגני בוקר אוראו גולדן (311 גרם)</ItemName>
      <ManufactureName>ר.ב מוצרי דגנים בעמ</ManufactureName>
      <ManufactureCountry />
      <ManufactureItemDescription />
      <UnitQty>יח`</UnitQty>
      <Quantity>311</Quantity>
      <UnitMeasure>גרם</UnitMeasure>
      <BisWeighted>0</BisWeighted>
      <QtyInPackage>1</QtyInPackage>
      <ItemPrice>22.90</ItemPrice>
      <UnitOfMeasurePrice>7.36</UnitOfMeasurePrice>
      <AllowDiscount>1</AllowDiscount>
      <itemStatus>1</itemStatus>
      <LastUpdateDate />
      <LastUpdateTime />
    </Product>
    <Product>
      <PriceUpdateDate>2019/07/07 08:44</PriceUpdateDate>
      <ItemCode>884912301642</ItemCode>
      <ItemType>0</ItemType>
      <ItemName>דגני בוקר אוראו פוסט (311 גרם)</ItemName>
      <ManufactureName>ר.ב מוצרי דגנים בעמ</ManufactureName>
      <ManufactureCountry />
      <ManufactureItemDescription />
      <UnitQty>יח`</UnitQty>
      <Quantity>311</Quantity>
      <UnitMeasure>גרם</UnitMeasure>
      <BisWeighted>0</BisWeighted>
      <QtyInPackage>1</QtyInPackage>
      <ItemPrice>22.90</ItemPrice>
      <UnitOfMeasurePrice>7.36</UnitOfMeasurePrice>
      <AllowDiscount>1</AllowDiscount>
      <itemStatus>1</itemStatus>
      <LastUpdateDate />
      <LastUpdateTime />
    </Product>
    <Product>
      <PriceUpdateDate>2020/02/17 09:06</PriceUpdateDate>
      <ItemCode>884912342737</ItemCode>
      <ItemType>0</ItemType>
      <ItemName>פרוטי פבלס ללא גלוטן וופל קריספי 326 גר`</ItemName>
      <ManufactureName>ר.ב מוצרי דגנים בעמ</ManufactureName>
      <ManufactureCountry />
      <ManufactureItemDescription />
      <UnitQty>יח`</UnitQty>
      <Quantity>425</Quantity>
      <UnitMeasure>גרם</UnitMeasure>
      <BisWeighted>0</BisWeighted>
      <QtyInPackage>1</QtyInPackage>
      <ItemPrice>22</ItemPrice>
      <UnitOfMeasurePrice>5.18</UnitOfMeasurePrice>
      <AllowDiscount>1</AllowDiscount>
      <itemStatus>1</itemStatus>
      <LastUpdateDate />
      <LastUpdateTime />
    </Product>
    <Product>
      <PriceUpdateDate>2020/02/11 06:29</PriceUpdateDate>
      <ItemCode>3014260097028</ItemCode>
      <ItemType>1</ItemType>
      <ItemName>מברשת שיניים אורל בי סנסי קלין אקסטרא סו</ItemName>
      <ManufactureName>פארמה דיל (פ.א.ב.) שיווק והפצה</ManufactureName>
      <ManufactureCountry />
      <ManufactureItemDescription />
      <UnitQty>יח`</UnitQty>
      <Quantity>1</Quantity>
      <UnitMeasure />
      <BisWeighted>0</BisWeighted>
      <QtyInPackage>1</QtyInPackage>
      <ItemPrice>14.90</ItemPrice>
      <UnitOfMeasurePrice>14.90</UnitOfMeasurePrice>
      <AllowDiscount>0</AllowDiscount>
      <itemStatus>1</itemStatus>
      <LastUpdateDate />
      <LastUpdateTime />
    </Product>
    <Product>
      <PriceUpdateDate>2015/01/18 14:20</PriceUpdateDate>
      <ItemCode>3014260214678</ItemCode>
      <ItemType>1</ItemType>
      <ItemName>ג`ל קצף גילוח סירייס רגיש 250 מל`</ItemName>
      <ManufactureName>דיפלומט מפיצים (1968) בעמ</ManufactureName>
      <ManufactureCountry />
      <ManufactureItemDescription />
      <UnitQty>יח`</UnitQty>
      <Quantity>250</Quantity>
      <UnitMeasure>מ"ל</UnitMeasure>
      <BisWeighted>0</BisWeighted>
      <QtyInPackage>1</QtyInPackage>
      <ItemPrice>19.90</ItemPrice>
      <UnitOfMeasurePrice>7.96</UnitOfMeasurePrice>
      <AllowDiscount>0</AllowDiscount>
      <itemStatus>1</itemStatus>
      <LastUpdateDate />
      <LastUpdateTime />
    </Product>
    <Product>
      <PriceUpdateDate>2015/01/18 14:20</PriceUpdateDate>
      <ItemCode>3014260240226</ItemCode>
      <ItemType>1</ItemType>
      <ItemName>קצף גילוח רגיש 200 מל`</ItemName>
      <ManufactureName>דיפלומט מפיצים (1968) בעמ</ManufactureName>
      <ManufactureCountry />
      <ManufactureItemDescription />
      <UnitQty>יח`</UnitQty>
      <Quantity>200</Quantity>
      <UnitMeasure>מ"ל</UnitMeasure>
      <BisWeighted>0</BisWeighted>
      <QtyInPackage>1</QtyInPackage>
      <ItemPrice>14.90</ItemPrice>
      <UnitOfMeasurePrice>7.45</UnitOfMeasurePrice>
      <AllowDiscount>0</AllowDiscount>
      <itemStatus>1</itemStatus>
      <LastUpdateDate />
      <LastUpdateTime />
    </Product>
    <Product>
      <PriceUpdateDate>2015/01/18 14:20</PriceUpdateDate>
      <ItemCode>3014260262693</ItemCode>
      <ItemType>1</ItemType>
      <ItemName>מכשיר גילוח פלוס שני סכינים ונוס ג`ילט</ItemName>
      <ManufactureName>דיפלומט מפיצים (1968) בעמ</ManufactureName>
      <ManufactureCountry />
      <ManufactureItemDescription />
      <UnitQty>יח`</UnitQty>
      <Quantity>1</Quantity>
      <UnitMeasure />
      <BisWeighted>0</BisWeighted>
      <QtyInPackage>1</QtyInPackage>
      <ItemPrice>39.90</ItemPrice>
      <UnitOfMeasurePrice>39.90</UnitOfMeasurePrice>
      <AllowDiscount>0</AllowDiscount>
      <itemStatus>1</itemStatus>
      <LastUpdateDate />
      <LastUpdateTime />
    </Product>
    <Product>
      <PriceUpdateDate>2015/05/06 07:32</PriceUpdateDate>
      <ItemCode>3014260283254</ItemCode>
      <ItemType>1</ItemType>
      <ItemName>סכיני גילוח חד פעמי בלו 2 פלוס ג`ילט) (5</ItemName>
      <ManufactureName>פארמה דיל (פ.א.ב.) שיווק והפצה</ManufactureName>
      <ManufactureCountry />
      <ManufactureItemDescription />
      <UnitQty>יח`</UnitQty>
      <Quantity>1</Quantity>
      <UnitMeasure />
      <BisWeighted>0</BisWeighted>
      <QtyInPackage>1</QtyInPackage>
      <ItemPrice>9.90</ItemPrice>
      <UnitOfMeasurePrice>9.90</UnitOfMeasurePrice>
      <AllowDiscount>0</AllowDiscount>
      <itemStatus>1</itemStatus>
      <LastUpdateDate />
      <LastUpdateTime />
    </Product>
    <Product>
      <PriceUpdateDate>2018/02/06 09:32</PriceUpdateDate>
      <ItemCode>3045140105502</ItemCode>
      <ItemType>1</ItemType>
      <ItemName>שוקולד חלב מילקה (100 גרם)</ItemName>
      <ManufactureName>דיפלומט היינץ</ManufactureName>
      <ManufactureCountry />
      <ManufactureItemDescription />
      <UnitQty>יח`</UnitQty>
      <Quantity>100</Quantity>
      <UnitMeasure>גרם</UnitMeasure>
      <BisWeighted>0</BisWeighted>
      <QtyInPackage>1</QtyInPackage>
      <ItemPrice>5.90</ItemPrice>
      <UnitOfMeasurePrice>5.90</UnitOfMeasurePrice>
      <AllowDiscount>1</AllowDiscount>
      <itemStatus>1</itemStatus>
      <LastUpdateDate />
      <LastUpdateTime />
    </Product>
    <Product>
      <PriceUpdateDate>2018/02/06 09:32</PriceUpdateDate>
      <ItemCode>3045140280902</ItemCode>
      <ItemType>1</ItemType>
      <ItemName>מילקה -שוק` חלבי עם צימוקים ואגוזים 100</ItemName>
      <ManufactureName>דיפלומט היינץ</ManufactureName>
      <ManufactureCountry />
      <ManufactureItemDescription />
      <UnitQty>יח`</UnitQty>
      <Quantity>100</Quantity>
      <UnitMeasure>גרם</UnitMeasure>
      <BisWeighted>0</BisWeighted>
      <QtyInPackage>1</QtyInPackage>
      <ItemPrice>5.90</ItemPrice>
      <UnitOfMeasurePrice>5.90</UnitOfMeasurePrice>
      <AllowDiscount>1</AllowDiscount>
      <itemStatus>1</itemStatus>
      <LastUpdateDate />
      <LastUpdateTime />
    </Product>
    <Product>
      <PriceUpdateDate>2018/09/02 10:59</PriceUpdateDate>
      <ItemCode>3045200760009</ItemCode>
      <ItemType>1</ItemType>
      <ItemName>דזיטול מחטא בגדים 500 מל</ItemName>
      <ManufactureName>יעקב יעקבי ובניו בעמ</ManufactureName>
      <ManufactureCountry />
      <ManufactureItemDescription />
      <UnitQty>יח`</UnitQty>
      <Quantity>1</Quantity>
      <UnitMeasure />
      <BisWeighted>0</BisWeighted>
      <QtyInPackage>1</QtyInPackage>
      <ItemPrice>14.90</ItemPrice>
      <UnitOfMeasurePrice>14.90</UnitOfMeasurePrice>
      <AllowDiscount>0</AllowDiscount>
      <itemStatus>1</itemStatus>
      <LastUpdateDate />
      <LastUpdateTime />
    </Product>
    <Product>
      <PriceUpdateDate>2015/12/01 18:43</PriceUpdateDate>
      <ItemCode>3046920028004</ItemCode>
      <ItemType>1</ItemType>
      <ItemName>אקסלנס 70% קקאו לינדט (100 גרם)</ItemName>
      <ManufactureName>משה סידס ובנו בעמ</ManufactureName>
      <ManufactureCountry />
      <ManufactureItemDescription />
      <UnitQty>יח`</UnitQty>
      <Quantity>100</Quantity>
      <UnitMeasure>גרם</UnitMeasure>
      <BisWeighted>0</BisWeighted>
      <QtyInPackage>1</QtyInPackage>
      <ItemPrice>15.90</ItemPrice>
      <UnitOfMeasurePrice>15.90</UnitOfMeasurePrice>
      <AllowDiscount>0</AllowDiscount>
      <itemStatus>1</itemStatus>
      <LastUpdateDate />
      <LastUpdateTime />
    </Product>
    <Product>
      <PriceUpdateDate>2015/12/01 18:43</PriceUpdateDate>
      <ItemCode>3046920028363</ItemCode>
      <ItemType>1</ItemType>
      <ItemName>אקסלנס 85% קקאו לינדט (100 גרם)</ItemName>
      <ManufactureName>משה סידס ובנו בעמ</ManufactureName>
      <ManufactureCountry />
      <ManufactureItemDescription />
      <UnitQty>יח`</UnitQty>
      <Quantity>100</Quantity>
      <UnitMeasure>גרם</UnitMeasure>
      <BisWeighted>0</BisWeighted>
      <QtyInPackage>1</QtyInPackage>
      <ItemPrice>15.90</ItemPrice>
      <UnitOfMeasurePrice>15.90</UnitOfMeasurePrice>
      <AllowDiscount>0</AllowDiscount>
      <itemStatus>1</itemStatus>
      <LastUpdateDate />
      <LastUpdateTime />
    </Product>
    <Product>
      <PriceUpdateDate>2015/12/01 18:43</PriceUpdateDate>
      <ItemCode>3046920028370</ItemCode>
      <ItemType>1</ItemType>
      <ItemName>אקסלנס תפוז לינדט (100 גרם)</ItemName>
      <ManufactureName>משה סידס ובנו בעמ</ManufactureName>
      <ManufactureCountry />
      <ManufactureItemDescription />
      <UnitQty>יח`</UnitQty>
      <Quantity>100</Quantity>
      <UnitMeasure>גרם</UnitMeasure>
      <BisWeighted>0</BisWeighted>
      <QtyInPackage>1</QtyInPackage>
      <ItemPrice>15.90</ItemPrice>
      <UnitOfMeasurePrice>15.90</UnitOfMeasurePrice>
      <AllowDiscount>0</AllowDiscount>
      <itemStatus>1</itemStatus>
      <LastUpdateDate />
      <LastUpdateTime />
    </Product>
    <Product>
      <PriceUpdateDate>2015/12/01 18:43</PriceUpdateDate>
      <ItemCode>3046920029674</ItemCode>
      <ItemType>1</ItemType>
      <ItemName>אקסלנס עם שבבי מלח לינדט (100 גרם)</ItemName>
      <ManufactureName>משה סידס ובנו בעמ</ManufactureName>
      <ManufactureCountry />
      <ManufactureItemDescription />
      <UnitQty>יח`</UnitQty>
      <Quantity>100</Quantity>
      <UnitMeasure>גרם</UnitMeasure>
      <BisWeighted>0</BisWeighted>
      <QtyInPackage>1</QtyInPackage>
      <ItemPrice>15.90</ItemPrice>
      <UnitOfMeasurePrice>15.90</UnitOfMeasurePrice>
      <AllowDiscount>0</AllowDiscount>
      <itemStatus>1</itemStatus>
      <LastUpdateDate />
      <LastUpdateTime />
    </Product>
    <Product>
      <PriceUpdateDate>2017/09/24 12:49</PriceUpdateDate>
      <ItemCode>3046920029759</ItemCode>
      <ItemType>1</ItemType>
      <ItemName>אקסלנס שוקולד מריר 90% לינדט (100 גרם)</ItemName>
      <ManufactureName>משה סידס ובנו בעמ</ManufactureName>
      <ManufactureCountry />
      <ManufactureItemDescription />
      <UnitQty>יח`</UnitQty>
      <Quantity>100</Quantity>
      <UnitMeasure>גרם</UnitMeasure>
      <BisWeighted>0</BisWeighted>
      <QtyInPackage>1</QtyInPackage>
      <ItemPrice>15.90</ItemPrice>
      <UnitOfMeasurePrice>15.90</UnitOfMeasurePrice>
      <AllowDiscount>0</AllowDiscount>
      <itemStatus>1</itemStatus>
      <LastUpdateDate />
      <LastUpdateTime />
    </Product>
    <Product>
      <PriceUpdateDate>2017/03/01 09:13</PriceUpdateDate>
      <ItemCode>3059940007768</ItemCode>
      <ItemType>1</ItemType>
      <ItemName>אירוויק ספריי 240 מל וניל ואורכידאה</ItemName>
      <ManufactureName>רקיט בנקיזר (ניר איסט) בעמ</ManufactureName>
      <ManufactureCountry />
      <ManufactureItemDescription />
      <UnitQty>יח`</UnitQty>
      <Quantity>240</Quantity>
      <UnitMeasure>מ"ל</UnitMeasure>
      <BisWeighted>0</BisWeighted>
      <QtyInPackage>1</QtyInPackage>
      <ItemPrice>12.90</ItemPrice>
      <UnitOfMeasurePrice>5.38</UnitOfMeasurePrice>
      <AllowDiscount>1</AllowDiscount>
      <itemStatus>1</itemStatus>
      <LastUpdateDate />
      <LastUpdateTime />
    </Product>
    <Product>
      <PriceUpdateDate>2019/08/18 06:59</PriceUpdateDate>
      <ItemCode>3059943015104</ItemCode>
      <ItemType>1</ItemType>
      <ItemName>אירוויק נטול גז</ItemName>
      <ManufactureName>רקיט בנקיזר (ניר איסט) בעמ</ManufactureName>
      <ManufactureCountry />
      <ManufactureItemDescription />
      <UnitQty>יח`</UnitQty>
      <Quantity>345</Quantity>
      <UnitMeasure>מ"ל</UnitMeasure>
      <BisWeighted>0</BisWeighted>
      <QtyInPackage>1</QtyInPackage>
      <ItemPrice>12.90</ItemPrice>
      <UnitOfMeasurePrice>3.74</UnitOfMeasurePrice>
      <AllowDiscount>1</AllowDiscount>
      <itemStatus>1</itemStatus>
      <LastUpdateDate />
      <LastUpdateTime />
    </Product>
    <Product>
      <PriceUpdateDate>2019/08/18 06:59</PriceUpdateDate>
      <ItemCode>3059943015128</ItemCode>
      <ItemType>1</ItemType>
      <ItemName>אירוויק נטול גז</ItemName>
      <ManufactureName>רקיט בנקיזר (ניר איסט) בעמ</ManufactureName>
      <ManufactureCountry />
      <ManufactureItemDescription />
      <UnitQty>יח`</UnitQty>
      <Quantity>345</Quantity>
      <UnitMeasure>מ"ל</UnitMeasure>
      <BisWeighted>0</BisWeighted>
      <QtyInPackage>1</QtyInPackage>
      <ItemPrice>12.90</ItemPrice>
      <UnitOfMeasurePrice>3.74</UnitOfMeasurePrice>
      <AllowDiscount>1</AllowDiscount>
      <itemStatus>1</itemStatus>
      <LastUpdateDate />
      <LastUpdateTime />
    </Product>
    <Product>
      <PriceUpdateDate>2020/05/03 10:11</PriceUpdateDate>
      <ItemCode>3059944025003</ItemCode>
      <ItemType>1</ItemType>
      <ItemName>ויט רצועות שעווה</ItemName>
      <ManufactureName>רקיט בנקיזר (ניר איסט) בעמ</ManufactureName>
      <ManufactureCountry />
      <ManufactureItemDescription />
      <UnitQty>יח`</UnitQty>
      <Quantity>1</Quantity>
      <UnitMeasure />
      <BisWeighted>0</BisWeighted>
      <QtyInPackage>1</QtyInPackage>
      <ItemPrice>29.90</ItemPrice>
      <UnitOfMeasurePrice>29.90</UnitOfMeasurePrice>
      <AllowDiscount>0</AllowDiscount>
      <itemStatus>1</itemStatus>
      <LastUpdateDate />
      <LastUpdateTime />
    </Product>
    <Product>
      <PriceUpdateDate>2019/07/04 09:40</PriceUpdateDate>
      <ItemCode>3061990141101</ItemCode>
      <ItemType>1</ItemType>
      <ItemName>עוגיות סמיילי במילוי קרם קקאו 175 גר`</ItemName>
      <ManufactureName>אבאל יזמות בעמ</ManufactureName>
      <ManufactureCountry />
      <ManufactureItemDescription />
      <UnitQty>יח`</UnitQty>
      <Quantity>175</Quantity>
      <UnitMeasure>גרם</UnitMeasure>
      <BisWeighted>0</BisWeighted>
      <QtyInPackage>1</QtyInPackage>
      <ItemPrice>9.90</ItemPrice>
      <UnitOfMeasurePrice>5.66</UnitOfMeasurePrice>
      <AllowDiscount>1</AllowDiscount>
      <itemStatus>1</itemStatus>
      <LastUpdateDate />
      <LastUpdateTime />
    </Product>
    <Product>
      <PriceUpdateDate>2019/03/13 09:28</PriceUpdateDate>
      <ItemCode>3061990141118</ItemCode>
      <ItemType>1</ItemType>
      <ItemName>עוגיות סמיילי במילוי קרם תות שדה 175 גר`</ItemName>
      <ManufactureName>אבאל יזמות בעמ</ManufactureName>
      <ManufactureCountry />
      <ManufactureItemDescription />
      <UnitQty>יח`</UnitQty>
      <Quantity>175</Quantity>
      <UnitMeasure>גרם</UnitMeasure>
      <BisWeighted>0</BisWeighted>
      <QtyInPackage>1</QtyInPackage>
      <ItemPrice>9.90</ItemPrice>
      <UnitOfMeasurePrice>5.66</UnitOfMeasurePrice>
      <AllowDiscount>1</AllowDiscount>
      <itemStatus>1</itemStatus>
      <LastUpdateDate />
      <LastUpdateTime />
    </Product>
    <Product>
      <PriceUpdateDate>2017/08/21 07:15</PriceUpdateDate>
      <ItemCode>3073780828628</ItemCode>
      <ItemType>1</ItemType>
      <ItemName>גבינה בייבי בל אדום 120ג</ItemName>
      <ManufactureName>נטו מלינדה סחר בעמ</ManufactureName>
      <ManufactureCountry />
      <ManufactureItemDescription />
      <UnitQty>יח`</UnitQty>
      <Quantity>120</Quantity>
      <UnitMeasure>גרם</UnitMeasure>
      <BisWeighted>0</BisWeighted>
      <QtyInPackage>1</QtyInPackage>
      <ItemPrice>19.90</ItemPrice>
      <UnitOfMeasurePrice>16.58</UnitOfMeasurePrice>
      <AllowDiscount>1</AllowDiscount>
      <itemStatus>1</itemStatus>
      <LastUpdateDate />
      <LastUpdateTime />
    </Product>
    <Product>
      <PriceUpdateDate>2017/12/06 11:39</PriceUpdateDate>
      <ItemCode>3173282715027</ItemCode>
      <ItemType>1</ItemType>
      <ItemName>צ`וקטה אצבעות שוקולד 200 גר`</ItemName>
      <ManufactureName>ליימן שליסל בעמ</ManufactureName>
      <ManufactureCountry />
      <ManufactureItemDescription />
      <UnitQty>יח`</UnitQty>
      <Quantity>200</Quantity>
      <UnitMeasure>יח`</UnitMeasure>
      <BisWeighted>0</BisWeighted>
      <QtyInPackage>1</QtyInPackage>
      <ItemPrice>10.90</ItemPrice>
      <UnitOfMeasurePrice>0.05</UnitOfMeasurePrice>
      <AllowDiscount>0</AllowDiscount>
      <itemStatus>1</itemStatus>
      <LastUpdateDate />
      <LastUpdateTime />
    </Product>
    <Product>
      <PriceUpdateDate>2015/04/29 11:20</PriceUpdateDate>
      <ItemCode>3387390320244</ItemCode>
      <ItemType>1</ItemType>
      <ItemName>פיטנס פירות נסטלה (375 גרם)</ItemName>
      <ManufactureName>קבוצת אסם סחר שות. מוגבלת</ManufactureName>
      <ManufactureCountry />
      <ManufactureItemDescription />
      <UnitQty>יח`</UnitQty>
      <Quantity>375</Quantity>
      <UnitMeasure>גרם</UnitMeasure>
      <BisWeighted>0</BisWeighted>
      <QtyInPackage>1</QtyInPackage>
      <ItemPrice>19.90</ItemPrice>
      <UnitOfMeasurePrice>5.31</UnitOfMeasurePrice>
      <AllowDiscount>1</AllowDiscount>
      <itemStatus>1</itemStatus>
      <LastUpdateDate />
      <LastUpdateTime />
    </Product>
    <Product>
      <PriceUpdateDate>2018/07/04 08:31</PriceUpdateDate>
      <ItemCode>3387390525960</ItemCode>
      <ItemType>1</ItemType>
      <ItemName>דגני קראנץ` נסטלה (500 גרם)</ItemName>
      <ManufactureName>קבוצת אסם סחר שות. מוגבלת</ManufactureName>
      <ManufactureCountry />
      <ManufactureItemDescription />
      <UnitQty>יח`</UnitQty>
      <Quantity>500</Quantity>
      <UnitMeasure>גרם</UnitMeasure>
      <BisWeighted>0</BisWeighted>
      <QtyInPackage>1</QtyInPackage>
      <ItemPrice>25.90</ItemPrice>
      <UnitOfMeasurePrice>5.18</UnitOfMeasurePrice>
      <AllowDiscount>1</AllowDiscount>
      <itemStatus>1</itemStatus>
      <LastUpdateDate />
      <LastUpdateTime />
    </Product>
    <Product>
      <PriceUpdateDate>2015/04/29 11:20</PriceUpdateDate>
      <ItemCode>3387390730852</ItemCode>
      <ItemType>1</ItemType>
      <ItemName>פיטנס 375 גר` דגני בוקר</ItemName>
      <ManufactureName>קבוצת אסם סחר שות. מוגבלת</ManufactureName>
      <ManufactureCountry />
      <ManufactureItemDescription />
      <UnitQty>יח`</UnitQty>
      <Quantity>375</Quantity>
      <UnitMeasure>גרם</UnitMeasure>
      <BisWeighted>0</BisWeighted>
      <QtyInPackage>1</QtyInPackage>
      <ItemPrice>19.90</ItemPrice>
      <UnitOfMeasurePrice>5.31</UnitOfMeasurePrice>
      <AllowDiscount>1</AllowDiscount>
      <itemStatus>1</itemStatus>
      <LastUpdateDate />
      <LastUpdateTime />
    </Product>
    <Product>
      <PriceUpdateDate>2019/03/27 17:51</PriceUpdateDate>
      <ItemCode>3451790013409</ItemCode>
      <ItemType>1</ItemType>
      <ItemName>ממרחקל חמאתי 125 גר` ממרח חמאה</ItemName>
      <ManufactureName>נטו מלינדה סחר בעמ</ManufactureName>
      <ManufactureCountry />
      <ManufactureItemDescription />
      <UnitQty>יח`</UnitQty>
      <Quantity>125</Quantity>
      <UnitMeasure>גרם</UnitMeasure>
      <BisWeighted>0</BisWeighted>
      <QtyInPackage>1</QtyInPackage>
      <ItemPrice>8.90</ItemPrice>
      <UnitOfMeasurePrice>7.12</UnitOfMeasurePrice>
      <AllowDiscount>0</AllowDiscount>
      <itemStatus>1</itemStatus>
      <LastUpdateDate />
      <LastUpdateTime />
    </Product>
    <Product>
      <PriceUpdateDate>2019/03/27 17:51</PriceUpdateDate>
      <ItemCode>3451790013416</ItemCode>
      <ItemType>1</ItemType>
      <ItemName>ממרחקל חמאתי מלוח 125 גר` ממרח חמאה</ItemName>
      <ManufactureName>נטו מלינדה סחר בעמ</ManufactureName>
      <ManufactureCountry />
      <ManufactureItemDescription />
      <UnitQty>יח`</UnitQty>
      <Quantity>125</Quantity>
      <UnitMeasure>גרם</UnitMeasure>
      <BisWeighted>0</BisWeighted>
      <QtyInPackage>1</QtyInPackage>
      <ItemPrice>8.90</ItemPrice>
      <UnitOfMeasurePrice>7.12</UnitOfMeasurePrice>
      <AllowDiscount>0</AllowDiscount>
      <itemStatus>1</itemStatus>
      <LastUpdateDate />
      <LastUpdateTime />
    </Product>
    <Product>
      <PriceUpdateDate>2020/02/10 07:21</PriceUpdateDate>
      <ItemCode>3525490011116</ItemCode>
      <ItemType>1</ItemType>
      <ItemName>יין אדום לה ז`אמל קרבנה סובניון 750 מל</ItemName>
      <ManufactureName>היכל היין שקד גולן בעמ</ManufactureName>
      <ManufactureCountry />
      <ManufactureItemDescription />
      <UnitQty>יח`</UnitQty>
      <Quantity>750</Quantity>
      <UnitMeasure>מ"ל</UnitMeasure>
      <BisWeighted>0</BisWeighted>
      <QtyInPackage>1</QtyInPackage>
      <ItemPrice>54.90</ItemPrice>
      <UnitOfMeasurePrice>7.28</UnitOfMeasurePrice>
      <AllowDiscount>0</AllowDiscount>
      <itemStatus>1</itemStatus>
      <LastUpdateDate />
      <LastUpdateTime />
    </Product>
    <Product>
      <PriceUpdateDate>2019/10/24 18:30</PriceUpdateDate>
      <ItemCode>3574660240030</ItemCode>
      <ItemType>1</ItemType>
      <ItemName>או בה נורמל קומפורט 32 יח</ItemName>
      <ManufactureName>פארמה דיל (פ.א.ב.) שיווק והפצה</ManufactureName>
      <ManufactureCountry />
      <ManufactureItemDescription />
      <UnitQty>יח`</UnitQty>
      <Quantity>1</Quantity>
      <UnitMeasure />
      <BisWeighted>0</BisWeighted>
      <QtyInPackage>1</QtyInPackage>
      <ItemPrice>19.90</ItemPrice>
      <UnitOfMeasurePrice>19.90</UnitOfMeasurePrice>
      <AllowDiscount>0</AllowDiscount>
      <itemStatus>1</itemStatus>
      <LastUpdateDate />
      <LastUpdateTime />
    </Product>
    <Product>
      <PriceUpdateDate>2020/01/16 10:49</PriceUpdateDate>
      <ItemCode>3574660464337</ItemCode>
      <ItemType>1</ItemType>
      <ItemName>קרפרי מגה פק מגן תחתון אוורירי אלוורה 76</ItemName>
      <ManufactureName>ש.שסטוביץ בעמ</ManufactureName>
      <ManufactureCountry />
      <ManufactureItemDescription />
      <UnitQty>יח`</UnitQty>
      <Quantity>1</Quantity>
      <UnitMeasure />
      <BisWeighted>0</BisWeighted>
      <QtyInPackage>1</QtyInPackage>
      <ItemPrice>19.90</ItemPrice>
      <UnitOfMeasurePrice>19.90</UnitOfMeasurePrice>
      <AllowDiscount>0</AllowDiscount>
      <itemStatus>1</itemStatus>
      <LastUpdateDate />
      <LastUpdateTime />
    </Product>
    <Product>
      <PriceUpdateDate>2020/01/16 10:49</PriceUpdateDate>
      <ItemCode>3574660464368</ItemCode>
      <ItemType>1</ItemType>
      <ItemName>קרפרי מגה פק מגן תחתון אוורירי מבושם 76</ItemName>
      <ManufactureName>ש.שסטוביץ בעמ</ManufactureName>
      <ManufactureCountry />
      <ManufactureItemDescription />
      <UnitQty>יח`</UnitQty>
      <Quantity>1</Quantity>
      <UnitMeasure />
      <BisWeighted>0</BisWeighted>
      <QtyInPackage>1</QtyInPackage>
      <ItemPrice>19.90</ItemPrice>
      <UnitOfMeasurePrice>19.90</UnitOfMeasurePrice>
      <AllowDiscount>0</AllowDiscount>
      <itemStatus>1</itemStatus>
      <LastUpdateDate />
      <LastUpdateTime />
    </Product>
    <Product>
      <PriceUpdateDate>2018/11/15 10:53</PriceUpdateDate>
      <ItemCode>3574660724943</ItemCode>
      <ItemType>1</ItemType>
      <ItemName>תחליב רחצה עדין בניחוח אפרסק לבן ונקטרינ</ItemName>
      <ManufactureName>שקד תבל בעמ</ManufactureName>
      <ManufactureCountry />
      <ManufactureItemDescription />
      <UnitQty>יח`</UnitQty>
      <Quantity>650</Quantity>
      <UnitMeasure>מ"ל</UnitMeasure>
      <BisWeighted>0</BisWeighted>
      <QtyInPackage>1</QtyInPackage>
      <ItemPrice>18.90</ItemPrice>
      <UnitOfMeasurePrice>2.91</UnitOfMeasurePrice>
      <AllowDiscount>1</AllowDiscount>
      <itemStatus>1</itemStatus>
      <LastUpdateDate />
      <LastUpdateTime />
    </Product>
    <Product>
      <PriceUpdateDate>2019/06/23 08:23</PriceUpdateDate>
      <ItemCode>3574661003924</ItemCode>
      <ItemType>1</ItemType>
      <ItemName>ליסטרין טוטאל 500 מל</ItemName>
      <ManufactureName>שקד תבל בעמ</ManufactureName>
      <ManufactureCountry />
      <ManufactureItemDescription />
      <UnitQty>יח`</UnitQty>
      <Quantity>500</Quantity>
      <UnitMeasure>מ"ל</UnitMeasure>
      <BisWeighted>0</BisWeighted>
      <QtyInPackage>1</QtyInPackage>
      <ItemPrice>24.90</ItemPrice>
      <UnitOfMeasurePrice>4.98</UnitOfMeasurePrice>
      <AllowDiscount>1</AllowDiscount>
      <itemStatus>1</itemStatus>
      <LastUpdateDate />
      <LastUpdateTime />
    </Product>
    <Product>
      <PriceUpdateDate>2018/11/15 10:53</PriceUpdateDate>
      <ItemCode>3574661012568</ItemCode>
      <ItemType>1</ItemType>
      <ItemName>תחליב רחצה עדין בנינוח חלב וניל 650 מל</ItemName>
      <ManufactureName>שקד תבל בעמ</ManufactureName>
      <ManufactureCountry />
      <ManufactureItemDescription />
      <UnitQty>יח`</UnitQty>
      <Quantity>650</Quantity>
      <UnitMeasure>מ"ל</UnitMeasure>
      <BisWeighted>0</BisWeighted>
      <QtyInPackage>1</QtyInPackage>
      <ItemPrice>18.90</ItemPrice>
      <UnitOfMeasurePrice>2.91</UnitOfMeasurePrice>
      <AllowDiscount>1</AllowDiscount>
      <itemStatus>1</itemStatus>
      <LastUpdateDate />
      <LastUpdateTime />
    </Product>
    <Product>
      <PriceUpdateDate>2019/02/26 07:22</PriceUpdateDate>
      <ItemCode>3574661114637</ItemCode>
      <ItemType>1</ItemType>
      <ItemName>ליסטרין זירו 500 מל</ItemName>
      <ManufactureName>שקד תבל בעמ</ManufactureName>
      <ManufactureCountry />
      <ManufactureItemDescription />
      <UnitQty>יח`</UnitQty>
      <Quantity>500</Quantity>
      <UnitMeasure>מ"ל</UnitMeasure>
      <BisWeighted>0</BisWeighted>
      <QtyInPackage>1</QtyInPackage>
      <ItemPrice>19.90</ItemPrice>
      <UnitOfMeasurePrice>3.98</UnitOfMeasurePrice>
      <AllowDiscount>1</AllowDiscount>
      <itemStatus>1</itemStatus>
      <LastUpdateDate />
      <LastUpdateTime />
    </Product>
    <Product>
      <PriceUpdateDate>2019/06/23 08:23</PriceUpdateDate>
      <ItemCode>3574661248318</ItemCode>
      <ItemType>1</ItemType>
      <ItemName>ליסטרין אדוונס וויט 500 מל.</ItemName>
      <ManufactureName>שקד תבל בעמ</ManufactureName>
      <ManufactureCountry />
      <ManufactureItemDescription />
      <UnitQty>יח`</UnitQty>
      <Quantity>500</Quantity>
      <UnitMeasure>מ"ל</UnitMeasure>
      <BisWeighted>0</BisWeighted>
      <QtyInPackage>1</QtyInPackage>
      <ItemPrice>24.90</ItemPrice>
      <UnitOfMeasurePrice>4.98</UnitOfMeasurePrice>
      <AllowDiscount>1</AllowDiscount>
      <itemStatus>1</itemStatus>
      <LastUpdateDate />
      <LastUpdateTime />
    </Product>
    <Product>
      <PriceUpdateDate>2019/05/27 08:13</PriceUpdateDate>
      <ItemCode>3574661401140</ItemCode>
      <ItemType>1</ItemType>
      <ItemName>ליסטרין נייטלי ריסיט 400 מל</ItemName>
      <ManufactureName>שקד תבל בעמ</ManufactureName>
      <ManufactureCountry />
      <ManufactureItemDescription />
      <UnitQty>יח`</UnitQty>
      <Quantity>400</Quantity>
      <UnitMeasure>מ"ל</UnitMeasure>
      <BisWeighted>0</BisWeighted>
      <QtyInPackage>1</QtyInPackage>
      <ItemPrice>19.90</ItemPrice>
      <UnitOfMeasurePrice>4.98</UnitOfMeasurePrice>
      <AllowDiscount>1</AllowDiscount>
      <itemStatus>1</itemStatus>
      <LastUpdateDate />
      <LastUpdateTime />
    </Product>
    <Product>
      <PriceUpdateDate>2019/07/19 13:19</PriceUpdateDate>
      <ItemCode>3574669907781</ItemCode>
      <ItemType>1</ItemType>
      <ItemName>בייבי שמפו גולד 750 מל ג`ונסונס</ItemName>
      <ManufactureName>ש.שסטוביץ בעמ</ManufactureName>
      <ManufactureCountry />
      <ManufactureItemDescription />
      <UnitQty>יח`</UnitQty>
      <Quantity>750</Quantity>
      <UnitMeasure>מ"ל</UnitMeasure>
      <BisWeighted>0</BisWeighted>
      <QtyInPackage>1</QtyInPackage>
      <ItemPrice>24.90</ItemPrice>
      <UnitOfMeasurePrice>3.32</UnitOfMeasurePrice>
      <AllowDiscount>0</AllowDiscount>
      <itemStatus>1</itemStatus>
      <LastUpdateDate />
      <LastUpdateTime />
    </Product>
    <Product>
      <PriceUpdateDate>2016/08/10 09:03</PriceUpdateDate>
      <ItemCode>3600010018209</ItemCode>
      <ItemType>1</ItemType>
      <ItemName>פיור ג`ל ניקוי עור הפנים</ItemName>
      <ManufactureName>לוריאל ישראל קוסמטיקס בעמ</ManufactureName>
      <ManufactureCountry />
      <ManufactureItemDescription />
      <UnitQty>יח`</UnitQty>
      <Quantity>200</Quantity>
      <UnitMeasure>מ"ל</UnitMeasure>
      <BisWeighted>0</BisWeighted>
      <QtyInPackage>1</QtyInPackage>
      <ItemPrice>29.90</ItemPrice>
      <UnitOfMeasurePrice>14.95</UnitOfMeasurePrice>
      <AllowDiscount>1</AllowDiscount>
      <itemStatus>1</itemStatus>
      <LastUpdateDate />
      <LastUpdateTime />
    </Product>
    <Product>
      <PriceUpdateDate>2015/12/04 06:46</PriceUpdateDate>
      <ItemCode>3600521720219</ItemCode>
      <ItemType>1</ItemType>
      <ItemName>קרם לחות ללילה לוריאל (50 מל)</ItemName>
      <ManufactureName>לוריאל ישראל קוסמטיקס בעמ</ManufactureName>
      <ManufactureCountry />
      <ManufactureItemDescription />
      <UnitQty>יח`</UnitQty>
      <Quantity>50</Quantity>
      <UnitMeasure>מ"ל</UnitMeasure>
      <BisWeighted>0</BisWeighted>
      <QtyInPackage>1</QtyInPackage>
      <ItemPrice>49.90</ItemPrice>
      <UnitOfMeasurePrice>99.80</UnitOfMeasurePrice>
      <AllowDiscount>1</AllowDiscount>
      <itemStatus>1</itemStatus>
      <LastUpdateDate />
      <LastUpdateTime />
    </Product>
    <Product>
      <PriceUpdateDate>2015/12/04 06:46</PriceUpdateDate>
      <ItemCode>3600522344070</ItemCode>
      <ItemType>1</ItemType>
      <ItemName>אלביב מסכת קולור פרוטקט לוריאל (300 מל)</ItemName>
      <ManufactureName>לוריאל ישראל קוסמטיקס בעמ</ManufactureName>
      <ManufactureCountry />
      <ManufactureItemDescription />
      <UnitQty>יח`</UnitQty>
      <Quantity>300</Quantity>
      <UnitMeasure>מ"ל</UnitMeasure>
      <BisWeighted>0</BisWeighted>
      <QtyInPackage>1</QtyInPackage>
      <ItemPrice>29.90</ItemPrice>
      <UnitOfMeasurePrice>9.97</UnitOfMeasurePrice>
      <AllowDiscount>1</AllowDiscount>
      <itemStatus>1</itemStatus>
      <LastUpdateDate />
      <LastUpdateTime />
    </Product>
    <Product>
      <PriceUpdateDate>2019/11/13 16:16</PriceUpdateDate>
      <ItemCode>3600522373278</ItemCode>
      <ItemType>1</ItemType>
      <ItemName>דאו שרט פרוטקט 150 מל אקס מן</ItemName>
      <ManufactureName>לוריאל ישראל קוסמטיקס בעמ</ManufactureName>
      <ManufactureCountry />
      <ManufactureItemDescription />
      <UnitQty>יח`</UnitQty>
      <Quantity>1</Quantity>
      <UnitMeasure />
      <BisWeighted>0</BisWeighted>
      <QtyInPackage>1</QtyInPackage>
      <ItemPrice>17.90</ItemPrice>
      <UnitOfMeasurePrice>17.90</UnitOfMeasurePrice>
      <AllowDiscount>1</AllowDiscount>
      <itemStatus>1</itemStatus>
      <LastUpdateDate />
      <LastUpdateTime />
    </Product>
    <Product>
      <PriceUpdateDate>2016/10/06 08:19</PriceUpdateDate>
      <ItemCode>3600522550204</ItemCode>
      <ItemType>1</ItemType>
      <ItemName>אייג` ספשיאליסט קרם יום 55+</ItemName>
      <ManufactureName>לוריאל ישראל קוסמטיקס בעמ</ManufactureName>
      <ManufactureCountry />
      <ManufactureItemDescription />
      <UnitQty>יח`</UnitQty>
      <Quantity>1</Quantity>
      <UnitMeasure />
      <BisWeighted>0</BisWeighted>
      <QtyInPackage>1</QtyInPackage>
      <ItemPrice>59.90</ItemPrice>
      <UnitOfMeasurePrice>59.90</UnitOfMeasurePrice>
      <AllowDiscount>1</AllowDiscount>
      <itemStatus>1</itemStatus>
      <LastUpdateDate />
      <LastUpdateTime />
    </Product>
    <Product>
      <PriceUpdateDate>2016/10/06 08:19</PriceUpdateDate>
      <ItemCode>3600522632436</ItemCode>
      <ItemType>1</ItemType>
      <ItemName>אייג` ספשיאליסט קרם לילה 55+</ItemName>
      <ManufactureName>לוריאל ישראל קוסמטיקס בעמ</ManufactureName>
      <ManufactureCountry />
      <ManufactureItemDescription />
      <UnitQty>יח`</UnitQty>
      <Quantity>1</Quantity>
      <UnitMeasure />
      <BisWeighted>0</BisWeighted>
      <QtyInPackage>1</QtyInPackage>
      <ItemPrice>59.90</ItemPrice>
      <UnitOfMeasurePrice>59.90</UnitOfMeasurePrice>
      <AllowDiscount>1</AllowDiscount>
      <itemStatus>1</itemStatus>
      <LastUpdateDate />
      <LastUpdateTime />
    </Product>
    <Product>
      <PriceUpdateDate>2018/02/14 12:15</PriceUpdateDate>
      <ItemCode>3600523430925</ItemCode>
      <ItemType>1</ItemType>
      <ItemName>דרמו פיור קלי תרחיץ אדום לוריאל</ItemName>
      <ManufactureName>לוריאל ישראל קוסמטיקס בעמ</ManufactureName>
      <ManufactureCountry />
      <ManufactureItemDescription />
      <UnitQty>יח`</UnitQty>
      <Quantity>100</Quantity>
      <UnitMeasure>מ"ל</UnitMeasure>
      <BisWeighted>0</BisWeighted>
      <QtyInPackage>1</QtyInPackage>
      <ItemPrice>34.90</ItemPrice>
      <UnitOfMeasurePrice>34.90</UnitOfMeasurePrice>
      <AllowDiscount>1</AllowDiscount>
      <itemStatus>1</itemStatus>
      <LastUpdateDate />
      <LastUpdateTime />
    </Product>
    <Product>
      <PriceUpdateDate>2018/02/14 12:15</PriceUpdateDate>
      <ItemCode>3600523430932</ItemCode>
      <ItemType>1</ItemType>
      <ItemName>דרמו פיור קלי תרחיץ שחור לוריאל</ItemName>
      <ManufactureName>לוריאל ישראל קוסמטיקס בעמ</ManufactureName>
      <ManufactureCountry />
      <ManufactureItemDescription />
      <UnitQty>יח`</UnitQty>
      <Quantity>100</Quantity>
      <UnitMeasure>מ"ל</UnitMeasure>
      <BisWeighted>0</BisWeighted>
      <QtyInPackage>1</QtyInPackage>
      <ItemPrice>34.90</ItemPrice>
      <UnitOfMeasurePrice>34.90</UnitOfMeasurePrice>
      <AllowDiscount>1</AllowDiscount>
      <itemStatus>1</itemStatus>
      <LastUpdateDate />
      <LastUpdateTime />
    </Product>
    <Product>
      <PriceUpdateDate>2019/06/17 08:48</PriceUpdateDate>
      <ItemCode>3600523587865</ItemCode>
      <ItemType>1</ItemType>
      <ItemName>קרם לשיער דרים לקצוות מפוצלים 200 מל אל</ItemName>
      <ManufactureName>לוריאל ישראל קוסמטיקס בעמ</ManufactureName>
      <ManufactureCountry />
      <ManufactureItemDescription />
      <UnitQty>יח`</UnitQty>
      <Quantity>200</Quantity>
      <UnitMeasure>מ"ל</UnitMeasure>
      <BisWeighted>0</BisWeighted>
      <QtyInPackage>1</QtyInPackage>
      <ItemPrice>29.90</ItemPrice>
      <UnitOfMeasurePrice>14.95</UnitOfMeasurePrice>
      <AllowDiscount>1</AllowDiscount>
      <itemStatus>1</itemStatus>
      <LastUpdateDate />
      <LastUpdateTime />
    </Product>
    <Product>
      <PriceUpdateDate>2019/04/10 11:28</PriceUpdateDate>
      <ItemCode>3600523642489</ItemCode>
      <ItemType>1</ItemType>
      <ItemName>אלביב מסכה 6 שמנים לוריאל (300 מל)</ItemName>
      <ManufactureName>לוריאל ישראל קוסמטיקס בעמ</ManufactureName>
      <ManufactureCountry />
      <ManufactureItemDescription />
      <UnitQty>יח`</UnitQty>
      <Quantity>300</Quantity>
      <UnitMeasure>מ"ל</UnitMeasure>
      <BisWeighted>0</BisWeighted>
      <QtyInPackage>1</QtyInPackage>
      <ItemPrice>29.90</ItemPrice>
      <UnitOfMeasurePrice>9.97</UnitOfMeasurePrice>
      <AllowDiscount>1</AllowDiscount>
      <itemStatus>1</itemStatus>
      <LastUpdateDate />
      <LastUpdateTime />
    </Product>
    <Product>
      <PriceUpdateDate>2019/02/25 09:01</PriceUpdateDate>
      <ItemCode>3600523651870</ItemCode>
      <ItemType>1</ItemType>
      <ItemName>שמפו ארגנין 500 מל אלביב</ItemName>
      <ManufactureName>לוריאל ישראל קוסמטיקס בעמ</ManufactureName>
      <ManufactureCountry />
      <ManufactureItemDescription />
      <UnitQty>יח`</UnitQty>
      <Quantity>550</Quantity>
      <UnitMeasure>מ"ל</UnitMeasure>
      <BisWeighted>0</BisWeighted>
      <QtyInPackage>1</QtyInPackage>
      <ItemPrice>15.90</ItemPrice>
      <UnitOfMeasurePrice>2.89</UnitOfMeasurePrice>
      <AllowDiscount>1</AllowDiscount>
      <itemStatus>1</itemStatus>
      <LastUpdateDate />
      <LastUpdateTime />
    </Product>
    <Product>
      <PriceUpdateDate>2019/02/25 09:01</PriceUpdateDate>
      <ItemCode>3600523651900</ItemCode>
      <ItemType>1</ItemType>
      <ItemName>מרכך ארגנין 550 מל אלביב</ItemName>
      <ManufactureName>לוריאל ישראל קוסמטיקס בעמ</ManufactureName>
      <ManufactureCountry />
      <ManufactureItemDescription />
      <UnitQty>יח`</UnitQty>
      <Quantity>550</Quantity>
      <UnitMeasure>מ"ל</UnitMeasure>
      <BisWeighted>0</BisWeighted>
      <QtyInPackage>1</QtyInPackage>
      <ItemPrice>15.90</ItemPrice>
      <UnitOfMeasurePrice>2.89</UnitOfMeasurePrice>
      <AllowDiscount>1</AllowDiscount>
      <itemStatus>1</itemStatus>
      <LastUpdateDate />
      <LastUpdateTime />
    </Product>
    <Product>
      <PriceUpdateDate>2019/02/25 09:01</PriceUpdateDate>
      <ItemCode>3600523652242</ItemCode>
      <ItemType>1</ItemType>
      <ItemName>שמפו קולור 550 מל אלביב</ItemName>
      <ManufactureName>לוריאל ישראל קוסמטיקס בעמ</ManufactureName>
      <ManufactureCountry />
      <ManufactureItemDescription />
      <UnitQty>יח`</UnitQty>
      <Quantity>550</Quantity>
      <UnitMeasure>מ"ל</UnitMeasure>
      <BisWeighted>0</BisWeighted>
      <QtyInPackage>1</QtyInPackage>
      <ItemPrice>15.90</ItemPrice>
      <UnitOfMeasurePrice>2.89</UnitOfMeasurePrice>
      <AllowDiscount>1</AllowDiscount>
      <itemStatus>1</itemStatus>
      <LastUpdateDate />
      <LastUpdateTime />
    </Product>
    <Product>
      <PriceUpdateDate>2019/02/25 09:01</PriceUpdateDate>
      <ItemCode>3600523652259</ItemCode>
      <ItemType>1</ItemType>
      <ItemName>מרכך קולור 550 מל אלביב</ItemName>
      <ManufactureName>לוריאל ישראל קוסמטיקס בעמ</ManufactureName>
      <ManufactureCountry />
      <ManufactureItemDescription />
      <UnitQty>יח`</UnitQty>
      <Quantity>550</Quantity>
      <UnitMeasure>מ"ל</UnitMeasure>
      <BisWeighted>0</BisWeighted>
      <QtyInPackage>1</QtyInPackage>
      <ItemPrice>15.90</ItemPrice>
      <UnitOfMeasurePrice>2.89</UnitOfMeasurePrice>
      <AllowDiscount>1</AllowDiscount>
      <itemStatus>1</itemStatus>
      <LastUpdateDate />
      <LastUpdateTime />
    </Product>
    <Product>
      <PriceUpdateDate>2019/06/17 08:48</PriceUpdateDate>
      <ItemCode>3600523782574</ItemCode>
      <ItemType>1</ItemType>
      <ItemName>אלביב מסכה דרים לונג לוריאל (300 מל)</ItemName>
      <ManufactureName>לוריאל ישראל קוסמטיקס בעמ</ManufactureName>
      <ManufactureCountry />
      <ManufactureItemDescription />
      <UnitQty>יח`</UnitQty>
      <Quantity>300</Quantity>
      <UnitMeasure>מ"ל</UnitMeasure>
      <BisWeighted>0</BisWeighted>
      <QtyInPackage>1</QtyInPackage>
      <ItemPrice>29.90</ItemPrice>
      <UnitOfMeasurePrice>9.97</UnitOfMeasurePrice>
      <AllowDiscount>1</AllowDiscount>
      <itemStatus>1</itemStatus>
      <LastUpdateDate />
      <LastUpdateTime />
    </Product>
    <Product>
      <PriceUpdateDate>2019/06/16 12:32</PriceUpdateDate>
      <ItemCode>3600523815845</ItemCode>
      <ItemType>1</ItemType>
      <ItemName>שמפו אלביב 6 שמנים 360 מל</ItemName>
      <ManufactureName>לוריאל ישראל קוסמטיקס בעמ</ManufactureName>
      <ManufactureCountry />
      <ManufactureItemDescription />
      <UnitQty>יח`</UnitQty>
      <Quantity>360</Quantity>
      <UnitMeasure>מ"ל</UnitMeasure>
      <BisWeighted>0</BisWeighted>
      <QtyInPackage>1</QtyInPackage>
      <ItemPrice>9.90</ItemPrice>
      <UnitOfMeasurePrice>2.75</UnitOfMeasurePrice>
      <AllowDiscount>1</AllowDiscount>
      <itemStatus>1</itemStatus>
      <LastUpdateDate />
      <LastUpdateTime />
    </Product>
    <Product>
      <PriceUpdateDate>2015/12/04 06:46</PriceUpdateDate>
      <ItemCode>3600541253667</ItemCode>
      <ItemType>1</ItemType>
      <ItemName>דאודורנט ספריי אינביזיבל</ItemName>
      <ManufactureName>לוריאל ישראל קוסמטיקס בעמ</ManufactureName>
      <ManufactureCountry />
      <ManufactureItemDescription />
      <UnitQty>יח`</UnitQty>
      <Quantity>150</Quantity>
      <UnitMeasure>מ"ל</UnitMeasure>
      <BisWeighted>0</BisWeighted>
      <QtyInPackage>1</QtyInPackage>
      <ItemPrice>16.90</ItemPrice>
      <UnitOfMeasurePrice>11.27</UnitOfMeasurePrice>
      <AllowDiscount>1</AllowDiscount>
      <itemStatus>1</itemStatus>
      <LastUpdateDate />
      <LastUpdateTime />
    </Product>
    <Product>
      <PriceUpdateDate>2015/12/04 06:46</PriceUpdateDate>
      <ItemCode>3600541414051</ItemCode>
      <ItemType>1</ItemType>
      <ItemName>דאודורנט רול אינביזיבל פרש</ItemName>
      <ManufactureName>לוריאל ישראל קוסמטיקס בעמ</ManufactureName>
      <ManufactureCountry />
      <ManufactureItemDescription />
      <UnitQty>יח`</UnitQty>
      <Quantity>50</Quantity>
      <UnitMeasure>מ"ל</UnitMeasure>
      <BisWeighted>0</BisWeighted>
      <QtyInPackage>1</QtyInPackage>
      <ItemPrice>16.90</ItemPrice>
      <UnitOfMeasurePrice>33.80</UnitOfMeasurePrice>
      <AllowDiscount>1</AllowDiscount>
      <itemStatus>1</itemStatus>
      <LastUpdateDate />
      <LastUpdateTime />
    </Product>
    <Product>
      <PriceUpdateDate>2018/01/17 06:32</PriceUpdateDate>
      <ItemCode>3600542045643</ItemCode>
      <ItemType>1</ItemType>
      <ItemName>בוטניקל קרם לחות ענבים 50 מל גרניה</ItemName>
      <ManufactureName>לוריאל ישראל קוסמטיקס בעמ</ManufactureName>
      <ManufactureCountry />
      <ManufactureItemDescription />
      <UnitQty>יח`</UnitQty>
      <Quantity>50</Quantity>
      <UnitMeasure>מ"ל</UnitMeasure>
      <BisWeighted>0</BisWeighted>
      <QtyInPackage>1</QtyInPackage>
      <ItemPrice>44.90</ItemPrice>
      <UnitOfMeasurePrice>89.80</UnitOfMeasurePrice>
      <AllowDiscount>1</AllowDiscount>
      <itemStatus>1</itemStatus>
      <LastUpdateDate />
      <LastUpdateTime />
    </Product>
    <Product>
      <PriceUpdateDate>2018/01/17 06:32</PriceUpdateDate>
      <ItemCode>3600542051057</ItemCode>
      <ItemType>1</ItemType>
      <ItemName>בוטניקל טונר ורדים 200 מל גרניה</ItemName>
      <ManufactureName>לוריאל ישראל קוסמטיקס בעמ</ManufactureName>
      <ManufactureCountry />
      <ManufactureItemDescription />
      <UnitQty>יח`</UnitQty>
      <Quantity>200</Quantity>
      <UnitMeasure>מ"ל</UnitMeasure>
      <BisWeighted>0</BisWeighted>
      <QtyInPackage>1</QtyInPackage>
      <ItemPrice>24.90</ItemPrice>
      <UnitOfMeasurePrice>12.45</UnitOfMeasurePrice>
      <AllowDiscount>0</AllowDiscount>
      <itemStatus>1</itemStatus>
      <LastUpdateDate />
      <LastUpdateTime />
    </Product>
    <Product>
      <PriceUpdateDate>2019/06/17 08:48</PriceUpdateDate>
      <ItemCode>3600542168687</ItemCode>
      <ItemType>1</ItemType>
      <ItemName>ג`ל ניקוי פיור פיל אוף גרנייה</ItemName>
      <ManufactureName>לוריאל ישראל קוסמטיקס בעמ</ManufactureName>
      <ManufactureCountry />
      <ManufactureItemDescription />
      <UnitQty>יח`</UnitQty>
      <Quantity>150</Quantity>
      <UnitMeasure>מ"ל</UnitMeasure>
      <BisWeighted>0</BisWeighted>
      <QtyInPackage>1</QtyInPackage>
      <ItemPrice>34.90</ItemPrice>
      <UnitOfMeasurePrice>23.27</UnitOfMeasurePrice>
      <AllowDiscount>1</AllowDiscount>
      <itemStatus>1</itemStatus>
      <LastUpdateDate />
      <LastUpdateTime />
    </Product>
    <Product>
      <PriceUpdateDate>2020/02/10 07:22</PriceUpdateDate>
      <ItemCode>3600542216623</ItemCode>
      <ItemType>1</ItemType>
      <ItemName>דאו רול אול און אקשן 50 מל גרנייה</ItemName>
      <ManufactureName>לוריאל ישראל קוסמטיקס בעמ</ManufactureName>
      <ManufactureCountry />
      <ManufactureItemDescription />
      <UnitQty>יח`</UnitQty>
      <Quantity>50</Quantity>
      <UnitMeasure>מ"ל</UnitMeasure>
      <BisWeighted>0</BisWeighted>
      <QtyInPackage>1</QtyInPackage>
      <ItemPrice>16.90</ItemPrice>
      <UnitOfMeasurePrice>33.80</UnitOfMeasurePrice>
      <AllowDiscount>0</AllowDiscount>
      <itemStatus>1</itemStatus>
      <LastUpdateDate />
      <LastUpdateTime />
    </Product>
    <Product>
      <PriceUpdateDate>2015/05/27 11:09</PriceUpdateDate>
      <ItemCode>3661163970448</ItemCode>
      <ItemType>1</ItemType>
      <ItemName>אדידס דאו ספריי גברים 200 מל</ItemName>
      <ManufactureName>דנשר (1963) בעמ</ManufactureName>
      <ManufactureCountry />
      <ManufactureItemDescription />
      <UnitQty>יח`</UnitQty>
      <Quantity>200</Quantity>
      <UnitMeasure>מ"ל</UnitMeasure>
      <BisWeighted>0</BisWeighted>
      <QtyInPackage>1</QtyInPackage>
      <ItemPrice>25.90</ItemPrice>
      <UnitOfMeasurePrice>12.95</UnitOfMeasurePrice>
      <AllowDiscount>1</AllowDiscount>
      <itemStatus>1</itemStatus>
      <LastUpdateDate />
      <LastUpdateTime />
    </Product>
    <Product>
      <PriceUpdateDate>2013/12/31 09:51</PriceUpdateDate>
      <ItemCode>3800718504947</ItemCode>
      <ItemType>1</ItemType>
      <ItemName>ספוג סקוטש 10 יח`</ItemName>
      <ManufactureName>מ.א.ייצור ויבוא מטליות בעמ</ManufactureName>
      <ManufactureCountry />
      <ManufactureItemDescription />
      <UnitQty>יח`</UnitQty>
      <Quantity>10</Quantity>
      <UnitMeasure>יח`</UnitMeasure>
      <BisWeighted>0</BisWeighted>
      <QtyInPackage>1</QtyInPackage>
      <ItemPrice>5</ItemPrice>
      <UnitOfMeasurePrice>0.50</UnitOfMeasurePrice>
      <AllowDiscount>0</AllowDiscount>
      <itemStatus>1</itemStatus>
      <LastUpdateDate />
      <LastUpdateTime />
    </Product>
    <Product>
      <PriceUpdateDate>2020/04/20 10:25</PriceUpdateDate>
      <ItemCode>4000351109380</ItemCode>
      <ItemType>1</ItemType>
      <ItemName>שמן קנולה 1 ליטר BROLIO</ItemName>
      <ManufactureName>המותג-לא פעיל להקלדה</ManufactureName>
      <ManufactureCountry />
      <ManufactureItemDescription />
      <UnitQty>יח`</UnitQty>
      <Quantity>1000</Quantity>
      <UnitMeasure>מ"ל</UnitMeasure>
      <BisWeighted>0</BisWeighted>
      <QtyInPackage>1</QtyInPackage>
      <ItemPrice>5.90</ItemPrice>
      <UnitOfMeasurePrice>0.59</UnitOfMeasurePrice>
      <AllowDiscount>0</AllowDiscount>
      <itemStatus>1</itemStatus>
      <LastUpdateDate />
      <LastUpdateTime />
    </Product>
    <Product>
      <PriceUpdateDate>2018/05/16 11:19</PriceUpdateDate>
      <ItemCode>4000388563803</ItemCode>
      <ItemType>1</ItemType>
      <ItemName>תחליב גוף לעור רגיל-יבש  דאב 400 מל</ItemName>
      <ManufactureName>יוניליוור ישראל שיווק בעמ</ManufactureName>
      <ManufactureCountry />
      <ManufactureItemDescription />
      <UnitQty>יח`</UnitQty>
      <Quantity>400</Quantity>
      <UnitMeasure>מ"ל</UnitMeasure>
      <BisWeighted>0</BisWeighted>
      <QtyInPackage>1</QtyInPackage>
      <ItemPrice>28</ItemPrice>
      <UnitOfMeasurePrice>7</UnitOfMeasurePrice>
      <AllowDiscount>0</AllowDiscount>
      <itemStatus>1</itemStatus>
      <LastUpdateDate />
      <LastUpdateTime />
    </Product>
    <Product>
      <PriceUpdateDate>2015/12/01 09:42</PriceUpdateDate>
      <ItemCode>4000417022004</ItemCode>
      <ItemType>1</ItemType>
      <ItemName>שוקולד ריטר חלבי צימוקים/אגוזים 100 גר`</ItemName>
      <ManufactureName>ליימן שליסל בעמ</ManufactureName>
      <ManufactureCountry />
      <ManufactureItemDescription />
      <UnitQty>יח`</UnitQty>
      <Quantity>100</Quantity>
      <UnitMeasure>גרם</UnitMeasure>
      <BisWeighted>0</BisWeighted>
      <QtyInPackage>1</QtyInPackage>
      <ItemPrice>9.90</ItemPrice>
      <UnitOfMeasurePrice>9.90</UnitOfMeasurePrice>
      <AllowDiscount>0</AllowDiscount>
      <itemStatus>1</itemStatus>
      <LastUpdateDate />
      <LastUpdateTime />
    </Product>
    <Product>
      <PriceUpdateDate>2015/12/01 09:42</PriceUpdateDate>
      <ItemCode>4000417023001</ItemCode>
      <ItemType>1</ItemType>
      <ItemName>שוקולד ריטר חלבי שקד 100 גר`</ItemName>
      <ManufactureName>ליימן שליסל בעמ</ManufactureName>
      <ManufactureCountry />
      <ManufactureItemDescription />
      <UnitQty>יח`</UnitQty>
      <Quantity>100</Quantity>
      <UnitMeasure>גרם</UnitMeasure>
      <BisWeighted>0</BisWeighted>
      <QtyInPackage>1</QtyInPackage>
      <ItemPrice>9.90</ItemPrice>
      <UnitOfMeasurePrice>9.90</UnitOfMeasurePrice>
      <AllowDiscount>0</AllowDiscount>
      <itemStatus>1</itemStatus>
      <LastUpdateDate />
      <LastUpdateTime />
    </Product>
    <Product>
      <PriceUpdateDate>2016/10/06 08:33</PriceUpdateDate>
      <ItemCode>4000417211002</ItemCode>
      <ItemType>1</ItemType>
      <ItemName>שוקולד ריטר מוס קרמל ו100 גר`</ItemName>
      <ManufactureName>ליימן שליסל בעמ</ManufactureName>
      <ManufactureCountry />
      <ManufactureItemDescription />
      <UnitQty>יח`</UnitQty>
      <Quantity>100</Quantity>
      <UnitMeasure>גרם</UnitMeasure>
      <BisWeighted>0</BisWeighted>
      <QtyInPackage>1</QtyInPackage>
      <ItemPrice>9.90</ItemPrice>
      <UnitOfMeasurePrice>9.90</UnitOfMeasurePrice>
      <AllowDiscount>0</AllowDiscount>
      <itemStatus>1</itemStatus>
      <LastUpdateDate />
      <LastUpdateTime />
    </Product>
    <Product>
      <PriceUpdateDate>2016/07/27 08:28</PriceUpdateDate>
      <ItemCode>4000417222008</ItemCode>
      <ItemType>1</ItemType>
      <ItemName>שוקולד ריטר חלבי עם שברי אגוזים 100 גר</ItemName>
      <ManufactureName>ליימן שליסל בעמ</ManufactureName>
      <ManufactureCountry />
      <ManufactureItemDescription />
      <UnitQty>יח`</UnitQty>
      <Quantity>100</Quantity>
      <UnitMeasure>גרם</UnitMeasure>
      <BisWeighted>0</BisWeighted>
      <QtyInPackage>1</QtyInPackage>
      <ItemPrice>9.90</ItemPrice>
      <UnitOfMeasurePrice>9.90</UnitOfMeasurePrice>
      <AllowDiscount>0</AllowDiscount>
      <itemStatus>1</itemStatus>
      <LastUpdateDate />
      <LastUpdateTime />
    </Product>
    <Product>
      <PriceUpdateDate>2015/12/01 09:42</PriceUpdateDate>
      <ItemCode>4000417224002</ItemCode>
      <ItemType>1</ItemType>
      <ItemName>שוקולד ריטר מריר אגוזים 100 גר</ItemName>
      <ManufactureName>ליימן שליסל בעמ</ManufactureName>
      <ManufactureCountry />
      <ManufactureItemDescription />
      <UnitQty>יח`</UnitQty>
      <Quantity>100</Quantity>
      <UnitMeasure>גרם</UnitMeasure>
      <BisWeighted>0</BisWeighted>
      <QtyInPackage>1</QtyInPackage>
      <ItemPrice>9.90</ItemPrice>
      <UnitOfMeasurePrice>9.90</UnitOfMeasurePrice>
      <AllowDiscount>0</AllowDiscount>
      <itemStatus>1</itemStatus>
      <LastUpdateDate />
      <LastUpdateTime />
    </Product>
    <Product>
      <PriceUpdateDate>2015/12/01 09:42</PriceUpdateDate>
      <ItemCode>4000417294005</ItemCode>
      <ItemType>1</ItemType>
      <ItemName>שוקולד ריטר מוס קקאו 100 גר`</ItemName>
      <ManufactureName>ליימן שליסל בעמ</ManufactureName>
      <ManufactureCountry />
      <ManufactureItemDescription />
      <UnitQty>יח`</UnitQty>
      <Quantity>100</Quantity>
      <UnitMeasure>גרם</UnitMeasure>
      <BisWeighted>0</BisWeighted>
      <QtyInPackage>1</QtyInPackage>
      <ItemPrice>9.90</ItemPrice>
      <UnitOfMeasurePrice>9.90</UnitOfMeasurePrice>
      <AllowDiscount>0</AllowDiscount>
      <itemStatus>1</itemStatus>
      <LastUpdateDate />
      <LastUpdateTime />
    </Product>
    <Product>
      <PriceUpdateDate>2019/04/18 15:16</PriceUpdateDate>
      <ItemCode>4000417932006</ItemCode>
      <ItemType>1</ItemType>
      <ItemName>שוקולד מריר מעולה 61% מוצקי קקאו מניקרגו</ItemName>
      <ManufactureName>ליימן שליסל בעמ</ManufactureName>
      <ManufactureCountry />
      <ManufactureItemDescription />
      <UnitQty>יח`</UnitQty>
      <Quantity>100</Quantity>
      <UnitMeasure>גרם</UnitMeasure>
      <BisWeighted>0</BisWeighted>
      <QtyInPackage>1</QtyInPackage>
      <ItemPrice>9.90</ItemPrice>
      <UnitOfMeasurePrice>9.90</UnitOfMeasurePrice>
      <AllowDiscount>0</AllowDiscount>
      <itemStatus>1</itemStatus>
      <LastUpdateDate />
      <LastUpdateTime />
    </Product>
    <Product>
      <PriceUpdateDate>2015/03/02 09:13</PriceUpdateDate>
      <ItemCode>4000869032569</ItemCode>
      <ItemType>1</ItemType>
      <ItemName>הפי מטהר אויר פרש יעקבי 150( גרם)</ItemName>
      <ManufactureName>יעקב יעקבי ובניו בעמ</ManufactureName>
      <ManufactureCountry />
      <ManufactureItemDescription />
      <UnitQty>יח`</UnitQty>
      <Quantity>1</Quantity>
      <UnitMeasure />
      <BisWeighted>0</BisWeighted>
      <QtyInPackage>1</QtyInPackage>
      <ItemPrice>9.90</ItemPrice>
      <UnitOfMeasurePrice>9.90</UnitOfMeasurePrice>
      <AllowDiscount>0</AllowDiscount>
      <itemStatus>1</itemStatus>
      <LastUpdateDate />
      <LastUpdateTime />
    </Product>
    <Product>
      <PriceUpdateDate>2019/12/31 07:50</PriceUpdateDate>
      <ItemCode>4001432773230</ItemCode>
      <ItemType>1</ItemType>
      <ItemName>בלו ווין מוסקטו 750 מל כשר</ItemName>
      <ManufactureName>היכל היין שקד גולן בעמ</ManufactureName>
      <ManufactureCountry />
      <ManufactureItemDescription />
      <UnitQty>יח`</UnitQty>
      <Quantity>750</Quantity>
      <UnitMeasure>מ"ל</UnitMeasure>
      <BisWeighted>0</BisWeighted>
      <QtyInPackage>1</QtyInPackage>
      <ItemPrice>49.90</ItemPrice>
      <UnitOfMeasurePrice>6.61</UnitOfMeasurePrice>
      <AllowDiscount>1</AllowDiscount>
      <itemStatus>1</itemStatus>
      <LastUpdateDate />
      <LastUpdateTime />
    </Product>
    <Product>
      <PriceUpdateDate>2015/12/03 09:28</PriceUpdateDate>
      <ItemCode>4002603282285</ItemCode>
      <ItemType>1</ItemType>
      <ItemName>אייסקונפקט 500 גר`</ItemName>
      <ManufactureName>שוקוטרייד בעמ</ManufactureName>
      <ManufactureCountry />
      <ManufactureItemDescription />
      <UnitQty>יח`</UnitQty>
      <Quantity>500</Quantity>
      <UnitMeasure>גרם</UnitMeasure>
      <BisWeighted>0</BisWeighted>
      <QtyInPackage>1</QtyInPackage>
      <ItemPrice>31.90</ItemPrice>
      <UnitOfMeasurePrice>6.38</UnitOfMeasurePrice>
      <AllowDiscount>0</AllowDiscount>
      <itemStatus>1</itemStatus>
      <LastUpdateDate />
      <LastUpdateTime />
    </Product>
    <Product>
      <PriceUpdateDate>2017/03/09 10:09</PriceUpdateDate>
      <ItemCode>4004666042004</ItemCode>
      <ItemType>1</ItemType>
      <ItemName>מרסס נגד עובש מלרוד</ItemName>
      <ManufactureName>יעקב יעקבי ובניו בעמ</ManufactureName>
      <ManufactureCountry />
      <ManufactureItemDescription />
      <UnitQty>יח`</UnitQty>
      <Quantity>750</Quantity>
      <UnitMeasure>מ"ל</UnitMeasure>
      <BisWeighted>0</BisWeighted>
      <QtyInPackage>1</QtyInPackage>
      <ItemPrice>32.90</ItemPrice>
      <UnitOfMeasurePrice>4.39</UnitOfMeasurePrice>
      <AllowDiscount>0</AllowDiscount>
      <itemStatus>1</itemStatus>
      <LastUpdateDate />
      <LastUpdateTime />
    </Product>
    <Product>
      <PriceUpdateDate>2019/04/10 11:28</PriceUpdateDate>
      <ItemCode>4004666107819</ItemCode>
      <ItemType>1</ItemType>
      <ItemName>מלרוד לניקוי וטיהור מזגן 500 מל יעקובי</ItemName>
      <ManufactureName>יעקב יעקבי ובניו בעמ</ManufactureName>
      <ManufactureCountry />
      <ManufactureItemDescription />
      <UnitQty>יח`</UnitQty>
      <Quantity>500</Quantity>
      <UnitMeasure>מ"ל</UnitMeasure>
      <BisWeighted>0</BisWeighted>
      <QtyInPackage>1</QtyInPackage>
      <ItemPrice>24.90</ItemPrice>
      <UnitOfMeasurePrice>4.98</UnitOfMeasurePrice>
      <AllowDiscount>0</AllowDiscount>
      <itemStatus>1</itemStatus>
      <LastUpdateDate />
      <LastUpdateTime />
    </Product>
    <Product>
      <PriceUpdateDate>2018/06/08 09:33</PriceUpdateDate>
      <ItemCode>4005808400348</ItemCode>
      <ItemType>1</ItemType>
      <ItemName>קרם רב שימושי 150 מל ניאווה</ItemName>
      <ManufactureName>אלפא- ב.ד.ף בעמ</ManufactureName>
      <ManufactureCountry />
      <ManufactureItemDescription />
      <UnitQty>יח`</UnitQty>
      <Quantity>1</Quantity>
      <UnitMeasure />
      <BisWeighted>0</BisWeighted>
      <QtyInPackage>1</QtyInPackage>
      <ItemPrice>30</ItemPrice>
      <UnitOfMeasurePrice>30</UnitOfMeasurePrice>
      <AllowDiscount>1</AllowDiscount>
      <itemStatus>1</itemStatus>
      <LastUpdateDate />
      <LastUpdateTime />
    </Product>
    <Product>
      <PriceUpdateDate>2019/12/22 09:34</PriceUpdateDate>
      <ItemCode>4008400230726</ItemCode>
      <ItemType>1</ItemType>
      <ItemName>קינדר ביצת הפתעה מקסי 100 גר</ItemName>
      <ManufactureName>פרימיום-חברה לדברי מתיקה ולמסח</ManufactureName>
      <ManufactureCountry />
      <ManufactureItemDescription />
      <UnitQty>יח`</UnitQty>
      <Quantity>1</Quantity>
      <UnitMeasure />
      <BisWeighted>0</BisWeighted>
      <QtyInPackage>1</QtyInPackage>
      <ItemPrice>22.90</ItemPrice>
      <UnitOfMeasurePrice>22.90</UnitOfMeasurePrice>
      <AllowDiscount>0</AllowDiscount>
      <itemStatus>1</itemStatus>
      <LastUpdateDate />
      <LastUpdateTime />
    </Product>
    <Product>
      <PriceUpdateDate>2015/12/29 08:29</PriceUpdateDate>
      <ItemCode>4009300522935</ItemCode>
      <ItemType>1</ItemType>
      <ItemName>תה ירוק לימונית ולואיזה פומפדור) (20</ItemName>
      <ManufactureName>ש.שסטוביץ בעמ</ManufactureName>
      <ManufactureCountry />
      <ManufactureItemDescription />
      <UnitQty>יח`</UnitQty>
      <Quantity>30</Quantity>
      <UnitMeasure>גרם</UnitMeasure>
      <BisWeighted>0</BisWeighted>
      <QtyInPackage>1</QtyInPackage>
      <ItemPrice>19.90</ItemPrice>
      <UnitOfMeasurePrice>66.33</UnitOfMeasurePrice>
      <AllowDiscount>0</AllowDiscount>
      <itemStatus>1</itemStatus>
      <LastUpdateDate />
      <LastUpdateTime />
    </Product>
    <Product>
      <PriceUpdateDate>2015/12/29 08:29</PriceUpdateDate>
      <ItemCode>4009300524588</ItemCode>
      <ItemType>1</ItemType>
      <ItemName>תה פירות יער פומפדור) (20</ItemName>
      <ManufactureName>ש.שסטוביץ בעמ</ManufactureName>
      <ManufactureCountry />
      <ManufactureItemDescription />
      <UnitQty>יח`</UnitQty>
      <Quantity>60</Quantity>
      <UnitMeasure>גרם</UnitMeasure>
      <BisWeighted>0</BisWeighted>
      <QtyInPackage>1</QtyInPackage>
      <ItemPrice>15.90</ItemPrice>
      <UnitOfMeasurePrice>26.50</UnitOfMeasurePrice>
      <AllowDiscount>0</AllowDiscount>
      <itemStatus>1</itemStatus>
      <LastUpdateDate />
      <LastUpdateTime />
    </Product>
    <Product>
      <PriceUpdateDate>2015/12/28 09:00</PriceUpdateDate>
      <ItemCode>4009300526438</ItemCode>
      <ItemType>1</ItemType>
      <ItemName>תה ירוק קלאסי פומפדור) (20</ItemName>
      <ManufactureName>ש.שסטוביץ בעמ</ManufactureName>
      <ManufactureCountry />
      <ManufactureItemDescription />
      <UnitQty>יח`</UnitQty>
      <Quantity>1</Quantity>
      <UnitMeasure />
      <BisWeighted>0</BisWeighted>
      <QtyInPackage>1</QtyInPackage>
      <ItemPrice>19.90</ItemPrice>
      <UnitOfMeasurePrice>19.90</UnitOfMeasurePrice>
      <AllowDiscount>0</AllowDiscount>
      <itemStatus>1</itemStatus>
      <LastUpdateDate />
      <LastUpdateTime />
    </Product>
    <Product>
      <PriceUpdateDate>2013/11/13 09:02</PriceUpdateDate>
      <ItemCode>4009900013581</ItemCode>
      <ItemType>1</ItemType>
      <ItemName>מסטיק אורביט מארז חמישייה</ItemName>
      <ManufactureName>מרס ריגלי ישראל בעמ</ManufactureName>
      <ManufactureCountry />
      <ManufactureItemDescription />
      <UnitQty>יח`</UnitQty>
      <Quantity>1</Quantity>
      <UnitMeasure />
      <BisWeighted>0</BisWeighted>
      <QtyInPackage>1</QtyInPackage>
      <ItemPrice>9.90</ItemPrice>
      <UnitOfMeasurePrice>9.90</UnitOfMeasurePrice>
      <AllowDiscount>0</AllowDiscount>
      <itemStatus>1</itemStatus>
      <LastUpdateDate />
      <LastUpdateTime />
    </Product>
    <Product>
      <PriceUpdateDate>2013/11/13 09:02</PriceUpdateDate>
      <ItemCode>4009900385824</ItemCode>
      <ItemType>1</ItemType>
      <ItemName>מסטיק אורביט מארז חמישייה</ItemName>
      <ManufactureName>מרס ריגלי ישראל בעמ</ManufactureName>
      <ManufactureCountry />
      <ManufactureItemDescription />
      <UnitQty>יח`</UnitQty>
      <Quantity>1</Quantity>
      <UnitMeasure />
      <BisWeighted>0</BisWeighted>
      <QtyInPackage>1</QtyInPackage>
      <ItemPrice>9.90</ItemPrice>
      <UnitOfMeasurePrice>9.90</UnitOfMeasurePrice>
      <AllowDiscount>0</AllowDiscount>
      <itemStatus>1</itemStatus>
      <LastUpdateDate />
      <LastUpdateTime />
    </Product>
    <Product>
      <PriceUpdateDate>2018/12/23 11:05</PriceUpdateDate>
      <ItemCode>4009900402965</ItemCode>
      <ItemType>1</ItemType>
      <ItemName>מסטיק אורביט בקבוקון פירות</ItemName>
      <ManufactureName>מרס ריגלי ישראל בעמ</ManufactureName>
      <ManufactureCountry />
      <ManufactureItemDescription />
      <UnitQty>יח`</UnitQty>
      <Quantity>1</Quantity>
      <UnitMeasure />
      <BisWeighted>0</BisWeighted>
      <QtyInPackage>1</QtyInPackage>
      <ItemPrice>10.90</ItemPrice>
      <UnitOfMeasurePrice>10.90</UnitOfMeasurePrice>
      <AllowDiscount>1</AllowDiscount>
      <itemStatus>1</itemStatus>
      <LastUpdateDate />
      <LastUpdateTime />
    </Product>
    <Product>
      <PriceUpdateDate>2018/12/23 11:05</PriceUpdateDate>
      <ItemCode>4009900403023</ItemCode>
      <ItemType>1</ItemType>
      <ItemName>מסטיק אורביט בקבוקון</ItemName>
      <ManufactureName>מרס ריגלי ישראל בעמ</ManufactureName>
      <ManufactureCountry />
      <ManufactureItemDescription />
      <UnitQty>יח`</UnitQty>
      <Quantity>1</Quantity>
      <UnitMeasure />
      <BisWeighted>0</BisWeighted>
      <QtyInPackage>1</QtyInPackage>
      <ItemPrice>10.90</ItemPrice>
      <UnitOfMeasurePrice>10.90</UnitOfMeasurePrice>
      <AllowDiscount>1</AllowDiscount>
      <itemStatus>1</itemStatus>
      <LastUpdateDate />
      <LastUpdateTime />
    </Product>
    <Product>
      <PriceUpdateDate>2019/01/16 15:22</PriceUpdateDate>
      <ItemCode>4009900420129</ItemCode>
      <ItemType>1</ItemType>
      <ItemName>מסטיק אורביט בקבוקון פרופשיונל פפרמינט</ItemName>
      <ManufactureName>מרס ריגלי ישראל בעמ</ManufactureName>
      <ManufactureCountry />
      <ManufactureItemDescription />
      <UnitQty>יח`</UnitQty>
      <Quantity>1</Quantity>
      <UnitMeasure />
      <BisWeighted>0</BisWeighted>
      <QtyInPackage>1</QtyInPackage>
      <ItemPrice>10.90</ItemPrice>
      <UnitOfMeasurePrice>10.90</UnitOfMeasurePrice>
      <AllowDiscount>1</AllowDiscount>
      <itemStatus>1</itemStatus>
      <LastUpdateDate />
      <LastUpdateTime />
    </Product>
    <Product>
      <PriceUpdateDate>2019/12/18 13:48</PriceUpdateDate>
      <ItemCode>4009900458504</ItemCode>
      <ItemType>1</ItemType>
      <ItemName>מסטיק אורביט וויט הדרים 64 גר`</ItemName>
      <ManufactureName>מרס ריגלי ישראל בעמ</ManufactureName>
      <ManufactureCountry />
      <ManufactureItemDescription />
      <UnitQty>יח`</UnitQty>
      <Quantity>1</Quantity>
      <UnitMeasure />
      <BisWeighted>0</BisWeighted>
      <QtyInPackage>1</QtyInPackage>
      <ItemPrice>10.90</ItemPrice>
      <UnitOfMeasurePrice>10.90</UnitOfMeasurePrice>
      <AllowDiscount>1</AllowDiscount>
      <itemStatus>1</itemStatus>
      <LastUpdateDate />
      <LastUpdateTime />
    </Product>
    <Product>
      <PriceUpdateDate>2018/12/23 11:05</PriceUpdateDate>
      <ItemCode>4009900479998</ItemCode>
      <ItemType>1</ItemType>
      <ItemName>מסטיק אורביט בקבוקון אוכמניות</ItemName>
      <ManufactureName>מרס ריגלי ישראל בעמ</ManufactureName>
      <ManufactureCountry />
      <ManufactureItemDescription />
      <UnitQty>יח`</UnitQty>
      <Quantity>1</Quantity>
      <UnitMeasure />
      <BisWeighted>0</BisWeighted>
      <QtyInPackage>1</QtyInPackage>
      <ItemPrice>10.90</ItemPrice>
      <UnitOfMeasurePrice>10.90</UnitOfMeasurePrice>
      <AllowDiscount>1</AllowDiscount>
      <itemStatus>1</itemStatus>
      <LastUpdateDate />
      <LastUpdateTime />
    </Product>
    <Product>
      <PriceUpdateDate>2013/11/13 09:02</PriceUpdateDate>
      <ItemCode>4009900487283</ItemCode>
      <ItemType>1</ItemType>
      <ItemName>מסטיק אורביט מארז חמישייה</ItemName>
      <ManufactureName>מרס ריגלי ישראל בעמ</ManufactureName>
      <ManufactureCountry />
      <ManufactureItemDescription />
      <UnitQty>יח`</UnitQty>
      <Quantity>1</Quantity>
      <UnitMeasure />
      <BisWeighted>0</BisWeighted>
      <QtyInPackage>1</QtyInPackage>
      <ItemPrice>9.90</ItemPrice>
      <UnitOfMeasurePrice>9.90</UnitOfMeasurePrice>
      <AllowDiscount>0</AllowDiscount>
      <itemStatus>1</itemStatus>
      <LastUpdateDate />
      <LastUpdateTime />
    </Product>
    <Product>
      <PriceUpdateDate>2018/12/23 11:05</PriceUpdateDate>
      <ItemCode>4009900504218</ItemCode>
      <ItemType>1</ItemType>
      <ItemName>מסטיק אורביט תפוז בקבוקון</ItemName>
      <ManufactureName>מרס ריגלי ישראל בעמ</ManufactureName>
      <ManufactureCountry />
      <ManufactureItemDescription />
      <UnitQty>יח`</UnitQty>
      <Quantity>1</Quantity>
      <UnitMeasure />
      <BisWeighted>0</BisWeighted>
      <QtyInPackage>1</QtyInPackage>
      <ItemPrice>10.90</ItemPrice>
      <UnitOfMeasurePrice>10.90</UnitOfMeasurePrice>
      <AllowDiscount>1</AllowDiscount>
      <itemStatus>1</itemStatus>
      <LastUpdateDate />
      <LastUpdateTime />
    </Product>
    <Product>
      <PriceUpdateDate>2017/12/26 08:38</PriceUpdateDate>
      <ItemCode>4009900509992</ItemCode>
      <ItemType>1</ItemType>
      <ItemName>בקבוקון איירוויבז מנטה חזקה אקליפטוס.</ItemName>
      <ManufactureName>מרס ריגלי ישראל בעמ</ManufactureName>
      <ManufactureCountry />
      <ManufactureItemDescription />
      <UnitQty>יח`</UnitQty>
      <Quantity>1</Quantity>
      <UnitMeasure />
      <BisWeighted>0</BisWeighted>
      <QtyInPackage>1</QtyInPackage>
      <ItemPrice>10</ItemPrice>
      <UnitOfMeasurePrice>10</UnitOfMeasurePrice>
      <AllowDiscount>0</AllowDiscount>
      <itemStatus>1</itemStatus>
      <LastUpdateDate />
      <LastUpdateTime />
    </Product>
    <Product>
      <PriceUpdateDate>2019/01/03 10:24</PriceUpdateDate>
      <ItemCode>4009900512350</ItemCode>
      <ItemType>1</ItemType>
      <ItemName>מסטיק בטעם אבטיח בוקס פייב (69 גרם)</ItemName>
      <ManufactureName>מרס ריגלי ישראל בעמ</ManufactureName>
      <ManufactureCountry />
      <ManufactureItemDescription />
      <UnitQty>יח`</UnitQty>
      <Quantity>1</Quantity>
      <UnitMeasure />
      <BisWeighted>0</BisWeighted>
      <QtyInPackage>1</QtyInPackage>
      <ItemPrice>10.90</ItemPrice>
      <UnitOfMeasurePrice>10.90</UnitOfMeasurePrice>
      <AllowDiscount>1</AllowDiscount>
      <itemStatus>1</itemStatus>
      <LastUpdateDate />
      <LastUpdateTime />
    </Product>
    <Product>
      <PriceUpdateDate>2019/01/03 10:24</PriceUpdateDate>
      <ItemCode>4009900523288</ItemCode>
      <ItemType>1</ItemType>
      <ItemName>מסטיק בטעם תות בוקס פייב (69 גרם)</ItemName>
      <ManufactureName>מרס ריגלי ישראל בעמ</ManufactureName>
      <ManufactureCountry />
      <ManufactureItemDescription />
      <UnitQty>יח`</UnitQty>
      <Quantity>1</Quantity>
      <UnitMeasure />
      <BisWeighted>0</BisWeighted>
      <QtyInPackage>1</QtyInPackage>
      <ItemPrice>10.90</ItemPrice>
      <UnitOfMeasurePrice>10.90</UnitOfMeasurePrice>
      <AllowDiscount>1</AllowDiscount>
      <itemStatus>1</itemStatus>
      <LastUpdateDate />
      <LastUpdateTime />
    </Product>
    <Product>
      <PriceUpdateDate>2019/12/18 13:48</PriceUpdateDate>
      <ItemCode>4009900525138</ItemCode>
      <ItemType>1</ItemType>
      <ItemName>מסטיק אורביט וויט תות 64 גר`</ItemName>
      <ManufactureName>מרס ריגלי ישראל בעמ</ManufactureName>
      <ManufactureCountry />
      <ManufactureItemDescription />
      <UnitQty>יח`</UnitQty>
      <Quantity>1</Quantity>
      <UnitMeasure />
      <BisWeighted>0</BisWeighted>
      <QtyInPackage>1</QtyInPackage>
      <ItemPrice>10.90</ItemPrice>
      <UnitOfMeasurePrice>10.90</UnitOfMeasurePrice>
      <AllowDiscount>1</AllowDiscount>
      <itemStatus>1</itemStatus>
      <LastUpdateDate />
      <LastUpdateTime />
    </Product>
    <Product>
      <PriceUpdateDate>2019/01/16 15:22</PriceUpdateDate>
      <ItemCode>4009900531122</ItemCode>
      <ItemType>1</ItemType>
      <ItemName>מסטיק אורביט בקבוקון פרופשיונל ספירמינט</ItemName>
      <ManufactureName>מרס ריגלי ישראל בעמ</ManufactureName>
      <ManufactureCountry />
      <ManufactureItemDescription />
      <UnitQty>יח`</UnitQty>
      <Quantity>1</Quantity>
      <UnitMeasure />
      <BisWeighted>0</BisWeighted>
      <QtyInPackage>1</QtyInPackage>
      <ItemPrice>10.90</ItemPrice>
      <UnitOfMeasurePrice>10.90</UnitOfMeasurePrice>
      <AllowDiscount>1</AllowDiscount>
      <itemStatus>1</itemStatus>
      <LastUpdateDate />
      <LastUpdateTime />
    </Product>
    <Product>
      <PriceUpdateDate>2016/11/20 08:30</PriceUpdateDate>
      <ItemCode>4011100001220</ItemCode>
      <ItemType>1</ItemType>
      <ItemName>מרס חטיף שוקולד עם קרמל מארז 403 גרם</ItemName>
      <ManufactureName>מרס ריגלי ישראל בעמ</ManufactureName>
      <ManufactureCountry />
      <ManufactureItemDescription />
      <UnitQty>יח`</UnitQty>
      <Quantity>400</Quantity>
      <UnitMeasure>גרם</UnitMeasure>
      <BisWeighted>0</BisWeighted>
      <QtyInPackage>1</QtyInPackage>
      <ItemPrice>19.90</ItemPrice>
      <UnitOfMeasurePrice>4.98</UnitOfMeasurePrice>
      <AllowDiscount>0</AllowDiscount>
      <itemStatus>1</itemStatus>
      <LastUpdateDate />
      <LastUpdateTime />
    </Product>
    <Product>
      <PriceUpdateDate>2016/11/20 08:30</PriceUpdateDate>
      <ItemCode>4011100002227</ItemCode>
      <ItemType>1</ItemType>
      <ItemName>באונטי חטיף שוקולד קוקוס מארז 403 גרם</ItemName>
      <ManufactureName>מרס ריגלי ישראל בעמ</ManufactureName>
      <ManufactureCountry />
      <ManufactureItemDescription />
      <UnitQty>יח`</UnitQty>
      <Quantity>403</Quantity>
      <UnitMeasure>גרם</UnitMeasure>
      <BisWeighted>0</BisWeighted>
      <QtyInPackage>1</QtyInPackage>
      <ItemPrice>19.90</ItemPrice>
      <UnitOfMeasurePrice>4.94</UnitOfMeasurePrice>
      <AllowDiscount>0</AllowDiscount>
      <itemStatus>1</itemStatus>
      <LastUpdateDate />
      <LastUpdateTime />
    </Product>
    <Product>
      <PriceUpdateDate>2020/02/11 15:27</PriceUpdateDate>
      <ItemCode>4011800625511</ItemCode>
      <ItemType>1</ItemType>
      <ItemName>חטיף קורני ביג 50 גר`</ItemName>
      <ManufactureName>דנשר (1963) בעמ</ManufactureName>
      <ManufactureCountry />
      <ManufactureItemDescription />
      <UnitQty>יח`</UnitQty>
      <Quantity>50</Quantity>
      <UnitMeasure>גרם</UnitMeasure>
      <BisWeighted>0</BisWeighted>
      <QtyInPackage>1</QtyInPackage>
      <ItemPrice>2.50</ItemPrice>
      <UnitOfMeasurePrice>5</UnitOfMeasurePrice>
      <AllowDiscount>1</AllowDiscount>
      <itemStatus>1</itemStatus>
      <LastUpdateDate />
      <LastUpdateTime />
    </Product>
    <Product>
      <PriceUpdateDate>2018/02/13 08:33</PriceUpdateDate>
      <ItemCode>4011800628512</ItemCode>
      <ItemType>1</ItemType>
      <ItemName>חטיף קורני שישייה שוקולדה</ItemName>
      <ManufactureName>דנשר (1963) בעמ</ManufactureName>
      <ManufactureCountry />
      <ManufactureItemDescription />
      <UnitQty>יח`</UnitQty>
      <Quantity>150</Quantity>
      <UnitMeasure>גרם</UnitMeasure>
      <BisWeighted>0</BisWeighted>
      <QtyInPackage>1</QtyInPackage>
      <ItemPrice>11.90</ItemPrice>
      <UnitOfMeasurePrice>7.93</UnitOfMeasurePrice>
      <AllowDiscount>1</AllowDiscount>
      <itemStatus>1</itemStatus>
      <LastUpdateDate />
      <LastUpdateTime />
    </Product>
    <Product>
      <PriceUpdateDate>2018/02/13 08:33</PriceUpdateDate>
      <ItemCode>4011800630515</ItemCode>
      <ItemType>1</ItemType>
      <ItemName>חטיף קורני שישייה שוקולד חלבי ובננה</ItemName>
      <ManufactureName>דנשר (1963) בעמ</ManufactureName>
      <ManufactureCountry />
      <ManufactureItemDescription />
      <UnitQty>יח`</UnitQty>
      <Quantity>150</Quantity>
      <UnitMeasure>גרם</UnitMeasure>
      <BisWeighted>0</BisWeighted>
      <QtyInPackage>1</QtyInPackage>
      <ItemPrice>11.90</ItemPrice>
      <UnitOfMeasurePrice>7.93</UnitOfMeasurePrice>
      <AllowDiscount>1</AllowDiscount>
      <itemStatus>1</itemStatus>
      <LastUpdateDate />
      <LastUpdateTime />
    </Product>
    <Product>
      <PriceUpdateDate>2018/02/13 08:33</PriceUpdateDate>
      <ItemCode>4011800633516</ItemCode>
      <ItemType>1</ItemType>
      <ItemName>חטיף קורני שישייה שוקולד מריר</ItemName>
      <ManufactureName>דנשר (1963) בעמ</ManufactureName>
      <ManufactureCountry />
      <ManufactureItemDescription />
      <UnitQty>יח`</UnitQty>
      <Quantity>150</Quantity>
      <UnitMeasure>גרם</UnitMeasure>
      <BisWeighted>0</BisWeighted>
      <QtyInPackage>1</QtyInPackage>
      <ItemPrice>11.90</ItemPrice>
      <UnitOfMeasurePrice>7.93</UnitOfMeasurePrice>
      <AllowDiscount>1</AllowDiscount>
      <itemStatus>1</itemStatus>
      <LastUpdateDate />
      <LastUpdateTime />
    </Product>
    <Product>
      <PriceUpdateDate>2015/04/14 12:14</PriceUpdateDate>
      <ItemCode>4014400900217</ItemCode>
      <ItemType>1</ItemType>
      <ItemName>מרסי 400 גר`</ItemName>
      <ManufactureName>ליימן שליסל בעמ</ManufactureName>
      <ManufactureCountry />
      <ManufactureItemDescription />
      <UnitQty>יח`</UnitQty>
      <Quantity>400</Quantity>
      <UnitMeasure>גרם</UnitMeasure>
      <BisWeighted>0</BisWeighted>
      <QtyInPackage>1</QtyInPackage>
      <ItemPrice>50.90</ItemPrice>
      <UnitOfMeasurePrice>12.73</UnitOfMeasurePrice>
      <AllowDiscount>0</AllowDiscount>
      <itemStatus>1</itemStatus>
      <LastUpdateDate />
      <LastUpdateTime />
    </Product>
    <Product>
      <PriceUpdateDate>2015/04/12 12:29</PriceUpdateDate>
      <ItemCode>4014400901191</ItemCode>
      <ItemType>1</ItemType>
      <ItemName>מרסי 250 גר`</ItemName>
      <ManufactureName>ליימן שליסל בעמ</ManufactureName>
      <ManufactureCountry />
      <ManufactureItemDescription />
      <UnitQty>יח`</UnitQty>
      <Quantity>250</Quantity>
      <UnitMeasure>גרם</UnitMeasure>
      <BisWeighted>0</BisWeighted>
      <QtyInPackage>1</QtyInPackage>
      <ItemPrice>27.90</ItemPrice>
      <UnitOfMeasurePrice>11.16</UnitOfMeasurePrice>
      <AllowDiscount>0</AllowDiscount>
      <itemStatus>1</itemStatus>
      <LastUpdateDate />
      <LastUpdateTime />
    </Product>
    <Product>
      <PriceUpdateDate>2019/11/17 08:55</PriceUpdateDate>
      <ItemCode>4014400904277</ItemCode>
      <ItemType>1</ItemType>
      <ItemName>סוכריות אייס פרש שטורק (425 גרם)</ItemName>
      <ManufactureName>ליימן שליסל בעמ</ManufactureName>
      <ManufactureCountry />
      <ManufactureItemDescription />
      <UnitQty>יח`</UnitQty>
      <Quantity>425</Quantity>
      <UnitMeasure>גרם</UnitMeasure>
      <BisWeighted>0</BisWeighted>
      <QtyInPackage>1</QtyInPackage>
      <ItemPrice>14.90</ItemPrice>
      <UnitOfMeasurePrice>3.51</UnitOfMeasurePrice>
      <AllowDiscount>0</AllowDiscount>
      <itemStatus>1</itemStatus>
      <LastUpdateDate />
      <LastUpdateTime />
    </Product>
    <Product>
      <PriceUpdateDate>2019/11/17 08:55</PriceUpdateDate>
      <ItemCode>4014400904376</ItemCode>
      <ItemType>1</ItemType>
      <ItemName>סוכריות שטורק שוקולדן 325 גר`</ItemName>
      <ManufactureName>ליימן שליסל בעמ</ManufactureName>
      <ManufactureCountry />
      <ManufactureItemDescription />
      <UnitQty>יח`</UnitQty>
      <Quantity>325</Quantity>
      <UnitMeasure>גרם</UnitMeasure>
      <BisWeighted>0</BisWeighted>
      <QtyInPackage>1</QtyInPackage>
      <ItemPrice>14.90</ItemPrice>
      <UnitOfMeasurePrice>4.58</UnitOfMeasurePrice>
      <AllowDiscount>0</AllowDiscount>
      <itemStatus>1</itemStatus>
      <LastUpdateDate />
      <LastUpdateTime />
    </Product>
    <Product>
      <PriceUpdateDate>2019/11/17 08:55</PriceUpdateDate>
      <ItemCode>4014400904390</ItemCode>
      <ItemType>1</ItemType>
      <ItemName>סוכריות שטורק וולמיש 325 גר`</ItemName>
      <ManufactureName>ליימן שליסל בעמ</ManufactureName>
      <ManufactureCountry />
      <ManufactureItemDescription />
      <UnitQty>יח`</UnitQty>
      <Quantity>325</Quantity>
      <UnitMeasure>גרם</UnitMeasure>
      <BisWeighted>0</BisWeighted>
      <QtyInPackage>1</QtyInPackage>
      <ItemPrice>14.90</ItemPrice>
      <UnitOfMeasurePrice>4.58</UnitOfMeasurePrice>
      <AllowDiscount>0</AllowDiscount>
      <itemStatus>1</itemStatus>
      <LastUpdateDate />
      <LastUpdateTime />
    </Product>
    <Product>
      <PriceUpdateDate>2018/02/06 12:14</PriceUpdateDate>
      <ItemCode>4014400907902</ItemCode>
      <ItemType>1</ItemType>
      <ItemName>וורטר ללא סוכר בקופסא 42 גרם</ItemName>
      <ManufactureName>ליימן שליסל בעמ</ManufactureName>
      <ManufactureCountry />
      <ManufactureItemDescription />
      <UnitQty>יח`</UnitQty>
      <Quantity>42</Quantity>
      <UnitMeasure>גרם</UnitMeasure>
      <BisWeighted>0</BisWeighted>
      <QtyInPackage>1</QtyInPackage>
      <ItemPrice>7.90</ItemPrice>
      <UnitOfMeasurePrice>18.81</UnitOfMeasurePrice>
      <AllowDiscount>0</AllowDiscount>
      <itemStatus>1</itemStatus>
      <LastUpdateDate />
      <LastUpdateTime />
    </Product>
    <Product>
      <PriceUpdateDate>2019/06/30 11:17</PriceUpdateDate>
      <ItemCode>4014400909937</ItemCode>
      <ItemType>1</ItemType>
      <ItemName>סוכריות טופי וורטרס אורגינל (135 גרם)</ItemName>
      <ManufactureName>ליימן שליסל בעמ</ManufactureName>
      <ManufactureCountry />
      <ManufactureItemDescription />
      <UnitQty>יח`</UnitQty>
      <Quantity>135</Quantity>
      <UnitMeasure>גרם</UnitMeasure>
      <BisWeighted>0</BisWeighted>
      <QtyInPackage>1</QtyInPackage>
      <ItemPrice>8.90</ItemPrice>
      <UnitOfMeasurePrice>6.59</UnitOfMeasurePrice>
      <AllowDiscount>0</AllowDiscount>
      <itemStatus>1</itemStatus>
      <LastUpdateDate />
      <LastUpdateTime />
    </Product>
    <Product>
      <PriceUpdateDate>2019/06/30 11:17</PriceUpdateDate>
      <ItemCode>4014400910063</ItemCode>
      <ItemType>1</ItemType>
      <ItemName>סוכריות חמאה וורטרס אורגינל (135 גרם)</ItemName>
      <ManufactureName>ליימן שליסל בעמ</ManufactureName>
      <ManufactureCountry />
      <ManufactureItemDescription />
      <UnitQty>יח`</UnitQty>
      <Quantity>135</Quantity>
      <UnitMeasure>גרם</UnitMeasure>
      <BisWeighted>0</BisWeighted>
      <QtyInPackage>1</QtyInPackage>
      <ItemPrice>8.90</ItemPrice>
      <UnitOfMeasurePrice>6.59</UnitOfMeasurePrice>
      <AllowDiscount>0</AllowDiscount>
      <itemStatus>1</itemStatus>
      <LastUpdateDate />
      <LastUpdateTime />
    </Product>
    <Product>
      <PriceUpdateDate>2019/06/30 11:17</PriceUpdateDate>
      <ItemCode>4014400914696</ItemCode>
      <ItemType>1</ItemType>
      <ItemName>וורטר שקית חמאה ללא סוכר 80 גר`</ItemName>
      <ManufactureName>ליימן שליסל בעמ</ManufactureName>
      <ManufactureCountry />
      <ManufactureItemDescription />
      <UnitQty>יח`</UnitQty>
      <Quantity>80</Quantity>
      <UnitMeasure>גרם</UnitMeasure>
      <BisWeighted>0</BisWeighted>
      <QtyInPackage>1</QtyInPackage>
      <ItemPrice>8.90</ItemPrice>
      <UnitOfMeasurePrice>11.13</UnitOfMeasurePrice>
      <AllowDiscount>0</AllowDiscount>
      <itemStatus>1</itemStatus>
      <LastUpdateDate />
      <LastUpdateTime />
    </Product>
    <Product>
      <PriceUpdateDate>2019/06/30 11:17</PriceUpdateDate>
      <ItemCode>4014400914924</ItemCode>
      <ItemType>1</ItemType>
      <ItemName>וורטר ללא סוכר קפה 80 גר`</ItemName>
      <ManufactureName>ליימן שליסל בעמ</ManufactureName>
      <ManufactureCountry />
      <ManufactureItemDescription />
      <UnitQty>יח`</UnitQty>
      <Quantity>80</Quantity>
      <UnitMeasure>גרם</UnitMeasure>
      <BisWeighted>0</BisWeighted>
      <QtyInPackage>1</QtyInPackage>
      <ItemPrice>8.90</ItemPrice>
      <UnitOfMeasurePrice>11.13</UnitOfMeasurePrice>
      <AllowDiscount>0</AllowDiscount>
      <itemStatus>1</itemStatus>
      <LastUpdateDate />
      <LastUpdateTime />
    </Product>
    <Product>
      <PriceUpdateDate>2017/02/20 08:40</PriceUpdateDate>
      <ItemCode>4014400923711</ItemCode>
      <ItemType>1</ItemType>
      <ItemName>חטיפי שוקולד טופיפי (125 גרם)</ItemName>
      <ManufactureName>ליימן שליסל בעמ</ManufactureName>
      <ManufactureCountry />
      <ManufactureItemDescription />
      <UnitQty>יח`</UnitQty>
      <Quantity>125</Quantity>
      <UnitMeasure>גרם</UnitMeasure>
      <BisWeighted>0</BisWeighted>
      <QtyInPackage>1</QtyInPackage>
      <ItemPrice>12.90</ItemPrice>
      <UnitOfMeasurePrice>10.32</UnitOfMeasurePrice>
      <AllowDiscount>0</AllowDiscount>
      <itemStatus>1</itemStatus>
      <LastUpdateDate />
      <LastUpdateTime />
    </Product>
    <Product>
      <PriceUpdateDate>2016/02/04 17:02</PriceUpdateDate>
      <ItemCode>4015000031394</ItemCode>
      <ItemType>1</ItemType>
      <ItemName>ספטיל 200 מל מסיר כתמים</ItemName>
      <ManufactureName>גורי שיווק בעמ</ManufactureName>
      <ManufactureCountry />
      <ManufactureItemDescription />
      <UnitQty>יח`</UnitQty>
      <Quantity>200</Quantity>
      <UnitMeasure>גרם</UnitMeasure>
      <BisWeighted>0</BisWeighted>
      <QtyInPackage>1</QtyInPackage>
      <ItemPrice>15.90</ItemPrice>
      <UnitOfMeasurePrice>7.95</UnitOfMeasurePrice>
      <AllowDiscount>0</AllowDiscount>
      <itemStatus>1</itemStatus>
      <LastUpdateDate />
      <LastUpdateTime />
    </Product>
    <Product>
      <PriceUpdateDate>2015/01/18 14:20</PriceUpdateDate>
      <ItemCode>4015400269762</ItemCode>
      <ItemType>1</ItemType>
      <ItemName>טמפונים פרל רגולר טמפקס) (20</ItemName>
      <ManufactureName>דיפלומט מפיצים (1968) בעמ</ManufactureName>
      <ManufactureCountry />
      <ManufactureItemDescription />
      <UnitQty>יח`</UnitQty>
      <Quantity>1</Quantity>
      <UnitMeasure />
      <BisWeighted>0</BisWeighted>
      <QtyInPackage>1</QtyInPackage>
      <ItemPrice>29.90</ItemPrice>
      <UnitOfMeasurePrice>29.90</UnitOfMeasurePrice>
      <AllowDiscount>0</AllowDiscount>
      <itemStatus>1</itemStatus>
      <LastUpdateDate />
      <LastUpdateTime />
    </Product>
    <Product>
      <PriceUpdateDate>2016/10/19 10:09</PriceUpdateDate>
      <ItemCode>4015400564034</ItemCode>
      <ItemType>1</ItemType>
      <ItemName>מגן תחתון אולווייז מגה פק לונג פלוס 58 י</ItemName>
      <ManufactureName>דיפלומט מפיצים (1968) בעמ</ManufactureName>
      <ManufactureCountry />
      <ManufactureItemDescription />
      <UnitQty>יח`</UnitQty>
      <Quantity>1</Quantity>
      <UnitMeasure />
      <BisWeighted>0</BisWeighted>
      <QtyInPackage>1</QtyInPackage>
      <ItemPrice>26.90</ItemPrice>
      <UnitOfMeasurePrice>26.90</UnitOfMeasurePrice>
      <AllowDiscount>1</AllowDiscount>
      <itemStatus>1</itemStatus>
      <LastUpdateDate />
      <LastUpdateTime />
    </Product>
    <Product>
      <PriceUpdateDate>2016/10/19 10:09</PriceUpdateDate>
      <ItemCode>4015400564454</ItemCode>
      <ItemType>1</ItemType>
      <ItemName>מגן תחתון אולוויז מגה פק לארג` 8 יח</ItemName>
      <ManufactureName>דיפלומט מפיצים (1968) בעמ</ManufactureName>
      <ManufactureCountry />
      <ManufactureItemDescription />
      <UnitQty>יח`</UnitQty>
      <Quantity>1</Quantity>
      <UnitMeasure />
      <BisWeighted>0</BisWeighted>
      <QtyInPackage>1</QtyInPackage>
      <ItemPrice>26.90</ItemPrice>
      <UnitOfMeasurePrice>26.90</UnitOfMeasurePrice>
      <AllowDiscount>1</AllowDiscount>
      <itemStatus>1</itemStatus>
      <LastUpdateDate />
      <LastUpdateTime />
    </Product>
    <Product>
      <PriceUpdateDate>2020/03/09 11:59</PriceUpdateDate>
      <ItemCode>4015400649687</ItemCode>
      <ItemType>1</ItemType>
      <ItemName>חיתולי אקטיב בייבי דריי שלב 3 פמפרס (54)</ItemName>
      <ManufactureName>דיפלומט מפיצים (1968) בעמ</ManufactureName>
      <ManufactureCountry />
      <ManufactureItemDescription />
      <UnitQty>יח`</UnitQty>
      <Quantity>1</Quantity>
      <UnitMeasure />
      <BisWeighted>0</BisWeighted>
      <QtyInPackage>1</QtyInPackage>
      <ItemPrice>29.90</ItemPrice>
      <UnitOfMeasurePrice>29.90</UnitOfMeasurePrice>
      <AllowDiscount>1</AllowDiscount>
      <itemStatus>1</itemStatus>
      <LastUpdateDate />
      <LastUpdateTime />
    </Product>
    <Product>
      <PriceUpdateDate>2015/08/13 08:38</PriceUpdateDate>
      <ItemCode>4015400681670</ItemCode>
      <ItemType>1</ItemType>
      <ItemName>תחבושות לילה בטוח אולווייז (18)</ItemName>
      <ManufactureName>דיפלומט מפיצים (1968) בעמ</ManufactureName>
      <ManufactureCountry />
      <ManufactureItemDescription />
      <UnitQty>יח`</UnitQty>
      <Quantity>1</Quantity>
      <UnitMeasure />
      <BisWeighted>0</BisWeighted>
      <QtyInPackage>1</QtyInPackage>
      <ItemPrice>19.90</ItemPrice>
      <UnitOfMeasurePrice>19.90</UnitOfMeasurePrice>
      <AllowDiscount>1</AllowDiscount>
      <itemStatus>1</itemStatus>
      <LastUpdateDate />
      <LastUpdateTime />
    </Product>
    <Product>
      <PriceUpdateDate>2017/06/01 08:44</PriceUpdateDate>
      <ItemCode>4015400690405</ItemCode>
      <ItemType>1</ItemType>
      <ItemName>טמפקס קומפאק פרל סופר 18 יח</ItemName>
      <ManufactureName>דיפלומט מפיצים (1968) בעמ</ManufactureName>
      <ManufactureCountry />
      <ManufactureItemDescription />
      <UnitQty>יח`</UnitQty>
      <Quantity>1</Quantity>
      <UnitMeasure />
      <BisWeighted>0</BisWeighted>
      <QtyInPackage>1</QtyInPackage>
      <ItemPrice>21.90</ItemPrice>
      <UnitOfMeasurePrice>21.90</UnitOfMeasurePrice>
      <AllowDiscount>1</AllowDiscount>
      <itemStatus>1</itemStatus>
      <LastUpdateDate />
      <LastUpdateTime />
    </Product>
    <Product>
      <PriceUpdateDate>2017/06/01 08:44</PriceUpdateDate>
      <ItemCode>4015400690498</ItemCode>
      <ItemType>1</ItemType>
      <ItemName>טמפקס קומפאק פרל סופר פלוס 18 יח</ItemName>
      <ManufactureName>דיפלומט מפיצים (1968) בעמ</ManufactureName>
      <ManufactureCountry />
      <ManufactureItemDescription />
      <UnitQty>יח`</UnitQty>
      <Quantity>1</Quantity>
      <UnitMeasure />
      <BisWeighted>0</BisWeighted>
      <QtyInPackage>1</QtyInPackage>
      <ItemPrice>21.90</ItemPrice>
      <UnitOfMeasurePrice>21.90</UnitOfMeasurePrice>
      <AllowDiscount>1</AllowDiscount>
      <itemStatus>1</itemStatus>
      <LastUpdateDate />
      <LastUpdateTime />
    </Product>
    <Product>
      <PriceUpdateDate>2016/08/07 12:41</PriceUpdateDate>
      <ItemCode>4015400731719</ItemCode>
      <ItemType>1</ItemType>
      <ItemName>תחבושות לילה וליו פק אולווייז (20)</ItemName>
      <ManufactureName>דיפלומט מפיצים (1968) בעמ</ManufactureName>
      <ManufactureCountry />
      <ManufactureItemDescription />
      <UnitQty>יח`</UnitQty>
      <Quantity>1</Quantity>
      <UnitMeasure />
      <BisWeighted>0</BisWeighted>
      <QtyInPackage>1</QtyInPackage>
      <ItemPrice>19.90</ItemPrice>
      <UnitOfMeasurePrice>19.90</UnitOfMeasurePrice>
      <AllowDiscount>1</AllowDiscount>
      <itemStatus>1</itemStatus>
      <LastUpdateDate />
      <LastUpdateTime />
    </Product>
    <Product>
      <PriceUpdateDate>2016/10/19 10:09</PriceUpdateDate>
      <ItemCode>4015400746812</ItemCode>
      <ItemType>1</ItemType>
      <ItemName>מגן תחתון אולווייז מגה פק נורמל 80 יח`</ItemName>
      <ManufactureName>דיפלומט מפיצים (1968) בעמ</ManufactureName>
      <ManufactureCountry />
      <ManufactureItemDescription />
      <UnitQty>יח`</UnitQty>
      <Quantity>1</Quantity>
      <UnitMeasure />
      <BisWeighted>0</BisWeighted>
      <QtyInPackage>1</QtyInPackage>
      <ItemPrice>26.90</ItemPrice>
      <UnitOfMeasurePrice>26.90</UnitOfMeasurePrice>
      <AllowDiscount>1</AllowDiscount>
      <itemStatus>1</itemStatus>
      <LastUpdateDate />
      <LastUpdateTime />
    </Product>
    <Product>
      <PriceUpdateDate>2016/08/07 13:36</PriceUpdateDate>
      <ItemCode>4015400755241</ItemCode>
      <ItemType>1</ItemType>
      <ItemName>תחבושות אולוויז וליו פק נורמל פלוס 28 יח</ItemName>
      <ManufactureName>דיפלומט מפיצים (1968) בעמ</ManufactureName>
      <ManufactureCountry />
      <ManufactureItemDescription />
      <UnitQty>יח`</UnitQty>
      <Quantity>1</Quantity>
      <UnitMeasure />
      <BisWeighted>0</BisWeighted>
      <QtyInPackage>1</QtyInPackage>
      <ItemPrice>19.90</ItemPrice>
      <UnitOfMeasurePrice>19.90</UnitOfMeasurePrice>
      <AllowDiscount>1</AllowDiscount>
      <itemStatus>1</itemStatus>
      <LastUpdateDate />
      <LastUpdateTime />
    </Product>
    <Product>
      <PriceUpdateDate>2016/08/07 13:36</PriceUpdateDate>
      <ItemCode>4015400755487</ItemCode>
      <ItemType>1</ItemType>
      <ItemName>תחבושות אולטרה לונג פלוס אולווייז (24)</ItemName>
      <ManufactureName>דיפלומט מפיצים (1968) בעמ</ManufactureName>
      <ManufactureCountry />
      <ManufactureItemDescription />
      <UnitQty>יח`</UnitQty>
      <Quantity>1</Quantity>
      <UnitMeasure />
      <BisWeighted>0</BisWeighted>
      <QtyInPackage>1</QtyInPackage>
      <ItemPrice>19.90</ItemPrice>
      <UnitOfMeasurePrice>19.90</UnitOfMeasurePrice>
      <AllowDiscount>1</AllowDiscount>
      <itemStatus>1</itemStatus>
      <LastUpdateDate />
      <LastUpdateTime />
    </Product>
    <Product>
      <PriceUpdateDate>2015/01/18 14:20</PriceUpdateDate>
      <ItemCode>4015400824749</ItemCode>
      <ItemType>1</ItemType>
      <ItemName>טמפונים סופר פלוס עם מוליך טמפקס) (30</ItemName>
      <ManufactureName>דיפלומט מפיצים (1968) בעמ</ManufactureName>
      <ManufactureCountry />
      <ManufactureItemDescription />
      <UnitQty>יח`</UnitQty>
      <Quantity>1</Quantity>
      <UnitMeasure />
      <BisWeighted>0</BisWeighted>
      <QtyInPackage>1</QtyInPackage>
      <ItemPrice>34.90</ItemPrice>
      <UnitOfMeasurePrice>34.90</UnitOfMeasurePrice>
      <AllowDiscount>0</AllowDiscount>
      <itemStatus>1</itemStatus>
      <LastUpdateDate />
      <LastUpdateTime />
    </Product>
    <Product>
      <PriceUpdateDate>2020/03/11 12:01</PriceUpdateDate>
      <ItemCode>4015400990543</ItemCode>
      <ItemType>1</ItemType>
      <ItemName>אבקת כביסה אריאל קולור 8 קג</ItemName>
      <ManufactureName>דיפלומט מפיצים (1968) בעמ</ManufactureName>
      <ManufactureCountry />
      <ManufactureItemDescription />
      <UnitQty>יח`</UnitQty>
      <Quantity>8</Quantity>
      <UnitMeasure>ק"ג</UnitMeasure>
      <BisWeighted>0</BisWeighted>
      <QtyInPackage>1</QtyInPackage>
      <ItemPrice>54.90</ItemPrice>
      <UnitOfMeasurePrice>6.86</UnitOfMeasurePrice>
      <AllowDiscount>0</AllowDiscount>
      <itemStatus>1</itemStatus>
      <LastUpdateDate />
      <LastUpdateTime />
    </Product>
    <Product>
      <PriceUpdateDate>2020/02/16 09:36</PriceUpdateDate>
      <ItemCode>4015600762742</ItemCode>
      <ItemType>1</ItemType>
      <ItemName>הד אנד שולדרס שמפו 500 מל כחול</ItemName>
      <ManufactureName>דיפלומט מפיצים (1968) בעמ</ManufactureName>
      <ManufactureCountry />
      <ManufactureItemDescription />
      <UnitQty>יח`</UnitQty>
      <Quantity>500</Quantity>
      <UnitMeasure>מ"ל</UnitMeasure>
      <BisWeighted>0</BisWeighted>
      <QtyInPackage>1</QtyInPackage>
      <ItemPrice>20.90</ItemPrice>
      <UnitOfMeasurePrice>4.18</UnitOfMeasurePrice>
      <AllowDiscount>1</AllowDiscount>
      <itemStatus>1</itemStatus>
      <LastUpdateDate />
      <LastUpdateTime />
    </Product>
    <Product>
      <PriceUpdateDate>2020/02/16 09:36</PriceUpdateDate>
      <ItemCode>4015600762780</ItemCode>
      <ItemType>1</ItemType>
      <ItemName>הד אנד שולדרס שמפו 500 מל</ItemName>
      <ManufactureName>דיפלומט מפיצים (1968) בעמ</ManufactureName>
      <ManufactureCountry />
      <ManufactureItemDescription />
      <UnitQty>יח`</UnitQty>
      <Quantity>500</Quantity>
      <UnitMeasure>מ"ל</UnitMeasure>
      <BisWeighted>0</BisWeighted>
      <QtyInPackage>1</QtyInPackage>
      <ItemPrice>20.90</ItemPrice>
      <UnitOfMeasurePrice>4.18</UnitOfMeasurePrice>
      <AllowDiscount>1</AllowDiscount>
      <itemStatus>1</itemStatus>
      <LastUpdateDate />
      <LastUpdateTime />
    </Product>
    <Product>
      <PriceUpdateDate>2020/02/16 09:36</PriceUpdateDate>
      <ItemCode>4015600762902</ItemCode>
      <ItemType>1</ItemType>
      <ItemName>הד אנד שולדרס שמפו 500 מל נענע</ItemName>
      <ManufactureName>דיפלומט מפיצים (1968) בעמ</ManufactureName>
      <ManufactureCountry />
      <ManufactureItemDescription />
      <UnitQty>יח`</UnitQty>
      <Quantity>500</Quantity>
      <UnitMeasure>מ"ל</UnitMeasure>
      <BisWeighted>0</BisWeighted>
      <QtyInPackage>1</QtyInPackage>
      <ItemPrice>20.90</ItemPrice>
      <UnitOfMeasurePrice>4.18</UnitOfMeasurePrice>
      <AllowDiscount>1</AllowDiscount>
      <itemStatus>1</itemStatus>
      <LastUpdateDate />
      <LastUpdateTime />
    </Product>
    <Product>
      <PriceUpdateDate>2020/02/16 09:36</PriceUpdateDate>
      <ItemCode>4015600763022</ItemCode>
      <ItemType>1</ItemType>
      <ItemName>הד אנד שולדרס שמפו 500 מל ורוד</ItemName>
      <ManufactureName>דיפלומט מפיצים (1968) בעמ</ManufactureName>
      <ManufactureCountry />
      <ManufactureItemDescription />
      <UnitQty>יח`</UnitQty>
      <Quantity>500</Quantity>
      <UnitMeasure>מ"ל</UnitMeasure>
      <BisWeighted>0</BisWeighted>
      <QtyInPackage>1</QtyInPackage>
      <ItemPrice>20.90</ItemPrice>
      <UnitOfMeasurePrice>4.18</UnitOfMeasurePrice>
      <AllowDiscount>1</AllowDiscount>
      <itemStatus>1</itemStatus>
      <LastUpdateDate />
      <LastUpdateTime />
    </Product>
    <Product>
      <PriceUpdateDate>2015/12/01 09:42</PriceUpdateDate>
      <ItemCode>4017100198151</ItemCode>
      <ItemType>1</ItemType>
      <ItemName>היט עוגיות וניל באלזן (220 גרם)</ItemName>
      <ManufactureName>ליימן שליסל בעמ</ManufactureName>
      <ManufactureCountry />
      <ManufactureItemDescription />
      <UnitQty>יח`</UnitQty>
      <Quantity>220</Quantity>
      <UnitMeasure>גרם</UnitMeasure>
      <BisWeighted>0</BisWeighted>
      <QtyInPackage>1</QtyInPackage>
      <ItemPrice>9.90</ItemPrice>
      <UnitOfMeasurePrice>4.50</UnitOfMeasurePrice>
      <AllowDiscount>1</AllowDiscount>
      <itemStatus>1</itemStatus>
      <LastUpdateDate />
      <LastUpdateTime />
    </Product>
    <Product>
      <PriceUpdateDate>2015/07/07 11:54</PriceUpdateDate>
      <ItemCode>4017100210105</ItemCode>
      <ItemType>1</ItemType>
      <ItemName>וופלטן מריר 100 גר בלזן</ItemName>
      <ManufactureName>ליימן שליסל בעמ</ManufactureName>
      <ManufactureCountry />
      <ManufactureItemDescription />
      <UnitQty>יח`</UnitQty>
      <Quantity>100</Quantity>
      <UnitMeasure>גרם</UnitMeasure>
      <BisWeighted>0</BisWeighted>
      <QtyInPackage>1</QtyInPackage>
      <ItemPrice>12.90</ItemPrice>
      <UnitOfMeasurePrice>12.90</UnitOfMeasurePrice>
      <AllowDiscount>0</AllowDiscount>
      <itemStatus>1</itemStatus>
      <LastUpdateDate />
      <LastUpdateTime />
    </Product>
    <Product>
      <PriceUpdateDate>2015/04/20 08:23</PriceUpdateDate>
      <ItemCode>4017100364112</ItemCode>
      <ItemType>1</ItemType>
      <ItemName>היט עוגיות סנדוויץ` שוקו באלזן (220 גרם)</ItemName>
      <ManufactureName>ליימן שליסל בעמ</ManufactureName>
      <ManufactureCountry />
      <ManufactureItemDescription />
      <UnitQty>יח`</UnitQty>
      <Quantity>220</Quantity>
      <UnitMeasure>גרם</UnitMeasure>
      <BisWeighted>0</BisWeighted>
      <QtyInPackage>1</QtyInPackage>
      <ItemPrice>9.90</ItemPrice>
      <UnitOfMeasurePrice>4.50</UnitOfMeasurePrice>
      <AllowDiscount>1</AllowDiscount>
      <itemStatus>1</itemStatus>
      <LastUpdateDate />
      <LastUpdateTime />
    </Product>
    <Product>
      <PriceUpdateDate>2019/01/07 17:35</PriceUpdateDate>
      <ItemCode>4022025001905</ItemCode>
      <ItemType>1</ItemType>
      <ItemName>בלו ווין מבעבע זהב 750 מל כשר</ItemName>
      <ManufactureName>היכל היין שקד גולן בעמ</ManufactureName>
      <ManufactureCountry />
      <ManufactureItemDescription />
      <UnitQty>יח`</UnitQty>
      <Quantity>750</Quantity>
      <UnitMeasure>מ"ל</UnitMeasure>
      <BisWeighted>0</BisWeighted>
      <QtyInPackage>1</QtyInPackage>
      <ItemPrice>54.90</ItemPrice>
      <UnitOfMeasurePrice>7.28</UnitOfMeasurePrice>
      <AllowDiscount>1</AllowDiscount>
      <itemStatus>1</itemStatus>
      <LastUpdateDate />
      <LastUpdateTime />
    </Product>
    <Product>
      <PriceUpdateDate>2019/08/26 16:41</PriceUpdateDate>
      <ItemCode>4022025002100</ItemCode>
      <ItemType>1</ItemType>
      <ItemName>בלו ווין מבעבע רוזה K24 750 מל כשר</ItemName>
      <ManufactureName>היכל היין שקד גולן בעמ</ManufactureName>
      <ManufactureCountry />
      <ManufactureItemDescription />
      <UnitQty>יח`</UnitQty>
      <Quantity>750</Quantity>
      <UnitMeasure>מ"ל</UnitMeasure>
      <BisWeighted>0</BisWeighted>
      <QtyInPackage>1</QtyInPackage>
      <ItemPrice>54.90</ItemPrice>
      <UnitOfMeasurePrice>7.28</UnitOfMeasurePrice>
      <AllowDiscount>0</AllowDiscount>
      <itemStatus>1</itemStatus>
      <LastUpdateDate />
      <LastUpdateTime />
    </Product>
    <Product>
      <PriceUpdateDate>2015/04/20 08:24</PriceUpdateDate>
      <ItemCode>4023800012109</ItemCode>
      <ItemType>1</ItemType>
      <ItemName>מרציפן מצופה 100 גר`כ.לפסח</ItemName>
      <ManufactureName>שוקוטרייד בעמ</ManufactureName>
      <ManufactureCountry />
      <ManufactureItemDescription />
      <UnitQty>יח`</UnitQty>
      <Quantity>100</Quantity>
      <UnitMeasure>גרם</UnitMeasure>
      <BisWeighted>0</BisWeighted>
      <QtyInPackage>1</QtyInPackage>
      <ItemPrice>7.90</ItemPrice>
      <UnitOfMeasurePrice>7.90</UnitOfMeasurePrice>
      <AllowDiscount>0</AllowDiscount>
      <itemStatus>1</itemStatus>
      <LastUpdateDate />
      <LastUpdateTime />
    </Product>
    <Product>
      <PriceUpdateDate>2019/11/28 09:52</PriceUpdateDate>
      <ItemCode>4032900125152</ItemCode>
      <ItemType>1</ItemType>
      <ItemName>ל.ד סלימס פאקט) (8</ItemName>
      <ManufactureName>גלוברנדס בעמ - שיווק סיגריות</ManufactureName>
      <ManufactureCountry />
      <ManufactureItemDescription />
      <UnitQty>יח`</UnitQty>
      <Quantity>1</Quantity>
      <UnitMeasure />
      <BisWeighted>0</BisWeighted>
      <QtyInPackage>1</QtyInPackage>
      <ItemPrice>200</ItemPrice>
      <UnitOfMeasurePrice>200</UnitOfMeasurePrice>
      <AllowDiscount>0</AllowDiscount>
      <itemStatus>1</itemStatus>
      <LastUpdateDate />
      <LastUpdateTime />
    </Product>
    <Product>
      <PriceUpdateDate>2019/11/28 10:10</PriceUpdateDate>
      <ItemCode>4033100013348</ItemCode>
      <ItemType>1</ItemType>
      <ItemName>ל.ד כחול בודד</ItemName>
      <ManufactureName>גלוברנדס בעמ - שיווק סיגריות</ManufactureName>
      <ManufactureCountry />
      <ManufactureItemDescription />
      <UnitQty>יח`</UnitQty>
      <Quantity>1</Quantity>
      <UnitMeasure />
      <BisWeighted>0</BisWeighted>
      <QtyInPackage>1</QtyInPackage>
      <ItemPrice>25</ItemPrice>
      <UnitOfMeasurePrice>25</UnitOfMeasurePrice>
      <AllowDiscount>0</AllowDiscount>
      <itemStatus>1</itemStatus>
      <LastUpdateDate />
      <LastUpdateTime />
    </Product>
    <Product>
      <PriceUpdateDate>2015/07/14 09:12</PriceUpdateDate>
      <ItemCode>4033100013355</ItemCode>
      <ItemType>1</ItemType>
      <ItemName>פאקט ל.ד 100</ItemName>
      <ManufactureName>גלוברנדס בעמ - שיווק סיגריות</ManufactureName>
      <ManufactureCountry />
      <ManufactureItemDescription />
      <UnitQty>יח`</UnitQty>
      <Quantity>1</Quantity>
      <UnitMeasure />
      <BisWeighted>0</BisWeighted>
      <QtyInPackage>1</QtyInPackage>
      <ItemPrice>245</ItemPrice>
      <UnitOfMeasurePrice>245</UnitOfMeasurePrice>
      <AllowDiscount>0</AllowDiscount>
      <itemStatus>1</itemStatus>
      <LastUpdateDate />
      <LastUpdateTime />
    </Product>
    <Product>
      <PriceUpdateDate>2019/11/28 10:10</PriceUpdateDate>
      <ItemCode>4033100014468</ItemCode>
      <ItemType>1</ItemType>
      <ItemName>ל.ד אדום בודד</ItemName>
      <ManufactureName>גלוברנדס בעמ - שיווק סיגריות</ManufactureName>
      <ManufactureCountry />
      <ManufactureItemDescription />
      <UnitQty>יח`</UnitQty>
      <Quantity>1</Quantity>
      <UnitMeasure />
      <BisWeighted>0</BisWeighted>
      <QtyInPackage>1</QtyInPackage>
      <ItemPrice>25</ItemPrice>
      <UnitOfMeasurePrice>25</UnitOfMeasurePrice>
      <AllowDiscount>0</AllowDiscount>
      <itemStatus>1</itemStatus>
      <LastUpdateDate />
      <LastUpdateTime />
    </Product>
    <Product>
      <PriceUpdateDate>2019/11/28 10:10</PriceUpdateDate>
      <ItemCode>4033100014499</ItemCode>
      <ItemType>1</ItemType>
      <ItemName>ל.ד כחול סודד</ItemName>
      <ManufactureName>גלוברנדס בעמ - שיווק סיגריות</ManufactureName>
      <ManufactureCountry />
      <ManufactureItemDescription />
      <UnitQty>יח`</UnitQty>
      <Quantity>1</Quantity>
      <UnitMeasure />
      <BisWeighted>0</BisWeighted>
      <QtyInPackage>1</QtyInPackage>
      <ItemPrice>25</ItemPrice>
      <UnitOfMeasurePrice>25</UnitOfMeasurePrice>
      <AllowDiscount>0</AllowDiscount>
      <itemStatus>1</itemStatus>
      <LastUpdateDate />
      <LastUpdateTime />
    </Product>
    <Product>
      <PriceUpdateDate>2015/07/14 09:12</PriceUpdateDate>
      <ItemCode>4033100014505</ItemCode>
      <ItemType>1</ItemType>
      <ItemName>פאקט ל.ד כחול</ItemName>
      <ManufactureName>גלוברנדס בעמ - שיווק סיגריות</ManufactureName>
      <ManufactureCountry />
      <ManufactureItemDescription />
      <UnitQty>יח`</UnitQty>
      <Quantity>1</Quantity>
      <UnitMeasure />
      <BisWeighted>0</BisWeighted>
      <QtyInPackage>1</QtyInPackage>
      <ItemPrice>245</ItemPrice>
      <UnitOfMeasurePrice>245</UnitOfMeasurePrice>
      <AllowDiscount>0</AllowDiscount>
      <itemStatus>1</itemStatus>
      <LastUpdateDate />
      <LastUpdateTime />
    </Product>
    <Product>
      <PriceUpdateDate>2019/11/28 10:10</PriceUpdateDate>
      <ItemCode>4033100014529</ItemCode>
      <ItemType>1</ItemType>
      <ItemName>ל.ד סלימס בודד</ItemName>
      <ManufactureName>גלוברנדס בעמ - שיווק סיגריות</ManufactureName>
      <ManufactureCountry />
      <ManufactureItemDescription />
      <UnitQty>יח`</UnitQty>
      <Quantity>1</Quantity>
      <UnitMeasure />
      <BisWeighted>0</BisWeighted>
      <QtyInPackage>1</QtyInPackage>
      <ItemPrice>25</ItemPrice>
      <UnitOfMeasurePrice>25</UnitOfMeasurePrice>
      <AllowDiscount>0</AllowDiscount>
      <itemStatus>1</itemStatus>
      <LastUpdateDate />
      <LastUpdateTime />
    </Product>
    <Product>
      <PriceUpdateDate>2018/12/04 07:21</PriceUpdateDate>
      <ItemCode>4033100024146</ItemCode>
      <ItemType>1</ItemType>
      <ItemName>סיגריות ווינסטון בודד</ItemName>
      <ManufactureName>גלוברנדס בעמ - שיווק סיגריות</ManufactureName>
      <ManufactureCountry />
      <ManufactureItemDescription />
      <UnitQty>יח`</UnitQty>
      <Quantity>1</Quantity>
      <UnitMeasure />
      <BisWeighted>0</BisWeighted>
      <QtyInPackage>1</QtyInPackage>
      <ItemPrice>30.50</ItemPrice>
      <UnitOfMeasurePrice>30.50</UnitOfMeasurePrice>
      <AllowDiscount>0</AllowDiscount>
      <itemStatus>1</itemStatus>
      <LastUpdateDate />
      <LastUpdateTime />
    </Product>
    <Product>
      <PriceUpdateDate>2018/12/04 07:21</PriceUpdateDate>
      <ItemCode>4033100024252</ItemCode>
      <ItemType>1</ItemType>
      <ItemName>סיגריות ווינסטון בודד</ItemName>
      <ManufactureName>גלוברנדס בעמ - שיווק סיגריות</ManufactureName>
      <ManufactureCountry />
      <ManufactureItemDescription />
      <UnitQty>יח`</UnitQty>
      <Quantity>1</Quantity>
      <UnitMeasure />
      <BisWeighted>0</BisWeighted>
      <QtyInPackage>1</QtyInPackage>
      <ItemPrice>30.50</ItemPrice>
      <UnitOfMeasurePrice>30.50</UnitOfMeasurePrice>
      <AllowDiscount>0</AllowDiscount>
      <itemStatus>1</itemStatus>
      <LastUpdateDate />
      <LastUpdateTime />
    </Product>
    <Product>
      <PriceUpdateDate>2019/03/04 08:18</PriceUpdateDate>
      <ItemCode>4033100038914</ItemCode>
      <ItemType>1</ItemType>
      <ItemName>כאמל צהוב טבק</ItemName>
      <ManufactureName>גלוברנדס בעמ - שיווק סיגריות</ManufactureName>
      <ManufactureCountry />
      <ManufactureItemDescription />
      <UnitQty>יח`</UnitQty>
      <Quantity>1</Quantity>
      <UnitMeasure />
      <BisWeighted>0</BisWeighted>
      <QtyInPackage>1</QtyInPackage>
      <ItemPrice>67</ItemPrice>
      <UnitOfMeasurePrice>67</UnitOfMeasurePrice>
      <AllowDiscount>0</AllowDiscount>
      <itemStatus>1</itemStatus>
      <LastUpdateDate />
      <LastUpdateTime />
    </Product>
    <Product>
      <PriceUpdateDate>2018/12/04 07:21</PriceUpdateDate>
      <ItemCode>4033100046490</ItemCode>
      <ItemType>1</ItemType>
      <ItemName>סיגריות ווינסטון בודד</ItemName>
      <ManufactureName>גלוברנדס בעמ - שיווק סיגריות</ManufactureName>
      <ManufactureCountry />
      <ManufactureItemDescription />
      <UnitQty>יח`</UnitQty>
      <Quantity>1</Quantity>
      <UnitMeasure />
      <BisWeighted>0</BisWeighted>
      <QtyInPackage>1</QtyInPackage>
      <ItemPrice>30.50</ItemPrice>
      <UnitOfMeasurePrice>30.50</UnitOfMeasurePrice>
      <AllowDiscount>0</AllowDiscount>
      <itemStatus>1</itemStatus>
      <LastUpdateDate />
      <LastUpdateTime />
    </Product>
    <Product>
      <PriceUpdateDate>2020/05/03 11:04</PriceUpdateDate>
      <ItemCode>4050328191948</ItemCode>
      <ItemType>1</ItemType>
      <ItemName>ענבים שחור מידנייט ארוז</ItemName>
      <ManufactureName>מהדרין תנופורט יצוא ( ש.מ.)</ManufactureName>
      <ManufactureCountry />
      <ManufactureItemDescription />
      <UnitQty>יח`</UnitQty>
      <Quantity>1</Quantity>
      <UnitMeasure />
      <BisWeighted>0</BisWeighted>
      <QtyInPackage>1</QtyInPackage>
      <ItemPrice>10</ItemPrice>
      <UnitOfMeasurePrice>10</UnitOfMeasurePrice>
      <AllowDiscount>1</AllowDiscount>
      <itemStatus>1</itemStatus>
      <LastUpdateDate />
      <LastUpdateTime />
    </Product>
    <Product>
      <PriceUpdateDate>2018/01/30 08:26</PriceUpdateDate>
      <ItemCode>4079400131047</ItemCode>
      <ItemType>1</ItemType>
      <ItemName>בירה חיטה 5.3% אלכוהול שישייה בקבוקים 33</ItemName>
      <ManufactureName>אבאל יזמות בעמ</ManufactureName>
      <ManufactureCountry />
      <ManufactureItemDescription />
      <UnitQty>יח`</UnitQty>
      <Quantity>1.98</Quantity>
      <UnitMeasure>1 ליטר</UnitMeasure>
      <BisWeighted>0</BisWeighted>
      <QtyInPackage>1</QtyInPackage>
      <ItemPrice>34.90</ItemPrice>
      <UnitOfMeasurePrice>16.72</UnitOfMeasurePrice>
      <AllowDiscount>0</AllowDiscount>
      <itemStatus>1</itemStatus>
      <LastUpdateDate />
      <LastUpdateTime />
    </Product>
    <Product>
      <PriceUpdateDate>2017/05/05 07:52</PriceUpdateDate>
      <ItemCode>4079400182742</ItemCode>
      <ItemType>1</ItemType>
      <ItemName>בירה פילסנר 4.9% שישייה בקבוק 330 מל</ItemName>
      <ManufactureName>אבאל יזמות בעמ</ManufactureName>
      <ManufactureCountry />
      <ManufactureItemDescription />
      <UnitQty>יח`</UnitQty>
      <Quantity>1.98</Quantity>
      <UnitMeasure>1 ליטר</UnitMeasure>
      <BisWeighted>0</BisWeighted>
      <QtyInPackage>1</QtyInPackage>
      <ItemPrice>29.90</ItemPrice>
      <UnitOfMeasurePrice>14.19</UnitOfMeasurePrice>
      <AllowDiscount>1</AllowDiscount>
      <itemStatus>1</itemStatus>
      <LastUpdateDate />
      <LastUpdateTime />
    </Product>
    <Product>
      <PriceUpdateDate>2017/05/05 07:52</PriceUpdateDate>
      <ItemCode>4079400330129</ItemCode>
      <ItemType>1</ItemType>
      <ItemName>בירה וולטרס (500 מל)</ItemName>
      <ManufactureName>אבאל יזמות בעמ</ManufactureName>
      <ManufactureCountry />
      <ManufactureItemDescription />
      <UnitQty>יח`</UnitQty>
      <Quantity>500</Quantity>
      <UnitMeasure>מ"ל</UnitMeasure>
      <BisWeighted>0</BisWeighted>
      <QtyInPackage>1</QtyInPackage>
      <ItemPrice>5.90</ItemPrice>
      <UnitOfMeasurePrice>1.12</UnitOfMeasurePrice>
      <AllowDiscount>1</AllowDiscount>
      <itemStatus>1</itemStatus>
      <LastUpdateDate />
      <LastUpdateTime />
    </Product>
    <Product>
      <PriceUpdateDate>2015/08/11 13:02</PriceUpdateDate>
      <ItemCode>4084500065598</ItemCode>
      <ItemType>1</ItemType>
      <ItemName>קרם לחות לתלתלים פנטן (300 מל)</ItemName>
      <ManufactureName>דיפלומט מפיצים (1968) בעמ</ManufactureName>
      <ManufactureCountry />
      <ManufactureItemDescription />
      <UnitQty>יח`</UnitQty>
      <Quantity>300</Quantity>
      <UnitMeasure>מ"ל</UnitMeasure>
      <BisWeighted>0</BisWeighted>
      <QtyInPackage>1</QtyInPackage>
      <ItemPrice>19.90</ItemPrice>
      <UnitOfMeasurePrice>6.63</UnitOfMeasurePrice>
      <AllowDiscount>1</AllowDiscount>
      <itemStatus>1</itemStatus>
      <LastUpdateDate />
      <LastUpdateTime />
    </Product>
    <Product>
      <PriceUpdateDate>2019/04/22 09:13</PriceUpdateDate>
      <ItemCode>4084500088917</ItemCode>
      <ItemType>1</ItemType>
      <ItemName>נוזל לניקוי כלים לימון פיירי (650 מל)</ItemName>
      <ManufactureName>דיפלומט מפיצים (1968) בעמ</ManufactureName>
      <ManufactureCountry />
      <ManufactureItemDescription />
      <UnitQty>יח`</UnitQty>
      <Quantity>650</Quantity>
      <UnitMeasure>מ"ל</UnitMeasure>
      <BisWeighted>0</BisWeighted>
      <QtyInPackage>1</QtyInPackage>
      <ItemPrice>11.90</ItemPrice>
      <UnitOfMeasurePrice>1.83</UnitOfMeasurePrice>
      <AllowDiscount>1</AllowDiscount>
      <itemStatus>1</itemStatus>
      <LastUpdateDate />
      <LastUpdateTime />
    </Product>
    <Product>
      <PriceUpdateDate>2016/05/03 15:25</PriceUpdateDate>
      <ItemCode>4084500178137</ItemCode>
      <ItemType>1</ItemType>
      <ItemName>טייד ג`ל 4 ליטר</ItemName>
      <ManufactureName>דיפלומט מפיצים (1968) בעמ</ManufactureName>
      <ManufactureCountry />
      <ManufactureItemDescription />
      <UnitQty>יח`</UnitQty>
      <Quantity>4</Quantity>
      <UnitMeasure>1 ליטר</UnitMeasure>
      <BisWeighted>0</BisWeighted>
      <QtyInPackage>1</QtyInPackage>
      <ItemPrice>44.90</ItemPrice>
      <UnitOfMeasurePrice>11.23</UnitOfMeasurePrice>
      <AllowDiscount>0</AllowDiscount>
      <itemStatus>1</itemStatus>
      <LastUpdateDate />
      <LastUpdateTime />
    </Product>
    <Product>
      <PriceUpdateDate>2015/04/14 09:14</PriceUpdateDate>
      <ItemCode>4084500371453</ItemCode>
      <ItemType>1</ItemType>
      <ItemName>טייד 8 קג`- אלפיין</ItemName>
      <ManufactureName>דיפלומט מפיצים (1968) בעמ</ManufactureName>
      <ManufactureCountry />
      <ManufactureItemDescription />
      <UnitQty>יח`</UnitQty>
      <Quantity>8000</Quantity>
      <UnitMeasure>גרם</UnitMeasure>
      <BisWeighted>0</BisWeighted>
      <QtyInPackage>1</QtyInPackage>
      <ItemPrice>59.90</ItemPrice>
      <UnitOfMeasurePrice>0.75</UnitOfMeasurePrice>
      <AllowDiscount>1</AllowDiscount>
      <itemStatus>1</itemStatus>
      <LastUpdateDate />
      <LastUpdateTime />
    </Product>
    <Product>
      <PriceUpdateDate>2019/04/22 09:13</PriceUpdateDate>
      <ItemCode>4084500853744</ItemCode>
      <ItemType>1</ItemType>
      <ItemName>נוזל כלים פלטינום לימון פיירי (515 מל)</ItemName>
      <ManufactureName>דיפלומט מפיצים (1968) בעמ</ManufactureName>
      <ManufactureCountry />
      <ManufactureItemDescription />
      <UnitQty>יח`</UnitQty>
      <Quantity>515</Quantity>
      <UnitMeasure>מ"ל</UnitMeasure>
      <BisWeighted>0</BisWeighted>
      <QtyInPackage>1</QtyInPackage>
      <ItemPrice>11.90</ItemPrice>
      <UnitOfMeasurePrice>2.31</UnitOfMeasurePrice>
      <AllowDiscount>1</AllowDiscount>
      <itemStatus>1</itemStatus>
      <LastUpdateDate />
      <LastUpdateTime />
    </Product>
    <Product>
      <PriceUpdateDate>2019/04/22 09:13</PriceUpdateDate>
      <ItemCode>4084500853898</ItemCode>
      <ItemType>1</ItemType>
      <ItemName>פיירי אלוורה ומלפפונים 515 מל</ItemName>
      <ManufactureName>דיפלומט מפיצים (1968) בעמ</ManufactureName>
      <ManufactureCountry />
      <ManufactureItemDescription />
      <UnitQty>יח`</UnitQty>
      <Quantity>515</Quantity>
      <UnitMeasure>מ"ל</UnitMeasure>
      <BisWeighted>0</BisWeighted>
      <QtyInPackage>1</QtyInPackage>
      <ItemPrice>11.90</ItemPrice>
      <UnitOfMeasurePrice>2.31</UnitOfMeasurePrice>
      <AllowDiscount>1</AllowDiscount>
      <itemStatus>1</itemStatus>
      <LastUpdateDate />
      <LastUpdateTime />
    </Product>
    <Product>
      <PriceUpdateDate>2015/10/19 08:18</PriceUpdateDate>
      <ItemCode>4084500854048</ItemCode>
      <ItemType>1</ItemType>
      <ItemName>נוזל לניקוי כלים לימון פיירי (1.24 ליטר)</ItemName>
      <ManufactureName>דיפלומט מפיצים (1968) בעמ</ManufactureName>
      <ManufactureCountry />
      <ManufactureItemDescription />
      <UnitQty>יח`</UnitQty>
      <Quantity>1.24</Quantity>
      <UnitMeasure>1 ליטר</UnitMeasure>
      <BisWeighted>0</BisWeighted>
      <QtyInPackage>1</QtyInPackage>
      <ItemPrice>17.90</ItemPrice>
      <UnitOfMeasurePrice>14.44</UnitOfMeasurePrice>
      <AllowDiscount>1</AllowDiscount>
      <itemStatus>1</itemStatus>
      <LastUpdateDate />
      <LastUpdateTime />
    </Product>
    <Product>
      <PriceUpdateDate>2015/10/19 08:18</PriceUpdateDate>
      <ItemCode>4084500920880</ItemCode>
      <ItemType>1</ItemType>
      <ItemName>נוזל כלים אורגינל פיירי (1.24 ליטר)</ItemName>
      <ManufactureName>דיפלומט מפיצים (1968) בעמ</ManufactureName>
      <ManufactureCountry />
      <ManufactureItemDescription />
      <UnitQty>יח`</UnitQty>
      <Quantity>1.24</Quantity>
      <UnitMeasure>1 ליטר</UnitMeasure>
      <BisWeighted>0</BisWeighted>
      <QtyInPackage>1</QtyInPackage>
      <ItemPrice>17.90</ItemPrice>
      <UnitOfMeasurePrice>14.44</UnitOfMeasurePrice>
      <AllowDiscount>1</AllowDiscount>
      <itemStatus>1</itemStatus>
      <LastUpdateDate />
      <LastUpdateTime />
    </Product>
    <Product>
      <PriceUpdateDate>2020/01/13 08:35</PriceUpdateDate>
      <ItemCode>4100130937163</ItemCode>
      <ItemType>1</ItemType>
      <ItemName>בירה בק`ס (275x6 מל)</ItemName>
      <ManufactureName>הכרם - משקאות חריפים בעמ</ManufactureName>
      <ManufactureCountry />
      <ManufactureItemDescription />
      <UnitQty>יח`</UnitQty>
      <Quantity>1650</Quantity>
      <UnitMeasure>מ"ל</UnitMeasure>
      <BisWeighted>0</BisWeighted>
      <QtyInPackage>1</QtyInPackage>
      <ItemPrice>34.90</ItemPrice>
      <UnitOfMeasurePrice>2.01</UnitOfMeasurePrice>
      <AllowDiscount>1</AllowDiscount>
      <itemStatus>1</itemStatus>
      <LastUpdateDate />
      <LastUpdateTime />
    </Product>
    <Product>
      <PriceUpdateDate>2017/08/17 09:07</PriceUpdateDate>
      <ItemCode>4105120623941</ItemCode>
      <ItemType>1</ItemType>
      <ItemName>בירה ויינשטפן בקבוק 500 מל</ItemName>
      <ManufactureName>החברה המרכזית להפצת משקאות בעמ</ManufactureName>
      <ManufactureCountry />
      <ManufactureItemDescription />
      <UnitQty>יח`</UnitQty>
      <Quantity>500</Quantity>
      <UnitMeasure>מ"ל</UnitMeasure>
      <BisWeighted>0</BisWeighted>
      <QtyInPackage>1</QtyInPackage>
      <ItemPrice>12.20</ItemPrice>
      <UnitOfMeasurePrice>2.38</UnitOfMeasurePrice>
      <AllowDiscount>0</AllowDiscount>
      <itemStatus>1</itemStatus>
      <LastUpdateDate />
      <LastUpdateTime />
    </Product>
    <Product>
      <PriceUpdateDate>2018/07/23 09:16</PriceUpdateDate>
      <ItemCode>4210201181538</ItemCode>
      <ItemType>1</ItemType>
      <ItemName>אורל בי ראש חשמלי לילדים קארס 4 יח</ItemName>
      <ManufactureName>דיפלומט מפיצים (1968) בעמ</ManufactureName>
      <ManufactureCountry />
      <ManufactureItemDescription />
      <UnitQty>יח`</UnitQty>
      <Quantity>1</Quantity>
      <UnitMeasure />
      <BisWeighted>0</BisWeighted>
      <QtyInPackage>1</QtyInPackage>
      <ItemPrice>89.90</ItemPrice>
      <UnitOfMeasurePrice>89.90</UnitOfMeasurePrice>
      <AllowDiscount>0</AllowDiscount>
      <itemStatus>1</itemStatus>
      <LastUpdateDate />
      <LastUpdateTime />
    </Product>
    <Product>
      <PriceUpdateDate>2015/11/30 12:38</PriceUpdateDate>
      <ItemCode>4260147890513</ItemCode>
      <ItemType>1</ItemType>
      <ItemName>איטריות ביצים דקות 500 גר`</ItemName>
      <ManufactureName>דין שיווק וקליה בעמ</ManufactureName>
      <ManufactureCountry />
      <ManufactureItemDescription />
      <UnitQty>יח`</UnitQty>
      <Quantity>500</Quantity>
      <UnitMeasure>גרם</UnitMeasure>
      <BisWeighted>0</BisWeighted>
      <QtyInPackage>1</QtyInPackage>
      <ItemPrice>10.90</ItemPrice>
      <UnitOfMeasurePrice>2.18</UnitOfMeasurePrice>
      <AllowDiscount>0</AllowDiscount>
      <itemStatus>1</itemStatus>
      <LastUpdateDate />
      <LastUpdateTime />
    </Product>
    <Product>
      <PriceUpdateDate>2020/01/09 14:34</PriceUpdateDate>
      <ItemCode>4603400000043</ItemCode>
      <ItemType>1</ItemType>
      <ItemName>וודקה רוסקי יורוסטנדרט (700 מל)</ItemName>
      <ManufactureName>יורוסטנדרט בעמ</ManufactureName>
      <ManufactureCountry />
      <ManufactureItemDescription />
      <UnitQty>יח`</UnitQty>
      <Quantity>700</Quantity>
      <UnitMeasure>מ"ל</UnitMeasure>
      <BisWeighted>0</BisWeighted>
      <QtyInPackage>1</QtyInPackage>
      <ItemPrice>59.90</ItemPrice>
      <UnitOfMeasurePrice>8.51</UnitOfMeasurePrice>
      <AllowDiscount>0</AllowDiscount>
      <itemStatus>1</itemStatus>
      <LastUpdateDate />
      <LastUpdateTime />
    </Product>
    <Product>
      <PriceUpdateDate>2018/05/16 17:22</PriceUpdateDate>
      <ItemCode>4603928000983</ItemCode>
      <ItemType>1</ItemType>
      <ItemName>בלוגה וודקה 1 ליטר</ItemName>
      <ManufactureName>טמפו פרנו</ManufactureName>
      <ManufactureCountry />
      <ManufactureItemDescription />
      <UnitQty>יח`</UnitQty>
      <Quantity>1</Quantity>
      <UnitMeasure>1 ליטר</UnitMeasure>
      <BisWeighted>0</BisWeighted>
      <QtyInPackage>1</QtyInPackage>
      <ItemPrice>149</ItemPrice>
      <UnitOfMeasurePrice>149</UnitOfMeasurePrice>
      <AllowDiscount>0</AllowDiscount>
      <itemStatus>1</itemStatus>
      <LastUpdateDate />
      <LastUpdateTime />
    </Product>
    <Product>
      <PriceUpdateDate>2016/05/17 08:21</PriceUpdateDate>
      <ItemCode>4607109409619</ItemCode>
      <ItemType>1</ItemType>
      <ItemName>טבליות למדיח כלים All in 1 פיניש (25)</ItemName>
      <ManufactureName>רקיט בנקיזר (ניר איסט) בעמ</ManufactureName>
      <ManufactureCountry />
      <ManufactureItemDescription />
      <UnitQty>יח`</UnitQty>
      <Quantity>1</Quantity>
      <UnitMeasure />
      <BisWeighted>0</BisWeighted>
      <QtyInPackage>1</QtyInPackage>
      <ItemPrice>29.90</ItemPrice>
      <UnitOfMeasurePrice>29.90</UnitOfMeasurePrice>
      <AllowDiscount>1</AllowDiscount>
      <itemStatus>1</itemStatus>
      <LastUpdateDate />
      <LastUpdateTime />
    </Product>
    <Product>
      <PriceUpdateDate>2018/01/09 08:46</PriceUpdateDate>
      <ItemCode>4640018990335</ItemCode>
      <ItemType>1</ItemType>
      <ItemName>פיניש קאונטום רגיל 54 טבליות</ItemName>
      <ManufactureName>רקיט בנקיזר (ניר איסט) בעמ</ManufactureName>
      <ManufactureCountry />
      <ManufactureItemDescription />
      <UnitQty>יח`</UnitQty>
      <Quantity>1</Quantity>
      <UnitMeasure />
      <BisWeighted>0</BisWeighted>
      <QtyInPackage>1</QtyInPackage>
      <ItemPrice>54.90</ItemPrice>
      <UnitOfMeasurePrice>54.90</UnitOfMeasurePrice>
      <AllowDiscount>1</AllowDiscount>
      <itemStatus>1</itemStatus>
      <LastUpdateDate />
      <LastUpdateTime />
    </Product>
    <Product>
      <PriceUpdateDate>2019/02/18 11:45</PriceUpdateDate>
      <ItemCode>4710068001692</ItemCode>
      <ItemType>1</ItemType>
      <ItemName>מאסטר קפה 250 מל לאטה</ItemName>
      <ManufactureName>טמפו משקאות בעמ</ManufactureName>
      <ManufactureCountry />
      <ManufactureItemDescription />
      <UnitQty>יח`</UnitQty>
      <Quantity>250</Quantity>
      <UnitMeasure>מ"ל</UnitMeasure>
      <BisWeighted>0</BisWeighted>
      <QtyInPackage>1</QtyInPackage>
      <ItemPrice>6.60</ItemPrice>
      <UnitOfMeasurePrice>2.64</UnitOfMeasurePrice>
      <AllowDiscount>0</AllowDiscount>
      <itemStatus>1</itemStatus>
      <LastUpdateDate />
      <LastUpdateTime />
    </Product>
    <Product>
      <PriceUpdateDate>2013/12/31 09:51</PriceUpdateDate>
      <ItemCode>4770209042274</ItemCode>
      <ItemType>1</ItemType>
      <ItemName>חלב מרוכז ממותק כפרי וביתי (400 גרם)</ItemName>
      <ManufactureName>יורוסטנדרט בעמ</ManufactureName>
      <ManufactureCountry />
      <ManufactureItemDescription />
      <UnitQty>יח`</UnitQty>
      <Quantity>400</Quantity>
      <UnitMeasure>גרם</UnitMeasure>
      <BisWeighted>0</BisWeighted>
      <QtyInPackage>1</QtyInPackage>
      <ItemPrice>7.10</ItemPrice>
      <UnitOfMeasurePrice>1.78</UnitOfMeasurePrice>
      <AllowDiscount>1</AllowDiscount>
      <itemStatus>1</itemStatus>
      <LastUpdateDate />
      <LastUpdateTime />
    </Product>
    <Product>
      <PriceUpdateDate>2016/06/06 08:40</PriceUpdateDate>
      <ItemCode>4800888148957</ItemCode>
      <ItemType>1</ItemType>
      <ItemName>רקסונה נשים רול און טלק 50 מל</ItemName>
      <ManufactureName>יוניליוור ישראל שיווק בעמ</ManufactureName>
      <ManufactureCountry />
      <ManufactureItemDescription />
      <UnitQty>יח`</UnitQty>
      <Quantity>50</Quantity>
      <UnitMeasure>מ"ל</UnitMeasure>
      <BisWeighted>0</BisWeighted>
      <QtyInPackage>1</QtyInPackage>
      <ItemPrice>14.90</ItemPrice>
      <UnitOfMeasurePrice>29.80</UnitOfMeasurePrice>
      <AllowDiscount>1</AllowDiscount>
      <itemStatus>1</itemStatus>
      <LastUpdateDate />
      <LastUpdateTime />
    </Product>
    <Product>
      <PriceUpdateDate>2016/06/06 08:40</PriceUpdateDate>
      <ItemCode>4800888150080</ItemCode>
      <ItemType>1</ItemType>
      <ItemName>דאודורנט רול און מלפפונים דאב (50 מל)</ItemName>
      <ManufactureName>יוניליוור ישראל שיווק בעמ</ManufactureName>
      <ManufactureCountry />
      <ManufactureItemDescription />
      <UnitQty>יח`</UnitQty>
      <Quantity>50</Quantity>
      <UnitMeasure>גרם</UnitMeasure>
      <BisWeighted>0</BisWeighted>
      <QtyInPackage>1</QtyInPackage>
      <ItemPrice>14.90</ItemPrice>
      <UnitOfMeasurePrice>29.80</UnitOfMeasurePrice>
      <AllowDiscount>0</AllowDiscount>
      <itemStatus>1</itemStatus>
      <LastUpdateDate />
      <LastUpdateTime />
    </Product>
    <Product>
      <PriceUpdateDate>2016/06/06 08:40</PriceUpdateDate>
      <ItemCode>4800888150103</ItemCode>
      <ItemType>1</ItemType>
      <ItemName>דאודורנט רול און אורגינל דאב (50 מל)</ItemName>
      <ManufactureName>יוניליוור ישראל שיווק בעמ</ManufactureName>
      <ManufactureCountry />
      <ManufactureItemDescription />
      <UnitQty>יח`</UnitQty>
      <Quantity>50</Quantity>
      <UnitMeasure>גרם</UnitMeasure>
      <BisWeighted>0</BisWeighted>
      <QtyInPackage>1</QtyInPackage>
      <ItemPrice>14.90</ItemPrice>
      <UnitOfMeasurePrice>29.80</UnitOfMeasurePrice>
      <AllowDiscount>0</AllowDiscount>
      <itemStatus>1</itemStatus>
      <LastUpdateDate />
      <LastUpdateTime />
    </Product>
    <Product>
      <PriceUpdateDate>2016/06/06 08:40</PriceUpdateDate>
      <ItemCode>4800888190529</ItemCode>
      <ItemType>1</ItemType>
      <ItemName>דאודורנט סטיק טלק סופט דאב (50 גרם)</ItemName>
      <ManufactureName>יוניליוור ישראל שיווק בעמ</ManufactureName>
      <ManufactureCountry />
      <ManufactureItemDescription />
      <UnitQty>יח`</UnitQty>
      <Quantity>50</Quantity>
      <UnitMeasure>גרם</UnitMeasure>
      <BisWeighted>0</BisWeighted>
      <QtyInPackage>1</QtyInPackage>
      <ItemPrice>14.90</ItemPrice>
      <UnitOfMeasurePrice>29.80</UnitOfMeasurePrice>
      <AllowDiscount>0</AllowDiscount>
      <itemStatus>1</itemStatus>
      <LastUpdateDate />
      <LastUpdateTime />
    </Product>
    <Product>
      <PriceUpdateDate>2020/03/29 10:59</PriceUpdateDate>
      <ItemCode>4800888210197</ItemCode>
      <ItemType>1</ItemType>
      <ItemName>דאודורנט סטיק קוקוס  ויסמין( 50  גר`)</ItemName>
      <ManufactureName>יוניליוור ישראל שיווק בעמ</ManufactureName>
      <ManufactureCountry />
      <ManufactureItemDescription />
      <UnitQty>יח`</UnitQty>
      <Quantity>50</Quantity>
      <UnitMeasure>גרם</UnitMeasure>
      <BisWeighted>0</BisWeighted>
      <QtyInPackage>1</QtyInPackage>
      <ItemPrice>14.90</ItemPrice>
      <UnitOfMeasurePrice>29.80</UnitOfMeasurePrice>
      <AllowDiscount>0</AllowDiscount>
      <itemStatus>1</itemStatus>
      <LastUpdateDate />
      <LastUpdateTime />
    </Product>
    <Product>
      <PriceUpdateDate>2017/01/03 08:55</PriceUpdateDate>
      <ItemCode>4820080720584</ItemCode>
      <ItemType>1</ItemType>
      <ItemName>וודקה חלבני דאר קלאסיק 700 מל</ItemName>
      <ManufactureName>יורוסטנדרט בעמ</ManufactureName>
      <ManufactureCountry />
      <ManufactureItemDescription />
      <UnitQty>יח`</UnitQty>
      <Quantity>700</Quantity>
      <UnitMeasure>מ"ל</UnitMeasure>
      <BisWeighted>0</BisWeighted>
      <QtyInPackage>1</QtyInPackage>
      <ItemPrice>55.90</ItemPrice>
      <UnitOfMeasurePrice>7.94</UnitOfMeasurePrice>
      <AllowDiscount>1</AllowDiscount>
      <itemStatus>1</itemStatus>
      <LastUpdateDate />
      <LastUpdateTime />
    </Product>
    <Product>
      <PriceUpdateDate>2020/02/12 07:16</PriceUpdateDate>
      <ItemCode>4902430781640</ItemCode>
      <ItemType>1</ItemType>
      <ItemName>מברשת שיניים אורל בי רביעייה criss</ItemName>
      <ManufactureName>פארמה דיל (פ.א.ב.) שיווק והפצה</ManufactureName>
      <ManufactureCountry />
      <ManufactureItemDescription />
      <UnitQty>יח`</UnitQty>
      <Quantity>1</Quantity>
      <UnitMeasure />
      <BisWeighted>0</BisWeighted>
      <QtyInPackage>1</QtyInPackage>
      <ItemPrice>24.90</ItemPrice>
      <UnitOfMeasurePrice>24.90</UnitOfMeasurePrice>
      <AllowDiscount>0</AllowDiscount>
      <itemStatus>1</itemStatus>
      <LastUpdateDate />
      <LastUpdateTime />
    </Product>
    <Product>
      <PriceUpdateDate>2020/02/12 07:16</PriceUpdateDate>
      <ItemCode>4902430864596</ItemCode>
      <ItemType>1</ItemType>
      <ItemName>מברשות שיניים אורל בי שישייה</ItemName>
      <ManufactureName>פארמה דיל (פ.א.ב.) שיווק והפצה</ManufactureName>
      <ManufactureCountry />
      <ManufactureItemDescription />
      <UnitQty>יח`</UnitQty>
      <Quantity>1</Quantity>
      <UnitMeasure />
      <BisWeighted>0</BisWeighted>
      <QtyInPackage>1</QtyInPackage>
      <ItemPrice>14.90</ItemPrice>
      <UnitOfMeasurePrice>14.90</UnitOfMeasurePrice>
      <AllowDiscount>0</AllowDiscount>
      <itemStatus>1</itemStatus>
      <LastUpdateDate />
      <LastUpdateTime />
    </Product>
    <Product>
      <PriceUpdateDate>2016/02/29 08:36</PriceUpdateDate>
      <ItemCode>5000159407236</ItemCode>
      <ItemType>1</ItemType>
      <ItemName>מרס חטיף שוקולד עם קרמל 51 גרם</ItemName>
      <ManufactureName>מרס ריגלי ישראל בעמ</ManufactureName>
      <ManufactureCountry />
      <ManufactureItemDescription />
      <UnitQty>יח`</UnitQty>
      <Quantity>50</Quantity>
      <UnitMeasure>גרם</UnitMeasure>
      <BisWeighted>0</BisWeighted>
      <QtyInPackage>1</QtyInPackage>
      <ItemPrice>3.90</ItemPrice>
      <UnitOfMeasurePrice>7.80</UnitOfMeasurePrice>
      <AllowDiscount>1</AllowDiscount>
      <itemStatus>1</itemStatus>
      <LastUpdateDate />
      <LastUpdateTime />
    </Product>
    <Product>
      <PriceUpdateDate>2016/11/20 08:30</PriceUpdateDate>
      <ItemCode>5000159442572</ItemCode>
      <ItemType>1</ItemType>
      <ItemName>טויקס חטיף שוקולד מארז 403 גרם</ItemName>
      <ManufactureName>מרס ריגלי ישראל בעמ</ManufactureName>
      <ManufactureCountry />
      <ManufactureItemDescription />
      <UnitQty>יח`</UnitQty>
      <Quantity>403</Quantity>
      <UnitMeasure>גרם</UnitMeasure>
      <BisWeighted>0</BisWeighted>
      <QtyInPackage>1</QtyInPackage>
      <ItemPrice>19.90</ItemPrice>
      <UnitOfMeasurePrice>4.94</UnitOfMeasurePrice>
      <AllowDiscount>0</AllowDiscount>
      <itemStatus>1</itemStatus>
      <LastUpdateDate />
      <LastUpdateTime />
    </Product>
    <Product>
      <PriceUpdateDate>2016/02/29 08:36</PriceUpdateDate>
      <ItemCode>5000159459228</ItemCode>
      <ItemType>1</ItemType>
      <ItemName>חטיף אצבעות קרמל ושוקולד טוויקס (50 גרם)</ItemName>
      <ManufactureName>מרס ריגלי ישראל בעמ</ManufactureName>
      <ManufactureCountry />
      <ManufactureItemDescription />
      <UnitQty>יח`</UnitQty>
      <Quantity>57</Quantity>
      <UnitMeasure>גרם</UnitMeasure>
      <BisWeighted>0</BisWeighted>
      <QtyInPackage>1</QtyInPackage>
      <ItemPrice>3.90</ItemPrice>
      <UnitOfMeasurePrice>6.84</UnitOfMeasurePrice>
      <AllowDiscount>1</AllowDiscount>
      <itemStatus>1</itemStatus>
      <LastUpdateDate />
      <LastUpdateTime />
    </Product>
    <Product>
      <PriceUpdateDate>2019/05/02 12:58</PriceUpdateDate>
      <ItemCode>5000168186597</ItemCode>
      <ItemType>1</ItemType>
      <ItemName>מקוויטיס ביסקוויט שיבולת שועל מצופה שוקו</ItemName>
      <ManufactureName>תה ויסוצקי (ישראל) בעמ</ManufactureName>
      <ManufactureCountry />
      <ManufactureItemDescription />
      <UnitQty>יח`</UnitQty>
      <Quantity>300</Quantity>
      <UnitMeasure>גרם</UnitMeasure>
      <BisWeighted>0</BisWeighted>
      <QtyInPackage>1</QtyInPackage>
      <ItemPrice>11.90</ItemPrice>
      <UnitOfMeasurePrice>3.97</UnitOfMeasurePrice>
      <AllowDiscount>0</AllowDiscount>
      <itemStatus>1</itemStatus>
      <LastUpdateDate />
      <LastUpdateTime />
    </Product>
    <Product>
      <PriceUpdateDate>2018/12/04 10:56</PriceUpdateDate>
      <ItemCode>5000168199221</ItemCode>
      <ItemType>1</ItemType>
      <ItemName>שוקולד חלב מעולה 90 גר` גודייבה</ItemName>
      <ManufactureName>תה ויסוצקי (ישראל) בעמ</ManufactureName>
      <ManufactureCountry />
      <ManufactureItemDescription />
      <UnitQty>יח`</UnitQty>
      <Quantity>90</Quantity>
      <UnitMeasure>גרם</UnitMeasure>
      <BisWeighted>0</BisWeighted>
      <QtyInPackage>1</QtyInPackage>
      <ItemPrice>14.90</ItemPrice>
      <UnitOfMeasurePrice>16.56</UnitOfMeasurePrice>
      <AllowDiscount>0</AllowDiscount>
      <itemStatus>1</itemStatus>
      <LastUpdateDate />
      <LastUpdateTime />
    </Product>
    <Product>
      <PriceUpdateDate>2019/12/11 15:24</PriceUpdateDate>
      <ItemCode>5000204114980</ItemCode>
      <ItemType>1</ItemType>
      <ItemName>גלייד אורוסול בניחוח אודיסאה הכחולה</ItemName>
      <ManufactureName>דנשר (1963) בעמ</ManufactureName>
      <ManufactureCountry />
      <ManufactureItemDescription />
      <UnitQty>יח`</UnitQty>
      <Quantity>300</Quantity>
      <UnitMeasure>מ"ל</UnitMeasure>
      <BisWeighted>0</BisWeighted>
      <QtyInPackage>1</QtyInPackage>
      <ItemPrice>10.90</ItemPrice>
      <UnitOfMeasurePrice>3.63</UnitOfMeasurePrice>
      <AllowDiscount>1</AllowDiscount>
      <itemStatus>1</itemStatus>
      <LastUpdateDate />
      <LastUpdateTime />
    </Product>
    <Product>
      <PriceUpdateDate>2019/03/03 15:08</PriceUpdateDate>
      <ItemCode>5000267024233</ItemCode>
      <ItemType>1</ItemType>
      <ItemName>וויסקי שחור ג`וני ווקר (700 מל)</ItemName>
      <ManufactureName>החברה המרכזית להפצת משקאות-אלכ</ManufactureName>
      <ManufactureCountry />
      <ManufactureItemDescription />
      <UnitQty>יח`</UnitQty>
      <Quantity>700</Quantity>
      <UnitMeasure>מ"ל</UnitMeasure>
      <BisWeighted>0</BisWeighted>
      <QtyInPackage>1</QtyInPackage>
      <ItemPrice>109.90</ItemPrice>
      <UnitOfMeasurePrice>15.66</UnitOfMeasurePrice>
      <AllowDiscount>0</AllowDiscount>
      <itemStatus>1</itemStatus>
      <LastUpdateDate />
      <LastUpdateTime />
    </Product>
    <Product>
      <PriceUpdateDate>2017/02/02 12:06</PriceUpdateDate>
      <ItemCode>5000394019089</ItemCode>
      <ItemType>1</ItemType>
      <ItemName>סוללות דורסל C פלוס פאור</ItemName>
      <ManufactureName>דיפלומט מפיצים (1968) בעמ</ManufactureName>
      <ManufactureCountry />
      <ManufactureItemDescription />
      <UnitQty>יח`</UnitQty>
      <Quantity>1</Quantity>
      <UnitMeasure />
      <BisWeighted>0</BisWeighted>
      <QtyInPackage>1</QtyInPackage>
      <ItemPrice>27.90</ItemPrice>
      <UnitOfMeasurePrice>27.90</UnitOfMeasurePrice>
      <AllowDiscount>0</AllowDiscount>
      <itemStatus>1</itemStatus>
      <LastUpdateDate />
      <LastUpdateTime />
    </Product>
    <Product>
      <PriceUpdateDate>2018/10/29 08:07</PriceUpdateDate>
      <ItemCode>5000394098756</ItemCode>
      <ItemType>1</ItemType>
      <ItemName>סוללות AA פלוס פאוור דורסל) (6</ItemName>
      <ManufactureName>דיפלומט מפיצים (1968) בעמ</ManufactureName>
      <ManufactureCountry />
      <ManufactureItemDescription />
      <UnitQty>יח`</UnitQty>
      <Quantity>1</Quantity>
      <UnitMeasure />
      <BisWeighted>0</BisWeighted>
      <QtyInPackage>1</QtyInPackage>
      <ItemPrice>19.90</ItemPrice>
      <UnitOfMeasurePrice>19.90</UnitOfMeasurePrice>
      <AllowDiscount>0</AllowDiscount>
      <itemStatus>1</itemStatus>
      <LastUpdateDate />
      <LastUpdateTime />
    </Product>
    <Product>
      <PriceUpdateDate>2018/02/18 14:35</PriceUpdateDate>
      <ItemCode>5000394098886</ItemCode>
      <ItemType>1</ItemType>
      <ItemName>סוללות AAA פלוס פאוור דורסל) (6</ItemName>
      <ManufactureName>דיפלומט מפיצים (1968) בעמ</ManufactureName>
      <ManufactureCountry />
      <ManufactureItemDescription />
      <UnitQty>יח`</UnitQty>
      <Quantity>1</Quantity>
      <UnitMeasure />
      <BisWeighted>0</BisWeighted>
      <QtyInPackage>1</QtyInPackage>
      <ItemPrice>19.90</ItemPrice>
      <UnitOfMeasurePrice>19.90</UnitOfMeasurePrice>
      <AllowDiscount>0</AllowDiscount>
      <itemStatus>1</itemStatus>
      <LastUpdateDate />
      <LastUpdateTime />
    </Product>
    <Product>
      <PriceUpdateDate>2017/02/02 12:06</PriceUpdateDate>
      <ItemCode>5000394105485</ItemCode>
      <ItemType>1</ItemType>
      <ItemName>סוללות דורסל V9 פלוס פאור</ItemName>
      <ManufactureName>דיפלומט מפיצים (1968) בעמ</ManufactureName>
      <ManufactureCountry />
      <ManufactureItemDescription />
      <UnitQty>יח`</UnitQty>
      <Quantity>1</Quantity>
      <UnitMeasure />
      <BisWeighted>0</BisWeighted>
      <QtyInPackage>1</QtyInPackage>
      <ItemPrice>27.90</ItemPrice>
      <UnitOfMeasurePrice>27.90</UnitOfMeasurePrice>
      <AllowDiscount>0</AllowDiscount>
      <itemStatus>1</itemStatus>
      <LastUpdateDate />
      <LastUpdateTime />
    </Product>
    <Product>
      <PriceUpdateDate>2019/05/03 15:28</PriceUpdateDate>
      <ItemCode>5000396037944</ItemCode>
      <ItemType>1</ItemType>
      <ItemName>מקוויטיס ביסקוויט קלאסי 250 גר`</ItemName>
      <ManufactureName>תה ויסוצקי (ישראל) בעמ</ManufactureName>
      <ManufactureCountry />
      <ManufactureItemDescription />
      <UnitQty>יח`</UnitQty>
      <Quantity>250</Quantity>
      <UnitMeasure>גרם</UnitMeasure>
      <BisWeighted>0</BisWeighted>
      <QtyInPackage>1</QtyInPackage>
      <ItemPrice>9.90</ItemPrice>
      <UnitOfMeasurePrice>3.96</UnitOfMeasurePrice>
      <AllowDiscount>0</AllowDiscount>
      <itemStatus>1</itemStatus>
      <LastUpdateDate />
      <LastUpdateTime />
    </Product>
    <Product>
      <PriceUpdateDate>2018/06/14 08:21</PriceUpdateDate>
      <ItemCode>5010029000016</ItemCode>
      <ItemType>1</ItemType>
      <ItemName>דגני בוקר וויטביקס 430 גר`</ItemName>
      <ManufactureName>ר.ב מוצרי דגנים בעמ</ManufactureName>
      <ManufactureCountry />
      <ManufactureItemDescription />
      <UnitQty>יח`</UnitQty>
      <Quantity>430</Quantity>
      <UnitMeasure>גרם</UnitMeasure>
      <BisWeighted>0</BisWeighted>
      <QtyInPackage>1</QtyInPackage>
      <ItemPrice>24.90</ItemPrice>
      <UnitOfMeasurePrice>5.79</UnitOfMeasurePrice>
      <AllowDiscount>1</AllowDiscount>
      <itemStatus>1</itemStatus>
      <LastUpdateDate />
      <LastUpdateTime />
    </Product>
    <Product>
      <PriceUpdateDate>2019/11/05 07:03</PriceUpdateDate>
      <ItemCode>5010038454831</ItemCode>
      <ItemType>1</ItemType>
      <ItemName>בירה בלו מון (330 מל)</ItemName>
      <ManufactureName>הכרם - משקאות חריפים בעמ</ManufactureName>
      <ManufactureCountry />
      <ManufactureItemDescription />
      <UnitQty>יח`</UnitQty>
      <Quantity>330</Quantity>
      <UnitMeasure>מ"ל</UnitMeasure>
      <BisWeighted>0</BisWeighted>
      <QtyInPackage>1</QtyInPackage>
      <ItemPrice>12.90</ItemPrice>
      <UnitOfMeasurePrice>3.82</UnitOfMeasurePrice>
      <AllowDiscount>1</AllowDiscount>
      <itemStatus>1</itemStatus>
      <LastUpdateDate />
      <LastUpdateTime />
    </Product>
    <Product>
      <PriceUpdateDate>2015/10/21 08:23</PriceUpdateDate>
      <ItemCode>5010182997253</ItemCode>
      <ItemType>1</ItemType>
      <ItemName>קוטל ג`וקים מקס ספריי רייד (300 מל)</ItemName>
      <ManufactureName>דנשר (1963) בעמ</ManufactureName>
      <ManufactureCountry />
      <ManufactureItemDescription />
      <UnitQty>יח`</UnitQty>
      <Quantity>400</Quantity>
      <UnitMeasure>מ"ל</UnitMeasure>
      <BisWeighted>0</BisWeighted>
      <QtyInPackage>1</QtyInPackage>
      <ItemPrice>17.90</ItemPrice>
      <UnitOfMeasurePrice>4.48</UnitOfMeasurePrice>
      <AllowDiscount>1</AllowDiscount>
      <itemStatus>1</itemStatus>
      <LastUpdateDate />
      <LastUpdateTime />
    </Product>
    <Product>
      <PriceUpdateDate>2018/04/13 10:24</PriceUpdateDate>
      <ItemCode>5010677433655</ItemCode>
      <ItemType>1</ItemType>
      <ItemName>בריזר בקרדי תות (275 מל)</ItemName>
      <ManufactureName>טמפו משקאות בעמ</ManufactureName>
      <ManufactureCountry />
      <ManufactureItemDescription />
      <UnitQty>יח`</UnitQty>
      <Quantity>275</Quantity>
      <UnitMeasure>מ"ל</UnitMeasure>
      <BisWeighted>0</BisWeighted>
      <QtyInPackage>1</QtyInPackage>
      <ItemPrice>14</ItemPrice>
      <UnitOfMeasurePrice>4.98</UnitOfMeasurePrice>
      <AllowDiscount>0</AllowDiscount>
      <itemStatus>1</itemStatus>
      <LastUpdateDate />
      <LastUpdateTime />
    </Product>
    <Product>
      <PriceUpdateDate>2014/04/09 09:26</PriceUpdateDate>
      <ItemCode>5010677551281</ItemCode>
      <ItemType>1</ItemType>
      <ItemName>בריזר לימון בבקבוק בקרדי (275 מל)</ItemName>
      <ManufactureName>טמפו משקאות בעמ</ManufactureName>
      <ManufactureCountry />
      <ManufactureItemDescription />
      <UnitQty>יח`</UnitQty>
      <Quantity>275</Quantity>
      <UnitMeasure>מ"ל</UnitMeasure>
      <BisWeighted>0</BisWeighted>
      <QtyInPackage>1</QtyInPackage>
      <ItemPrice>14</ItemPrice>
      <UnitOfMeasurePrice>4.98</UnitOfMeasurePrice>
      <AllowDiscount>1</AllowDiscount>
      <itemStatus>1</itemStatus>
      <LastUpdateDate />
      <LastUpdateTime />
    </Product>
    <Product>
      <PriceUpdateDate>2014/04/09 09:26</PriceUpdateDate>
      <ItemCode>5010677552387</ItemCode>
      <ItemType>1</ItemType>
      <ItemName>בריזר אננס בקרדי (275 מל)</ItemName>
      <ManufactureName>טמפו משקאות בעמ</ManufactureName>
      <ManufactureCountry />
      <ManufactureItemDescription />
      <UnitQty>יח`</UnitQty>
      <Quantity>275</Quantity>
      <UnitMeasure>מ"ל</UnitMeasure>
      <BisWeighted>0</BisWeighted>
      <QtyInPackage>1</QtyInPackage>
      <ItemPrice>14</ItemPrice>
      <UnitOfMeasurePrice>4.98</UnitOfMeasurePrice>
      <AllowDiscount>1</AllowDiscount>
      <itemStatus>1</itemStatus>
      <LastUpdateDate />
      <LastUpdateTime />
    </Product>
    <Product>
      <PriceUpdateDate>2014/04/09 09:26</PriceUpdateDate>
      <ItemCode>5010677554398</ItemCode>
      <ItemType>1</ItemType>
      <ItemName>בריזר אבטיח בבקבוק בקרדי (275 מל)</ItemName>
      <ManufactureName>טמפו משקאות בעמ</ManufactureName>
      <ManufactureCountry />
      <ManufactureItemDescription />
      <UnitQty>יח`</UnitQty>
      <Quantity>275</Quantity>
      <UnitMeasure>מ"ל</UnitMeasure>
      <BisWeighted>0</BisWeighted>
      <QtyInPackage>1</QtyInPackage>
      <ItemPrice>14</ItemPrice>
      <UnitOfMeasurePrice>4.98</UnitOfMeasurePrice>
      <AllowDiscount>1</AllowDiscount>
      <itemStatus>1</itemStatus>
      <LastUpdateDate />
      <LastUpdateTime />
    </Product>
    <Product>
      <PriceUpdateDate>2016/05/17 08:21</PriceUpdateDate>
      <ItemCode>5011417549193</ItemCode>
      <ItemType>1</ItemType>
      <ItemName>טבליות למדיח כלים קוואנטום פיניש (20)</ItemName>
      <ManufactureName>רקיט בנקיזר (ניר איסט) בעמ</ManufactureName>
      <ManufactureCountry />
      <ManufactureItemDescription />
      <UnitQty>יח`</UnitQty>
      <Quantity>1</Quantity>
      <UnitMeasure />
      <BisWeighted>0</BisWeighted>
      <QtyInPackage>1</QtyInPackage>
      <ItemPrice>29.90</ItemPrice>
      <UnitOfMeasurePrice>29.90</UnitOfMeasurePrice>
      <AllowDiscount>1</AllowDiscount>
      <itemStatus>1</itemStatus>
      <LastUpdateDate />
      <LastUpdateTime />
    </Product>
    <Product>
      <PriceUpdateDate>2019/03/22 11:30</PriceUpdateDate>
      <ItemCode>5012251012249</ItemCode>
      <ItemType>1</ItemType>
      <ItemName>תרחיץ פלינג לפנים בתוספת פחם פעיל 150 מ</ItemName>
      <ManufactureName>פארמה דיל (פ.א.ב.) שיווק והפצה</ManufactureName>
      <ManufactureCountry />
      <ManufactureItemDescription />
      <UnitQty>יח`</UnitQty>
      <Quantity>0</Quantity>
      <UnitMeasure>מ"ל</UnitMeasure>
      <BisWeighted>0</BisWeighted>
      <QtyInPackage>1</QtyInPackage>
      <ItemPrice>14.90</ItemPrice>
      <UnitOfMeasurePrice>14.90</UnitOfMeasurePrice>
      <AllowDiscount>0</AllowDiscount>
      <itemStatus>1</itemStatus>
      <LastUpdateDate />
      <LastUpdateTime />
    </Product>
    <Product>
      <PriceUpdateDate>2019/03/22 11:30</PriceUpdateDate>
      <ItemCode>5012251012645</ItemCode>
      <ItemType>1</ItemType>
      <ItemName>מדבקות להוצאת שחורים מאף 6 יח</ItemName>
      <ManufactureName>פארמה דיל (פ.א.ב.) שיווק והפצה</ManufactureName>
      <ManufactureCountry />
      <ManufactureItemDescription />
      <UnitQty>יח`</UnitQty>
      <Quantity>0</Quantity>
      <UnitMeasure>מ"ל</UnitMeasure>
      <BisWeighted>0</BisWeighted>
      <QtyInPackage>1</QtyInPackage>
      <ItemPrice>14.90</ItemPrice>
      <UnitOfMeasurePrice>14.90</UnitOfMeasurePrice>
      <AllowDiscount>0</AllowDiscount>
      <itemStatus>1</itemStatus>
      <LastUpdateDate />
      <LastUpdateTime />
    </Product>
    <Product>
      <PriceUpdateDate>2019/11/13 10:05</PriceUpdateDate>
      <ItemCode>5013931015758</ItemCode>
      <ItemType>1</ItemType>
      <ItemName>מארז 3 יח ספוגי החלפה דיש מטיק</ItemName>
      <ManufactureName>מ.א.ייצור ויבוא מטליות בעמ</ManufactureName>
      <ManufactureCountry />
      <ManufactureItemDescription />
      <UnitQty>יח`</UnitQty>
      <Quantity>1</Quantity>
      <UnitMeasure />
      <BisWeighted>0</BisWeighted>
      <QtyInPackage>1</QtyInPackage>
      <ItemPrice>22.90</ItemPrice>
      <UnitOfMeasurePrice>22.90</UnitOfMeasurePrice>
      <AllowDiscount>0</AllowDiscount>
      <itemStatus>1</itemStatus>
      <LastUpdateDate />
      <LastUpdateTime />
    </Product>
    <Product>
      <PriceUpdateDate>2020/04/08 10:43</PriceUpdateDate>
      <ItemCode>5013931015819</ItemCode>
      <ItemType>1</ItemType>
      <ItemName>מארז כריות פלדה דיש מטיק (2 יח)</ItemName>
      <ManufactureName>מ.א.ייצור ויבוא מטליות בעמ</ManufactureName>
      <ManufactureCountry />
      <ManufactureItemDescription />
      <UnitQty>יח`</UnitQty>
      <Quantity>1</Quantity>
      <UnitMeasure />
      <BisWeighted>0</BisWeighted>
      <QtyInPackage>1</QtyInPackage>
      <ItemPrice>22.90</ItemPrice>
      <UnitOfMeasurePrice>22.90</UnitOfMeasurePrice>
      <AllowDiscount>0</AllowDiscount>
      <itemStatus>1</itemStatus>
      <LastUpdateDate />
      <LastUpdateTime />
    </Product>
    <Product>
      <PriceUpdateDate>2016/07/06 08:01</PriceUpdateDate>
      <ItemCode>5014271300429</ItemCode>
      <ItemType>1</ItemType>
      <ItemName>מעדן סנט דלפור משמש</ItemName>
      <ManufactureName>נטו מלינדה סחר בעמ</ManufactureName>
      <ManufactureCountry />
      <ManufactureItemDescription />
      <UnitQty>יח`</UnitQty>
      <Quantity>284</Quantity>
      <UnitMeasure>גרם</UnitMeasure>
      <BisWeighted>0</BisWeighted>
      <QtyInPackage>1</QtyInPackage>
      <ItemPrice>18.90</ItemPrice>
      <UnitOfMeasurePrice>6.65</UnitOfMeasurePrice>
      <AllowDiscount>1</AllowDiscount>
      <itemStatus>1</itemStatus>
      <LastUpdateDate />
      <LastUpdateTime />
    </Product>
    <Product>
      <PriceUpdateDate>2016/07/06 08:01</PriceUpdateDate>
      <ItemCode>5014271330426</ItemCode>
      <ItemType>1</ItemType>
      <ItemName>מעדן סנט דלפור אוכמניות</ItemName>
      <ManufactureName>נטו מלינדה סחר בעמ</ManufactureName>
      <ManufactureCountry />
      <ManufactureItemDescription />
      <UnitQty>יח`</UnitQty>
      <Quantity>284</Quantity>
      <UnitMeasure>גרם</UnitMeasure>
      <BisWeighted>0</BisWeighted>
      <QtyInPackage>1</QtyInPackage>
      <ItemPrice>18.90</ItemPrice>
      <UnitOfMeasurePrice>6.65</UnitOfMeasurePrice>
      <AllowDiscount>1</AllowDiscount>
      <itemStatus>1</itemStatus>
      <LastUpdateDate />
      <LastUpdateTime />
    </Product>
    <Product>
      <PriceUpdateDate>2016/07/06 08:01</PriceUpdateDate>
      <ItemCode>5014271350424</ItemCode>
      <ItemType>1</ItemType>
      <ItemName>מעדן סנט דלפור פירות</ItemName>
      <ManufactureName>נטו מלינדה סחר בעמ</ManufactureName>
      <ManufactureCountry />
      <ManufactureItemDescription />
      <UnitQty>יח`</UnitQty>
      <Quantity>284</Quantity>
      <UnitMeasure>גרם</UnitMeasure>
      <BisWeighted>0</BisWeighted>
      <QtyInPackage>1</QtyInPackage>
      <ItemPrice>18.90</ItemPrice>
      <UnitOfMeasurePrice>6.65</UnitOfMeasurePrice>
      <AllowDiscount>1</AllowDiscount>
      <itemStatus>1</itemStatus>
      <LastUpdateDate />
      <LastUpdateTime />
    </Product>
    <Product>
      <PriceUpdateDate>2016/07/06 08:01</PriceUpdateDate>
      <ItemCode>5014271370422</ItemCode>
      <ItemType>1</ItemType>
      <ItemName>מעדן סנט דלפור אפרסק</ItemName>
      <ManufactureName>נטו מלינדה סחר בעמ</ManufactureName>
      <ManufactureCountry />
      <ManufactureItemDescription />
      <UnitQty>יח`</UnitQty>
      <Quantity>284</Quantity>
      <UnitMeasure>גרם</UnitMeasure>
      <BisWeighted>0</BisWeighted>
      <QtyInPackage>1</QtyInPackage>
      <ItemPrice>18.90</ItemPrice>
      <UnitOfMeasurePrice>6.65</UnitOfMeasurePrice>
      <AllowDiscount>1</AllowDiscount>
      <itemStatus>1</itemStatus>
      <LastUpdateDate />
      <LastUpdateTime />
    </Product>
    <Product>
      <PriceUpdateDate>2016/07/06 08:01</PriceUpdateDate>
      <ItemCode>5014271560427</ItemCode>
      <ItemType>1</ItemType>
      <ItemName>מעדן סנט דלפור תפוז ג`ינגי`ר 284 גר`</ItemName>
      <ManufactureName>נטו מלינדה סחר בעמ</ManufactureName>
      <ManufactureCountry />
      <ManufactureItemDescription />
      <UnitQty>יח`</UnitQty>
      <Quantity>284</Quantity>
      <UnitMeasure>גרם</UnitMeasure>
      <BisWeighted>0</BisWeighted>
      <QtyInPackage>1</QtyInPackage>
      <ItemPrice>18.90</ItemPrice>
      <UnitOfMeasurePrice>6.65</UnitOfMeasurePrice>
      <AllowDiscount>1</AllowDiscount>
      <itemStatus>1</itemStatus>
      <LastUpdateDate />
      <LastUpdateTime />
    </Product>
    <Product>
      <PriceUpdateDate>2016/07/06 08:01</PriceUpdateDate>
      <ItemCode>5014271796147</ItemCode>
      <ItemType>1</ItemType>
      <ItemName>מעדן סנט דלפור רימון פטל 284 גר`</ItemName>
      <ManufactureName>נטו מלינדה סחר בעמ</ManufactureName>
      <ManufactureCountry />
      <ManufactureItemDescription />
      <UnitQty>יח`</UnitQty>
      <Quantity>284</Quantity>
      <UnitMeasure>גרם</UnitMeasure>
      <BisWeighted>0</BisWeighted>
      <QtyInPackage>1</QtyInPackage>
      <ItemPrice>18.90</ItemPrice>
      <UnitOfMeasurePrice>6.65</UnitOfMeasurePrice>
      <AllowDiscount>1</AllowDiscount>
      <itemStatus>1</itemStatus>
      <LastUpdateDate />
      <LastUpdateTime />
    </Product>
    <Product>
      <PriceUpdateDate>2018/07/04 10:07</PriceUpdateDate>
      <ItemCode>5029053002408</ItemCode>
      <ItemType>1</ItemType>
      <ItemName>נייר טואלט קליניקס 9 לבן</ItemName>
      <ManufactureName>קימברלי קלארק ישראל שיווק בעמ</ManufactureName>
      <ManufactureCountry />
      <ManufactureItemDescription />
      <UnitQty>יח`</UnitQty>
      <Quantity>1184</Quantity>
      <UnitMeasure>גרם</UnitMeasure>
      <BisWeighted>0</BisWeighted>
      <QtyInPackage>1</QtyInPackage>
      <ItemPrice>29.90</ItemPrice>
      <UnitOfMeasurePrice>2.53</UnitOfMeasurePrice>
      <AllowDiscount>0</AllowDiscount>
      <itemStatus>1</itemStatus>
      <LastUpdateDate />
      <LastUpdateTime />
    </Product>
    <Product>
      <PriceUpdateDate>2018/07/04 10:07</PriceUpdateDate>
      <ItemCode>5029053002439</ItemCode>
      <ItemType>1</ItemType>
      <ItemName>נייר טואלט קליניקס 9 צהוב</ItemName>
      <ManufactureName>קימברלי קלארק ישראל שיווק בעמ</ManufactureName>
      <ManufactureCountry />
      <ManufactureItemDescription />
      <UnitQty>יח`</UnitQty>
      <Quantity>1184</Quantity>
      <UnitMeasure>גרם</UnitMeasure>
      <BisWeighted>0</BisWeighted>
      <QtyInPackage>1</QtyInPackage>
      <ItemPrice>29.90</ItemPrice>
      <UnitOfMeasurePrice>2.53</UnitOfMeasurePrice>
      <AllowDiscount>0</AllowDiscount>
      <itemStatus>1</itemStatus>
      <LastUpdateDate />
      <LastUpdateTime />
    </Product>
    <Product>
      <PriceUpdateDate>2018/06/17 08:50</PriceUpdateDate>
      <ItemCode>5029053032658</ItemCode>
      <ItemType>1</ItemType>
      <ItemName>טישו קלינקס שמינייה</ItemName>
      <ManufactureName>קימברלי קלארק ישראל שיווק בעמ</ManufactureName>
      <ManufactureCountry />
      <ManufactureItemDescription />
      <UnitQty>יח`</UnitQty>
      <Quantity>240</Quantity>
      <UnitMeasure>גרם</UnitMeasure>
      <BisWeighted>0</BisWeighted>
      <QtyInPackage>1</QtyInPackage>
      <ItemPrice>8.90</ItemPrice>
      <UnitOfMeasurePrice>3.71</UnitOfMeasurePrice>
      <AllowDiscount>1</AllowDiscount>
      <itemStatus>1</itemStatus>
      <LastUpdateDate />
      <LastUpdateTime />
    </Product>
    <Product>
      <PriceUpdateDate>2015/05/27 11:08</PriceUpdateDate>
      <ItemCode>5029053510811</ItemCode>
      <ItemType>1</ItemType>
      <ItemName>תחבושות נורמל פלוס עם כנפיים קוטקס (28)</ItemName>
      <ManufactureName>קימברלי קלארק ישראל שיווק בעמ</ManufactureName>
      <ManufactureCountry />
      <ManufactureItemDescription />
      <UnitQty>יח`</UnitQty>
      <Quantity>1</Quantity>
      <UnitMeasure />
      <BisWeighted>0</BisWeighted>
      <QtyInPackage>1</QtyInPackage>
      <ItemPrice>19.90</ItemPrice>
      <UnitOfMeasurePrice>19.90</UnitOfMeasurePrice>
      <AllowDiscount>1</AllowDiscount>
      <itemStatus>1</itemStatus>
      <LastUpdateDate />
      <LastUpdateTime />
    </Product>
    <Product>
      <PriceUpdateDate>2015/05/27 11:08</PriceUpdateDate>
      <ItemCode>5029053510828</ItemCode>
      <ItemType>1</ItemType>
      <ItemName>תחבושות סופר פלוס עם כנפיים קוטקס (24)</ItemName>
      <ManufactureName>קימברלי קלארק ישראל שיווק בעמ</ManufactureName>
      <ManufactureCountry />
      <ManufactureItemDescription />
      <UnitQty>יח`</UnitQty>
      <Quantity>1</Quantity>
      <UnitMeasure />
      <BisWeighted>0</BisWeighted>
      <QtyInPackage>1</QtyInPackage>
      <ItemPrice>19.90</ItemPrice>
      <UnitOfMeasurePrice>19.90</UnitOfMeasurePrice>
      <AllowDiscount>1</AllowDiscount>
      <itemStatus>1</itemStatus>
      <LastUpdateDate />
      <LastUpdateTime />
    </Product>
    <Product>
      <PriceUpdateDate>2015/05/27 11:08</PriceUpdateDate>
      <ItemCode>5029053523446</ItemCode>
      <ItemType>1</ItemType>
      <ItemName>תחבושות עם כנפיים ללילה קוטקס (20)</ItemName>
      <ManufactureName>קימברלי קלארק ישראל שיווק בעמ</ManufactureName>
      <ManufactureCountry />
      <ManufactureItemDescription />
      <UnitQty>יח`</UnitQty>
      <Quantity>1</Quantity>
      <UnitMeasure />
      <BisWeighted>0</BisWeighted>
      <QtyInPackage>1</QtyInPackage>
      <ItemPrice>19.90</ItemPrice>
      <UnitOfMeasurePrice>19.90</UnitOfMeasurePrice>
      <AllowDiscount>1</AllowDiscount>
      <itemStatus>1</itemStatus>
      <LastUpdateDate />
      <LastUpdateTime />
    </Product>
    <Product>
      <PriceUpdateDate>2015/12/01 18:43</PriceUpdateDate>
      <ItemCode>5029053527604</ItemCode>
      <ItemType>1</ItemType>
      <ItemName>האגיס דריי נייטס בת L</ItemName>
      <ManufactureName>קימברלי קלארק ישראל שיווק בעמ</ManufactureName>
      <ManufactureCountry />
      <ManufactureItemDescription />
      <UnitQty>יח`</UnitQty>
      <Quantity>1</Quantity>
      <UnitMeasure>יח`</UnitMeasure>
      <BisWeighted>0</BisWeighted>
      <QtyInPackage>1</QtyInPackage>
      <ItemPrice>39.90</ItemPrice>
      <UnitOfMeasurePrice>39.90</UnitOfMeasurePrice>
      <AllowDiscount>1</AllowDiscount>
      <itemStatus>1</itemStatus>
      <LastUpdateDate />
      <LastUpdateTime />
    </Product>
    <Product>
      <PriceUpdateDate>2015/12/01 18:43</PriceUpdateDate>
      <ItemCode>5029053531250</ItemCode>
      <ItemType>1</ItemType>
      <ItemName>האגיס פול אפס בנות</ItemName>
      <ManufactureName>קימברלי קלארק ישראל שיווק בעמ</ManufactureName>
      <ManufactureCountry />
      <ManufactureItemDescription />
      <UnitQty>יח`</UnitQty>
      <Quantity>1</Quantity>
      <UnitMeasure>יח`</UnitMeasure>
      <BisWeighted>0</BisWeighted>
      <QtyInPackage>1</QtyInPackage>
      <ItemPrice>39.90</ItemPrice>
      <UnitOfMeasurePrice>39.90</UnitOfMeasurePrice>
      <AllowDiscount>0</AllowDiscount>
      <itemStatus>1</itemStatus>
      <LastUpdateDate />
      <LastUpdateTime />
    </Product>
    <Product>
      <PriceUpdateDate>2019/11/08 10:10</PriceUpdateDate>
      <ItemCode>5029053560762</ItemCode>
      <ItemType>1</ItemType>
      <ItemName>קלינקס מארז 8 יח טישו</ItemName>
      <ManufactureName>פארמה דיל (פ.א.ב.) שיווק והפצה</ManufactureName>
      <ManufactureCountry />
      <ManufactureItemDescription />
      <UnitQty>יח`</UnitQty>
      <Quantity>100</Quantity>
      <UnitMeasure>גרם</UnitMeasure>
      <BisWeighted>0</BisWeighted>
      <QtyInPackage>1</QtyInPackage>
      <ItemPrice>8.90</ItemPrice>
      <UnitOfMeasurePrice>8.90</UnitOfMeasurePrice>
      <AllowDiscount>0</AllowDiscount>
      <itemStatus>1</itemStatus>
      <LastUpdateDate />
      <LastUpdateTime />
    </Product>
    <Product>
      <PriceUpdateDate>2020/01/09 07:36</PriceUpdateDate>
      <ItemCode>5053827182980</ItemCode>
      <ItemType>1</ItemType>
      <ItemName>קורנפלקס קלוגס דיסני פרוטלופס 375 גר`</ItemName>
      <ManufactureName>דיפלומט היינץ</ManufactureName>
      <ManufactureCountry />
      <ManufactureItemDescription />
      <UnitQty>יח`</UnitQty>
      <Quantity>375</Quantity>
      <UnitMeasure>גרם</UnitMeasure>
      <BisWeighted>0</BisWeighted>
      <QtyInPackage>1</QtyInPackage>
      <ItemPrice>19.90</ItemPrice>
      <UnitOfMeasurePrice>5.31</UnitOfMeasurePrice>
      <AllowDiscount>1</AllowDiscount>
      <itemStatus>1</itemStatus>
      <LastUpdateDate />
      <LastUpdateTime />
    </Product>
    <Product>
      <PriceUpdateDate>2020/01/20 08:43</PriceUpdateDate>
      <ItemCode>5060517886516</ItemCode>
      <ItemType>1</ItemType>
      <ItemName>משקה אנר`גי זירו פח 500 מל מונסטר</ItemName>
      <ManufactureName>החברה המרכזית להפצת משקאות בעמ</ManufactureName>
      <ManufactureCountry />
      <ManufactureItemDescription />
      <UnitQty>יח`</UnitQty>
      <Quantity>1</Quantity>
      <UnitMeasure />
      <BisWeighted>0</BisWeighted>
      <QtyInPackage>1</QtyInPackage>
      <ItemPrice>5.90</ItemPrice>
      <UnitOfMeasurePrice>5.90</UnitOfMeasurePrice>
      <AllowDiscount>1</AllowDiscount>
      <itemStatus>1</itemStatus>
      <LastUpdateDate />
      <LastUpdateTime />
    </Product>
    <Product>
      <PriceUpdateDate>2014/01/01 08:37</PriceUpdateDate>
      <ItemCode>5099864006384</ItemCode>
      <ItemType>1</ItemType>
      <ItemName>תחליף חלב שלב 2 מהדרין סימילאק (900 גרם)</ItemName>
      <ManufactureName>שקד תבל בעמ</ManufactureName>
      <ManufactureCountry />
      <ManufactureItemDescription />
      <UnitQty>יח`</UnitQty>
      <Quantity>900</Quantity>
      <UnitMeasure>גרם</UnitMeasure>
      <BisWeighted>0</BisWeighted>
      <QtyInPackage>1</QtyInPackage>
      <ItemPrice>77.90</ItemPrice>
      <UnitOfMeasurePrice>8.66</UnitOfMeasurePrice>
      <AllowDiscount>1</AllowDiscount>
      <itemStatus>1</itemStatus>
      <LastUpdateDate />
      <LastUpdateTime />
    </Product>
    <Product>
      <PriceUpdateDate>2014/01/01 08:37</PriceUpdateDate>
      <ItemCode>5099864006391</ItemCode>
      <ItemType>1</ItemType>
      <ItemName>תחליף חלב שלב 3 מהדרין סימילאק (900 גרם)</ItemName>
      <ManufactureName>שקד תבל בעמ</ManufactureName>
      <ManufactureCountry />
      <ManufactureItemDescription />
      <UnitQty>יח`</UnitQty>
      <Quantity>900</Quantity>
      <UnitMeasure>גרם</UnitMeasure>
      <BisWeighted>0</BisWeighted>
      <QtyInPackage>1</QtyInPackage>
      <ItemPrice>77.90</ItemPrice>
      <UnitOfMeasurePrice>8.66</UnitOfMeasurePrice>
      <AllowDiscount>1</AllowDiscount>
      <itemStatus>1</itemStatus>
      <LastUpdateDate />
      <LastUpdateTime />
    </Product>
    <Product>
      <PriceUpdateDate>2018/04/25 08:57</PriceUpdateDate>
      <ItemCode>5200133120476</ItemCode>
      <ItemType>1</ItemType>
      <ItemName>גליליות וופלים 400 גרם אגוזים  וקקאו גול</ItemName>
      <ManufactureName>דיפלומט היינץ</ManufactureName>
      <ManufactureCountry />
      <ManufactureItemDescription />
      <UnitQty>יח`</UnitQty>
      <Quantity>400</Quantity>
      <UnitMeasure>גרם</UnitMeasure>
      <BisWeighted>0</BisWeighted>
      <QtyInPackage>1</QtyInPackage>
      <ItemPrice>16.90</ItemPrice>
      <UnitOfMeasurePrice>4.23</UnitOfMeasurePrice>
      <AllowDiscount>0</AllowDiscount>
      <itemStatus>1</itemStatus>
      <LastUpdateDate />
      <LastUpdateTime />
    </Product>
    <Product>
      <PriceUpdateDate>2018/04/25 08:57</PriceUpdateDate>
      <ItemCode>5200133120483</ItemCode>
      <ItemType>1</ItemType>
      <ItemName>גליליות וופלים 400 גרם וניל גולדן ברייק</ItemName>
      <ManufactureName>דיפלומט היינץ</ManufactureName>
      <ManufactureCountry />
      <ManufactureItemDescription />
      <UnitQty>יח`</UnitQty>
      <Quantity>400</Quantity>
      <UnitMeasure>גרם</UnitMeasure>
      <BisWeighted>0</BisWeighted>
      <QtyInPackage>1</QtyInPackage>
      <ItemPrice>16.90</ItemPrice>
      <UnitOfMeasurePrice>4.23</UnitOfMeasurePrice>
      <AllowDiscount>0</AllowDiscount>
      <itemStatus>1</itemStatus>
      <LastUpdateDate />
      <LastUpdateTime />
    </Product>
    <Product>
      <PriceUpdateDate>2015/11/29 15:17</PriceUpdateDate>
      <ItemCode>5201184066508</ItemCode>
      <ItemType>1</ItemType>
      <ItemName>נרות מספריים</ItemName>
      <ManufactureName>שמחה זה אנחנו בעמ</ManufactureName>
      <ManufactureCountry />
      <ManufactureItemDescription />
      <UnitQty>יח`</UnitQty>
      <Quantity>1</Quantity>
      <UnitMeasure />
      <BisWeighted>0</BisWeighted>
      <QtyInPackage>1</QtyInPackage>
      <ItemPrice>4.90</ItemPrice>
      <UnitOfMeasurePrice>4.90</UnitOfMeasurePrice>
      <AllowDiscount>0</AllowDiscount>
      <itemStatus>1</itemStatus>
      <LastUpdateDate />
      <LastUpdateTime />
    </Product>
    <Product>
      <PriceUpdateDate>2018/06/10 08:53</PriceUpdateDate>
      <ItemCode>5201360724741</ItemCode>
      <ItemType>1</ItemType>
      <ItemName>מארז רולדות אישיות במילוי וניל</ItemName>
      <ManufactureName>אבאל יזמות בעמ</ManufactureName>
      <ManufactureCountry />
      <ManufactureItemDescription />
      <UnitQty>יח`</UnitQty>
      <Quantity>1</Quantity>
      <UnitMeasure />
      <BisWeighted>0</BisWeighted>
      <QtyInPackage>1</QtyInPackage>
      <ItemPrice>10.90</ItemPrice>
      <UnitOfMeasurePrice>10.90</UnitOfMeasurePrice>
      <AllowDiscount>1</AllowDiscount>
      <itemStatus>1</itemStatus>
      <LastUpdateDate />
      <LastUpdateTime />
    </Product>
    <Product>
      <PriceUpdateDate>2018/06/10 11:35</PriceUpdateDate>
      <ItemCode>5201360797097</ItemCode>
      <ItemType>1</ItemType>
      <ItemName>עוגות ספוג אישיות שמינייה</ItemName>
      <ManufactureName>אבאל יזמות בעמ</ManufactureName>
      <ManufactureCountry />
      <ManufactureItemDescription />
      <UnitQty>יח`</UnitQty>
      <Quantity>1</Quantity>
      <UnitMeasure />
      <BisWeighted>0</BisWeighted>
      <QtyInPackage>1</QtyInPackage>
      <ItemPrice>11.90</ItemPrice>
      <UnitOfMeasurePrice>11.90</UnitOfMeasurePrice>
      <AllowDiscount>1</AllowDiscount>
      <itemStatus>1</itemStatus>
      <LastUpdateDate />
      <LastUpdateTime />
    </Product>
    <Product>
      <PriceUpdateDate>2018/06/10 11:35</PriceUpdateDate>
      <ItemCode>5201360797196</ItemCode>
      <ItemType>1</ItemType>
      <ItemName>עוגת ספוג מצופה קקאו סבן דייז (32x8 גרם)</ItemName>
      <ManufactureName>אבאל יזמות בעמ</ManufactureName>
      <ManufactureCountry />
      <ManufactureItemDescription />
      <UnitQty>יח`</UnitQty>
      <Quantity>1</Quantity>
      <UnitMeasure />
      <BisWeighted>0</BisWeighted>
      <QtyInPackage>1</QtyInPackage>
      <ItemPrice>11.90</ItemPrice>
      <UnitOfMeasurePrice>11.90</UnitOfMeasurePrice>
      <AllowDiscount>1</AllowDiscount>
      <itemStatus>1</itemStatus>
      <LastUpdateDate />
      <LastUpdateTime />
    </Product>
    <Product>
      <PriceUpdateDate>2014/04/24 11:05</PriceUpdateDate>
      <ItemCode>5201940010011</ItemCode>
      <ItemType>1</ItemType>
      <ItemName>זיתים שחורים בפח</ItemName>
      <ManufactureName>ג.וילי-פוד אינטרנשיונל בעמ</ManufactureName>
      <ManufactureCountry />
      <ManufactureItemDescription />
      <UnitQty>יח`</UnitQty>
      <Quantity>454</Quantity>
      <UnitMeasure>גרם</UnitMeasure>
      <BisWeighted>0</BisWeighted>
      <QtyInPackage>1</QtyInPackage>
      <ItemPrice>14.90</ItemPrice>
      <UnitOfMeasurePrice>3.28</UnitOfMeasurePrice>
      <AllowDiscount>0</AllowDiscount>
      <itemStatus>1</itemStatus>
      <LastUpdateDate />
      <LastUpdateTime />
    </Product>
    <Product>
      <PriceUpdateDate>2015/01/18 14:20</PriceUpdateDate>
      <ItemCode>5202300014595</ItemCode>
      <ItemType>1</ItemType>
      <ItemName>וולפלקס מוס 200 מל</ItemName>
      <ManufactureName>דיפלומט מפיצים (1968) בעמ</ManufactureName>
      <ManufactureCountry />
      <ManufactureItemDescription />
      <UnitQty>יח`</UnitQty>
      <Quantity>200</Quantity>
      <UnitMeasure>מ"ל</UnitMeasure>
      <BisWeighted>0</BisWeighted>
      <QtyInPackage>1</QtyInPackage>
      <ItemPrice>29.90</ItemPrice>
      <UnitOfMeasurePrice>14.95</UnitOfMeasurePrice>
      <AllowDiscount>0</AllowDiscount>
      <itemStatus>1</itemStatus>
      <LastUpdateDate />
      <LastUpdateTime />
    </Product>
    <Product>
      <PriceUpdateDate>2018/03/23 16:18</PriceUpdateDate>
      <ItemCode>5202390014192</ItemCode>
      <ItemType>1</ItemType>
      <ItemName>צהובה טבעונית עם זיתים</ItemName>
      <ManufactureName>ל.י.ב. (לחיות יותר בטבע) בעמ</ManufactureName>
      <ManufactureCountry />
      <ManufactureItemDescription />
      <UnitQty>יח`</UnitQty>
      <Quantity>1</Quantity>
      <UnitMeasure />
      <BisWeighted>0</BisWeighted>
      <QtyInPackage>1</QtyInPackage>
      <ItemPrice>22.90</ItemPrice>
      <UnitOfMeasurePrice>22.90</UnitOfMeasurePrice>
      <AllowDiscount>0</AllowDiscount>
      <itemStatus>1</itemStatus>
      <LastUpdateDate />
      <LastUpdateTime />
    </Product>
    <Product>
      <PriceUpdateDate>2016/04/04 09:57</PriceUpdateDate>
      <ItemCode>5202390015618</ItemCode>
      <ItemType>1</ItemType>
      <ItemName>צהובה טבעונית אורגינל</ItemName>
      <ManufactureName>ל.י.ב. (לחיות יותר בטבע) בעמ</ManufactureName>
      <ManufactureCountry />
      <ManufactureItemDescription />
      <UnitQty>יח`</UnitQty>
      <Quantity>1</Quantity>
      <UnitMeasure />
      <BisWeighted>0</BisWeighted>
      <QtyInPackage>1</QtyInPackage>
      <ItemPrice>22.90</ItemPrice>
      <UnitOfMeasurePrice>22.90</UnitOfMeasurePrice>
      <AllowDiscount>0</AllowDiscount>
      <itemStatus>1</itemStatus>
      <LastUpdateDate />
      <LastUpdateTime />
    </Product>
    <Product>
      <PriceUpdateDate>2017/08/06 08:18</PriceUpdateDate>
      <ItemCode>5310099005462</ItemCode>
      <ItemType>1</ItemType>
      <ItemName>מוזלי קראנצ`י שוקולד ובננה גרין (1 קג)</ItemName>
      <ManufactureName>משה סידס ובנו בעמ</ManufactureName>
      <ManufactureCountry />
      <ManufactureItemDescription />
      <UnitQty>יח`</UnitQty>
      <Quantity>1</Quantity>
      <UnitMeasure>גרם</UnitMeasure>
      <BisWeighted>0</BisWeighted>
      <QtyInPackage>1</QtyInPackage>
      <ItemPrice>25.90</ItemPrice>
      <UnitOfMeasurePrice>2590</UnitOfMeasurePrice>
      <AllowDiscount>1</AllowDiscount>
      <itemStatus>1</itemStatus>
      <LastUpdateDate />
      <LastUpdateTime />
    </Product>
    <Product>
      <PriceUpdateDate>2018/05/04 11:18</PriceUpdateDate>
      <ItemCode>5391523057929</ItemCode>
      <ItemType>1</ItemType>
      <ItemName>סימילאק גולד שלב 1 700 גר`</ItemName>
      <ManufactureName>שקד תבל בעמ</ManufactureName>
      <ManufactureCountry />
      <ManufactureItemDescription />
      <UnitQty>יח`</UnitQty>
      <Quantity>700</Quantity>
      <UnitMeasure>גרם</UnitMeasure>
      <BisWeighted>0</BisWeighted>
      <QtyInPackage>1</QtyInPackage>
      <ItemPrice>84.90</ItemPrice>
      <UnitOfMeasurePrice>12.13</UnitOfMeasurePrice>
      <AllowDiscount>1</AllowDiscount>
      <itemStatus>1</itemStatus>
      <LastUpdateDate />
      <LastUpdateTime />
    </Product>
    <Product>
      <PriceUpdateDate>2018/05/04 11:18</PriceUpdateDate>
      <ItemCode>5391523057936</ItemCode>
      <ItemType>1</ItemType>
      <ItemName>סימילאק גולד שלב 2 700 גר`</ItemName>
      <ManufactureName>שקד תבל בעמ</ManufactureName>
      <ManufactureCountry />
      <ManufactureItemDescription />
      <UnitQty>יח`</UnitQty>
      <Quantity>700</Quantity>
      <UnitMeasure>גרם</UnitMeasure>
      <BisWeighted>0</BisWeighted>
      <QtyInPackage>1</QtyInPackage>
      <ItemPrice>84.90</ItemPrice>
      <UnitOfMeasurePrice>12.13</UnitOfMeasurePrice>
      <AllowDiscount>1</AllowDiscount>
      <itemStatus>1</itemStatus>
      <LastUpdateDate />
      <LastUpdateTime />
    </Product>
    <Product>
      <PriceUpdateDate>2018/05/04 11:18</PriceUpdateDate>
      <ItemCode>5391523057943</ItemCode>
      <ItemType>1</ItemType>
      <ItemName>סימילאק גולד שלב 3 700 גר`</ItemName>
      <ManufactureName>שקד תבל בעמ</ManufactureName>
      <ManufactureCountry />
      <ManufactureItemDescription />
      <UnitQty>יח`</UnitQty>
      <Quantity>700</Quantity>
      <UnitMeasure>גרם</UnitMeasure>
      <BisWeighted>0</BisWeighted>
      <QtyInPackage>1</QtyInPackage>
      <ItemPrice>84.90</ItemPrice>
      <UnitOfMeasurePrice>12.13</UnitOfMeasurePrice>
      <AllowDiscount>1</AllowDiscount>
      <itemStatus>1</itemStatus>
      <LastUpdateDate />
      <LastUpdateTime />
    </Product>
    <Product>
      <PriceUpdateDate>2018/07/18 06:32</PriceUpdateDate>
      <ItemCode>5391523058070</ItemCode>
      <ItemType>1</ItemType>
      <ItemName>סימילאק אדוונס פלוס שלב 3 700 גר</ItemName>
      <ManufactureName>שקד תבל בעמ</ManufactureName>
      <ManufactureCountry />
      <ManufactureItemDescription />
      <UnitQty>יח`</UnitQty>
      <Quantity>700</Quantity>
      <UnitMeasure>גרם</UnitMeasure>
      <BisWeighted>0</BisWeighted>
      <QtyInPackage>1</QtyInPackage>
      <ItemPrice>69.90</ItemPrice>
      <UnitOfMeasurePrice>9.99</UnitOfMeasurePrice>
      <AllowDiscount>1</AllowDiscount>
      <itemStatus>1</itemStatus>
      <LastUpdateDate />
      <LastUpdateTime />
    </Product>
    <Product>
      <PriceUpdateDate>2018/07/18 06:32</PriceUpdateDate>
      <ItemCode>5391523058087</ItemCode>
      <ItemType>1</ItemType>
      <ItemName>סימילאק אדוונס פלוס שלב 2 700 גר</ItemName>
      <ManufactureName>שקד תבל בעמ</ManufactureName>
      <ManufactureCountry />
      <ManufactureItemDescription />
      <UnitQty>יח`</UnitQty>
      <Quantity>700</Quantity>
      <UnitMeasure>גרם</UnitMeasure>
      <BisWeighted>0</BisWeighted>
      <QtyInPackage>1</QtyInPackage>
      <ItemPrice>69.90</ItemPrice>
      <UnitOfMeasurePrice>9.99</UnitOfMeasurePrice>
      <AllowDiscount>1</AllowDiscount>
      <itemStatus>1</itemStatus>
      <LastUpdateDate />
      <LastUpdateTime />
    </Product>
    <Product>
      <PriceUpdateDate>2017/05/10 13:54</PriceUpdateDate>
      <ItemCode>5410076379378</ItemCode>
      <ItemType>1</ItemType>
      <ItemName>טייד קולור 5 קג</ItemName>
      <ManufactureName>דיפלומט מפיצים (1968) בעמ</ManufactureName>
      <ManufactureCountry />
      <ManufactureItemDescription />
      <UnitQty>יח`</UnitQty>
      <Quantity>5000</Quantity>
      <UnitMeasure>גרם</UnitMeasure>
      <BisWeighted>0</BisWeighted>
      <QtyInPackage>1</QtyInPackage>
      <ItemPrice>49.90</ItemPrice>
      <UnitOfMeasurePrice>1</UnitOfMeasurePrice>
      <AllowDiscount>1</AllowDiscount>
      <itemStatus>1</itemStatus>
      <LastUpdateDate />
      <LastUpdateTime />
    </Product>
    <Product>
      <PriceUpdateDate>2015/02/05 12:21</PriceUpdateDate>
      <ItemCode>5410076933129</ItemCode>
      <ItemType>1</ItemType>
      <ItemName>אריאל 3 קג`</ItemName>
      <ManufactureName>דיפלומט מפיצים (1968) בעמ</ManufactureName>
      <ManufactureCountry />
      <ManufactureItemDescription />
      <UnitQty>יח`</UnitQty>
      <Quantity>3000</Quantity>
      <UnitMeasure>גרם</UnitMeasure>
      <BisWeighted>0</BisWeighted>
      <QtyInPackage>1</QtyInPackage>
      <ItemPrice>34.90</ItemPrice>
      <UnitOfMeasurePrice>1.16</UnitOfMeasurePrice>
      <AllowDiscount>0</AllowDiscount>
      <itemStatus>1</itemStatus>
      <LastUpdateDate />
      <LastUpdateTime />
    </Product>
    <Product>
      <PriceUpdateDate>2015/12/04 06:46</PriceUpdateDate>
      <ItemCode>5410103161518</ItemCode>
      <ItemType>1</ItemType>
      <ItemName>קרם לחות פעולה משולשת רגיל לוריאל</ItemName>
      <ManufactureName>לוריאל ישראל קוסמטיקס בעמ</ManufactureName>
      <ManufactureCountry />
      <ManufactureItemDescription />
      <UnitQty>יח`</UnitQty>
      <Quantity>50</Quantity>
      <UnitMeasure>מ"ל</UnitMeasure>
      <BisWeighted>0</BisWeighted>
      <QtyInPackage>1</QtyInPackage>
      <ItemPrice>49.90</ItemPrice>
      <UnitOfMeasurePrice>99.80</UnitOfMeasurePrice>
      <AllowDiscount>1</AllowDiscount>
      <itemStatus>1</itemStatus>
      <LastUpdateDate />
      <LastUpdateTime />
    </Product>
    <Product>
      <PriceUpdateDate>2015/12/04 06:46</PriceUpdateDate>
      <ItemCode>5410103161617</ItemCode>
      <ItemType>1</ItemType>
      <ItemName>קרם לחות פעולה משולשת יבש לוריאל</ItemName>
      <ManufactureName>לוריאל ישראל קוסמטיקס בעמ</ManufactureName>
      <ManufactureCountry />
      <ManufactureItemDescription />
      <UnitQty>יח`</UnitQty>
      <Quantity>50</Quantity>
      <UnitMeasure>מ"ל</UnitMeasure>
      <BisWeighted>0</BisWeighted>
      <QtyInPackage>1</QtyInPackage>
      <ItemPrice>49.90</ItemPrice>
      <UnitOfMeasurePrice>99.80</UnitOfMeasurePrice>
      <AllowDiscount>1</AllowDiscount>
      <itemStatus>1</itemStatus>
      <LastUpdateDate />
      <LastUpdateTime />
    </Product>
    <Product>
      <PriceUpdateDate>2013/12/15 07:03</PriceUpdateDate>
      <ItemCode>5410126006087</ItemCode>
      <ItemType>1</ItemType>
      <ItemName>ביסקוויט בטעם קרמל לוטוס (700 גרם)</ItemName>
      <ManufactureName>דיפלומט היינץ</ManufactureName>
      <ManufactureCountry />
      <ManufactureItemDescription />
      <UnitQty>יח`</UnitQty>
      <Quantity>700</Quantity>
      <UnitMeasure>גרם</UnitMeasure>
      <BisWeighted>0</BisWeighted>
      <QtyInPackage>1</QtyInPackage>
      <ItemPrice>27.90</ItemPrice>
      <UnitOfMeasurePrice>3.99</UnitOfMeasurePrice>
      <AllowDiscount>1</AllowDiscount>
      <itemStatus>1</itemStatus>
      <LastUpdateDate />
      <LastUpdateTime />
    </Product>
    <Product>
      <PriceUpdateDate>2015/05/27 14:32</PriceUpdateDate>
      <ItemCode>5410126116953</ItemCode>
      <ItemType>1</ItemType>
      <ItemName>ממרח ביסקוויט קרמל לוטוס (400 גרם)</ItemName>
      <ManufactureName>דיפלומט היינץ</ManufactureName>
      <ManufactureCountry />
      <ManufactureItemDescription />
      <UnitQty>יח`</UnitQty>
      <Quantity>400</Quantity>
      <UnitMeasure>גרם</UnitMeasure>
      <BisWeighted>0</BisWeighted>
      <QtyInPackage>1</QtyInPackage>
      <ItemPrice>21.90</ItemPrice>
      <UnitOfMeasurePrice>5.48</UnitOfMeasurePrice>
      <AllowDiscount>1</AllowDiscount>
      <itemStatus>1</itemStatus>
      <LastUpdateDate />
      <LastUpdateTime />
    </Product>
    <Product>
      <PriceUpdateDate>2018/08/23 06:42</PriceUpdateDate>
      <ItemCode>5410126666038</ItemCode>
      <ItemType>1</ItemType>
      <ItemName>עוגיות לוטוס 2*18 279 גר`</ItemName>
      <ManufactureName>דיפלומט היינץ</ManufactureName>
      <ManufactureCountry />
      <ManufactureItemDescription />
      <UnitQty>יח`</UnitQty>
      <Quantity>279</Quantity>
      <UnitMeasure>גרם</UnitMeasure>
      <BisWeighted>0</BisWeighted>
      <QtyInPackage>1</QtyInPackage>
      <ItemPrice>12.90</ItemPrice>
      <UnitOfMeasurePrice>4.62</UnitOfMeasurePrice>
      <AllowDiscount>0</AllowDiscount>
      <itemStatus>1</itemStatus>
      <LastUpdateDate />
      <LastUpdateTime />
    </Product>
    <Product>
      <PriceUpdateDate>2014/05/11 12:18</PriceUpdateDate>
      <ItemCode>5410126716016</ItemCode>
      <ItemType>1</ItemType>
      <ItemName>ביסקוויט בטעם קרמל לוטוס (250 גרם)</ItemName>
      <ManufactureName>דיפלומט היינץ</ManufactureName>
      <ManufactureCountry />
      <ManufactureItemDescription />
      <UnitQty>יח`</UnitQty>
      <Quantity>250</Quantity>
      <UnitMeasure>גרם</UnitMeasure>
      <BisWeighted>0</BisWeighted>
      <QtyInPackage>1</QtyInPackage>
      <ItemPrice>11.90</ItemPrice>
      <UnitOfMeasurePrice>4.76</UnitOfMeasurePrice>
      <AllowDiscount>0</AllowDiscount>
      <itemStatus>1</itemStatus>
      <LastUpdateDate />
      <LastUpdateTime />
    </Product>
    <Product>
      <PriceUpdateDate>2015/05/27 14:32</PriceUpdateDate>
      <ItemCode>5410126726947</ItemCode>
      <ItemType>1</ItemType>
      <ItemName>ממרח עוגיות לוטוס קראנץ` 380 גר`</ItemName>
      <ManufactureName>דיפלומט היינץ</ManufactureName>
      <ManufactureCountry />
      <ManufactureItemDescription />
      <UnitQty>יח`</UnitQty>
      <Quantity>380</Quantity>
      <UnitMeasure>גרם</UnitMeasure>
      <BisWeighted>0</BisWeighted>
      <QtyInPackage>1</QtyInPackage>
      <ItemPrice>22.90</ItemPrice>
      <UnitOfMeasurePrice>6.03</UnitOfMeasurePrice>
      <AllowDiscount>1</AllowDiscount>
      <itemStatus>1</itemStatus>
      <LastUpdateDate />
      <LastUpdateTime />
    </Product>
    <Product>
      <PriceUpdateDate>2017/02/08 08:21</PriceUpdateDate>
      <ItemCode>5410228146162</ItemCode>
      <ItemType>1</ItemType>
      <ItemName>בירה לף בראון (330 מל)</ItemName>
      <ManufactureName>החברה המרכזית להפצת משקאות בעמ</ManufactureName>
      <ManufactureCountry />
      <ManufactureItemDescription />
      <UnitQty>יח`</UnitQty>
      <Quantity>1</Quantity>
      <UnitMeasure />
      <BisWeighted>0</BisWeighted>
      <QtyInPackage>1</QtyInPackage>
      <ItemPrice>8.90</ItemPrice>
      <UnitOfMeasurePrice>8.90</UnitOfMeasurePrice>
      <AllowDiscount>0</AllowDiscount>
      <itemStatus>1</itemStatus>
      <LastUpdateDate />
      <LastUpdateTime />
    </Product>
    <Product>
      <PriceUpdateDate>2017/02/08 08:21</PriceUpdateDate>
      <ItemCode>5410228224921</ItemCode>
      <ItemType>1</ItemType>
      <ItemName>הוגרדן 330 מל בודד</ItemName>
      <ManufactureName>החברה המרכזית להפצת משקאות בעמ</ManufactureName>
      <ManufactureCountry />
      <ManufactureItemDescription />
      <UnitQty>יח`</UnitQty>
      <Quantity>330</Quantity>
      <UnitMeasure>מ"ל</UnitMeasure>
      <BisWeighted>0</BisWeighted>
      <QtyInPackage>1</QtyInPackage>
      <ItemPrice>8.90</ItemPrice>
      <UnitOfMeasurePrice>2.61</UnitOfMeasurePrice>
      <AllowDiscount>0</AllowDiscount>
      <itemStatus>1</itemStatus>
      <LastUpdateDate />
      <LastUpdateTime />
    </Product>
    <Product>
      <PriceUpdateDate>2017/02/08 08:21</PriceUpdateDate>
      <ItemCode>5410228226963</ItemCode>
      <ItemType>1</ItemType>
      <ItemName>לף בלונד 330 מל</ItemName>
      <ManufactureName>החברה המרכזית להפצת משקאות בעמ</ManufactureName>
      <ManufactureCountry />
      <ManufactureItemDescription />
      <UnitQty>יח`</UnitQty>
      <Quantity>330</Quantity>
      <UnitMeasure>מ"ל</UnitMeasure>
      <BisWeighted>0</BisWeighted>
      <QtyInPackage>1</QtyInPackage>
      <ItemPrice>8.90</ItemPrice>
      <UnitOfMeasurePrice>2.61</UnitOfMeasurePrice>
      <AllowDiscount>0</AllowDiscount>
      <itemStatus>1</itemStatus>
      <LastUpdateDate />
      <LastUpdateTime />
    </Product>
    <Product>
      <PriceUpdateDate>2016/09/04 13:08</PriceUpdateDate>
      <ItemCode>5410291021991</ItemCode>
      <ItemType>1</ItemType>
      <ItemName>ממרח אגוזי לוז עם קקאו צ`וקטה (700 גרם)</ItemName>
      <ManufactureName>ליימן שליסל בעמ</ManufactureName>
      <ManufactureCountry />
      <ManufactureItemDescription />
      <UnitQty>יח`</UnitQty>
      <Quantity>700</Quantity>
      <UnitMeasure>גרם</UnitMeasure>
      <BisWeighted>0</BisWeighted>
      <QtyInPackage>1</QtyInPackage>
      <ItemPrice>17.90</ItemPrice>
      <UnitOfMeasurePrice>2.56</UnitOfMeasurePrice>
      <AllowDiscount>0</AllowDiscount>
      <itemStatus>1</itemStatus>
      <LastUpdateDate />
      <LastUpdateTime />
    </Product>
    <Product>
      <PriceUpdateDate>2017/07/30 08:51</PriceUpdateDate>
      <ItemCode>5410291022011</ItemCode>
      <ItemType>1</ItemType>
      <ItemName>ממרח אגוזי לוז עם קקאו צ`וקטה (350 גרם)</ItemName>
      <ManufactureName>ליימן שליסל בעמ</ManufactureName>
      <ManufactureCountry />
      <ManufactureItemDescription />
      <UnitQty>יח`</UnitQty>
      <Quantity>350</Quantity>
      <UnitMeasure>גרם</UnitMeasure>
      <BisWeighted>0</BisWeighted>
      <QtyInPackage>1</QtyInPackage>
      <ItemPrice>10.90</ItemPrice>
      <UnitOfMeasurePrice>3.11</UnitOfMeasurePrice>
      <AllowDiscount>0</AllowDiscount>
      <itemStatus>1</itemStatus>
      <LastUpdateDate />
      <LastUpdateTime />
    </Product>
    <Product>
      <PriceUpdateDate>2017/07/30 08:51</PriceUpdateDate>
      <ItemCode>5410291022738</ItemCode>
      <ItemType>1</ItemType>
      <ItemName>ממרח צ`וקטה אגוזי לוז עם קקאו 350 גר חום</ItemName>
      <ManufactureName>ליימן שליסל בעמ</ManufactureName>
      <ManufactureCountry />
      <ManufactureItemDescription />
      <UnitQty>יח`</UnitQty>
      <Quantity>350</Quantity>
      <UnitMeasure>גרם</UnitMeasure>
      <BisWeighted>0</BisWeighted>
      <QtyInPackage>1</QtyInPackage>
      <ItemPrice>10.90</ItemPrice>
      <UnitOfMeasurePrice>3.11</UnitOfMeasurePrice>
      <AllowDiscount>0</AllowDiscount>
      <itemStatus>1</itemStatus>
      <LastUpdateDate />
      <LastUpdateTime />
    </Product>
    <Product>
      <PriceUpdateDate>2017/07/30 08:51</PriceUpdateDate>
      <ItemCode>5410291022752</ItemCode>
      <ItemType>1</ItemType>
      <ItemName>ממרח צ`וקטה 350  גר`פרווה</ItemName>
      <ManufactureName>ליימן שליסל בעמ</ManufactureName>
      <ManufactureCountry />
      <ManufactureItemDescription />
      <UnitQty>יח`</UnitQty>
      <Quantity>350</Quantity>
      <UnitMeasure>גרם</UnitMeasure>
      <BisWeighted>0</BisWeighted>
      <QtyInPackage>1</QtyInPackage>
      <ItemPrice>10.90</ItemPrice>
      <UnitOfMeasurePrice>3.11</UnitOfMeasurePrice>
      <AllowDiscount>0</AllowDiscount>
      <itemStatus>1</itemStatus>
      <LastUpdateDate />
      <LastUpdateTime />
    </Product>
    <Product>
      <PriceUpdateDate>2015/04/29 10:24</PriceUpdateDate>
      <ItemCode>5410316983693</ItemCode>
      <ItemType>1</ItemType>
      <ItemName>אייס סמירנוף (275 מל)</ItemName>
      <ManufactureName>החברה המרכזית להפצת משקאות בעמ</ManufactureName>
      <ManufactureCountry />
      <ManufactureItemDescription />
      <UnitQty>יח`</UnitQty>
      <Quantity>275</Quantity>
      <UnitMeasure>מ"ל</UnitMeasure>
      <BisWeighted>0</BisWeighted>
      <QtyInPackage>1</QtyInPackage>
      <ItemPrice>12.90</ItemPrice>
      <UnitOfMeasurePrice>4.58</UnitOfMeasurePrice>
      <AllowDiscount>0</AllowDiscount>
      <itemStatus>1</itemStatus>
      <LastUpdateDate />
      <LastUpdateTime />
    </Product>
    <Product>
      <PriceUpdateDate>2016/02/01 08:57</PriceUpdateDate>
      <ItemCode>5411188080268</ItemCode>
      <ItemType>1</ItemType>
      <ItemName>משקה סויה אלפרו אורגני אלפרו (1 ליטר)</ItemName>
      <ManufactureName>ש.שסטוביץ בעמ</ManufactureName>
      <ManufactureCountry />
      <ManufactureItemDescription />
      <UnitQty>יח`</UnitQty>
      <Quantity>1000</Quantity>
      <UnitMeasure>מ"ל</UnitMeasure>
      <BisWeighted>0</BisWeighted>
      <QtyInPackage>1</QtyInPackage>
      <ItemPrice>14.90</ItemPrice>
      <UnitOfMeasurePrice>1.49</UnitOfMeasurePrice>
      <AllowDiscount>1</AllowDiscount>
      <itemStatus>1</itemStatus>
      <LastUpdateDate />
      <LastUpdateTime />
    </Product>
    <Product>
      <PriceUpdateDate>2016/02/01 08:57</PriceUpdateDate>
      <ItemCode>5411188081852</ItemCode>
      <ItemType>1</ItemType>
      <ItemName>אלפרו סויה וניל 1 ליטר</ItemName>
      <ManufactureName>ש.שסטוביץ בעמ</ManufactureName>
      <ManufactureCountry />
      <ManufactureItemDescription />
      <UnitQty>יח`</UnitQty>
      <Quantity>1000</Quantity>
      <UnitMeasure>מ"ל</UnitMeasure>
      <BisWeighted>0</BisWeighted>
      <QtyInPackage>1</QtyInPackage>
      <ItemPrice>14.90</ItemPrice>
      <UnitOfMeasurePrice>1.49</UnitOfMeasurePrice>
      <AllowDiscount>1</AllowDiscount>
      <itemStatus>1</itemStatus>
      <LastUpdateDate />
      <LastUpdateTime />
    </Product>
    <Product>
      <PriceUpdateDate>2015/09/09 09:45</PriceUpdateDate>
      <ItemCode>5411188094159</ItemCode>
      <ItemType>1</ItemType>
      <ItemName>אלפרו מעדן סויה בטעם שוקו מריר רביעייה</ItemName>
      <ManufactureName>ש.שסטוביץ בעמ</ManufactureName>
      <ManufactureCountry />
      <ManufactureItemDescription />
      <UnitQty>יח`</UnitQty>
      <Quantity>500</Quantity>
      <UnitMeasure>גרם</UnitMeasure>
      <BisWeighted>0</BisWeighted>
      <QtyInPackage>1</QtyInPackage>
      <ItemPrice>16.90</ItemPrice>
      <UnitOfMeasurePrice>3.38</UnitOfMeasurePrice>
      <AllowDiscount>0</AllowDiscount>
      <itemStatus>1</itemStatus>
      <LastUpdateDate />
      <LastUpdateTime />
    </Product>
    <Product>
      <PriceUpdateDate>2014/11/26 16:16</PriceUpdateDate>
      <ItemCode>5411188111375</ItemCode>
      <ItemType>1</ItemType>
      <ItemName>משקה אורז בטעם וניל אלפרו (1 ליטר)</ItemName>
      <ManufactureName>ש.שסטוביץ בעמ</ManufactureName>
      <ManufactureCountry />
      <ManufactureItemDescription />
      <UnitQty>יח`</UnitQty>
      <Quantity>1</Quantity>
      <UnitMeasure>מ"ל</UnitMeasure>
      <BisWeighted>0</BisWeighted>
      <QtyInPackage>1</QtyInPackage>
      <ItemPrice>13.90</ItemPrice>
      <UnitOfMeasurePrice>1390</UnitOfMeasurePrice>
      <AllowDiscount>1</AllowDiscount>
      <itemStatus>1</itemStatus>
      <LastUpdateDate />
      <LastUpdateTime />
    </Product>
    <Product>
      <PriceUpdateDate>2016/02/28 10:07</PriceUpdateDate>
      <ItemCode>5411188112709</ItemCode>
      <ItemType>1</ItemType>
      <ItemName>משקה שקדים ללא תוספת סוכר אלפרו (1 ליטר)</ItemName>
      <ManufactureName>ש.שסטוביץ בעמ</ManufactureName>
      <ManufactureCountry />
      <ManufactureItemDescription />
      <UnitQty>יח`</UnitQty>
      <Quantity>1</Quantity>
      <UnitMeasure>מ"ל</UnitMeasure>
      <BisWeighted>0</BisWeighted>
      <QtyInPackage>1</QtyInPackage>
      <ItemPrice>13.90</ItemPrice>
      <UnitOfMeasurePrice>1390</UnitOfMeasurePrice>
      <AllowDiscount>1</AllowDiscount>
      <itemStatus>1</itemStatus>
      <LastUpdateDate />
      <LastUpdateTime />
    </Product>
    <Product>
      <PriceUpdateDate>2016/07/14 08:13</PriceUpdateDate>
      <ItemCode>5411188114666</ItemCode>
      <ItemType>1</ItemType>
      <ItemName>אלפרו משקה שקדים בטעם שוקולד מריר 1 ליט</ItemName>
      <ManufactureName>ש.שסטוביץ בעמ</ManufactureName>
      <ManufactureCountry />
      <ManufactureItemDescription />
      <UnitQty>יח`</UnitQty>
      <Quantity>1000</Quantity>
      <UnitMeasure>מ"ל</UnitMeasure>
      <BisWeighted>0</BisWeighted>
      <QtyInPackage>1</QtyInPackage>
      <ItemPrice>13.90</ItemPrice>
      <UnitOfMeasurePrice>1.39</UnitOfMeasurePrice>
      <AllowDiscount>1</AllowDiscount>
      <itemStatus>1</itemStatus>
      <LastUpdateDate />
      <LastUpdateTime />
    </Product>
    <Product>
      <PriceUpdateDate>2017/05/05 07:52</PriceUpdateDate>
      <ItemCode>5411188122661</ItemCode>
      <ItemType>1</ItemType>
      <ItemName>אלפרו משקה שקדים לא קלויים ללא תוספת סוכ</ItemName>
      <ManufactureName>ש.שסטוביץ בעמ</ManufactureName>
      <ManufactureCountry />
      <ManufactureItemDescription />
      <UnitQty>יח`</UnitQty>
      <Quantity>1</Quantity>
      <UnitMeasure>1 ליטר</UnitMeasure>
      <BisWeighted>0</BisWeighted>
      <QtyInPackage>1</QtyInPackage>
      <ItemPrice>13.90</ItemPrice>
      <UnitOfMeasurePrice>13.90</UnitOfMeasurePrice>
      <AllowDiscount>1</AllowDiscount>
      <itemStatus>1</itemStatus>
      <LastUpdateDate />
      <LastUpdateTime />
    </Product>
    <Product>
      <PriceUpdateDate>2018/06/08 09:33</PriceUpdateDate>
      <ItemCode>5411188126195</ItemCode>
      <ItemType>1</ItemType>
      <ItemName>משקה שקדים אורגני 1 ליטר אלפרו</ItemName>
      <ManufactureName>ש.שסטוביץ בעמ</ManufactureName>
      <ManufactureCountry />
      <ManufactureItemDescription />
      <UnitQty>יח`</UnitQty>
      <Quantity>1000</Quantity>
      <UnitMeasure>מ"ל</UnitMeasure>
      <BisWeighted>0</BisWeighted>
      <QtyInPackage>1</QtyInPackage>
      <ItemPrice>13.90</ItemPrice>
      <UnitOfMeasurePrice>1.39</UnitOfMeasurePrice>
      <AllowDiscount>1</AllowDiscount>
      <itemStatus>1</itemStatus>
      <LastUpdateDate />
      <LastUpdateTime />
    </Product>
    <Product>
      <PriceUpdateDate>2018/01/08 16:37</PriceUpdateDate>
      <ItemCode>5411188511137</ItemCode>
      <ItemType>1</ItemType>
      <ItemName>משקה סויה אורגני ללא סוכר 1 ליטר אלפרו</ItemName>
      <ManufactureName>ש.שסטוביץ בעמ</ManufactureName>
      <ManufactureCountry />
      <ManufactureItemDescription />
      <UnitQty>יח`</UnitQty>
      <Quantity>1</Quantity>
      <UnitMeasure>מ"ל</UnitMeasure>
      <BisWeighted>0</BisWeighted>
      <QtyInPackage>1</QtyInPackage>
      <ItemPrice>14.90</ItemPrice>
      <UnitOfMeasurePrice>1490</UnitOfMeasurePrice>
      <AllowDiscount>1</AllowDiscount>
      <itemStatus>1</itemStatus>
      <LastUpdateDate />
      <LastUpdateTime />
    </Product>
    <Product>
      <PriceUpdateDate>2019/12/29 08:41</PriceUpdateDate>
      <ItemCode>5411223030081</ItemCode>
      <ItemType>1</ItemType>
      <ItemName>בירה דובדבן לינדמנס קריק (250 מל)</ItemName>
      <ManufactureName>הכרם - משקאות חריפים בעמ</ManufactureName>
      <ManufactureCountry />
      <ManufactureItemDescription />
      <UnitQty>יח`</UnitQty>
      <Quantity>250</Quantity>
      <UnitMeasure>מ"ל</UnitMeasure>
      <BisWeighted>0</BisWeighted>
      <QtyInPackage>1</QtyInPackage>
      <ItemPrice>13.90</ItemPrice>
      <UnitOfMeasurePrice>5.44</UnitOfMeasurePrice>
      <AllowDiscount>1</AllowDiscount>
      <itemStatus>1</itemStatus>
      <LastUpdateDate />
      <LastUpdateTime />
    </Product>
    <Product>
      <PriceUpdateDate>2019/10/28 08:14</PriceUpdateDate>
      <ItemCode>5411681038001</ItemCode>
      <ItemType>1</ItemType>
      <ItemName>בירה טריפל מרדסו (330 מל)</ItemName>
      <ManufactureName>הכרם - משקאות חריפים בעמ</ManufactureName>
      <ManufactureCountry />
      <ManufactureItemDescription />
      <UnitQty>יח`</UnitQty>
      <Quantity>330</Quantity>
      <UnitMeasure>מ"ל</UnitMeasure>
      <BisWeighted>0</BisWeighted>
      <QtyInPackage>1</QtyInPackage>
      <ItemPrice>14.90</ItemPrice>
      <UnitOfMeasurePrice>4.42</UnitOfMeasurePrice>
      <AllowDiscount>1</AllowDiscount>
      <itemStatus>1</itemStatus>
      <LastUpdateDate />
      <LastUpdateTime />
    </Product>
    <Product>
      <PriceUpdateDate>2020/03/15 14:48</PriceUpdateDate>
      <ItemCode>5413149922907</ItemCode>
      <ItemType>1</ItemType>
      <ItemName>אריאל 5 קג` קולור</ItemName>
      <ManufactureName>דיפלומט מפיצים (1968) בעמ</ManufactureName>
      <ManufactureCountry />
      <ManufactureItemDescription />
      <UnitQty>יח`</UnitQty>
      <Quantity>5000</Quantity>
      <UnitMeasure>גרם</UnitMeasure>
      <BisWeighted>0</BisWeighted>
      <QtyInPackage>1</QtyInPackage>
      <ItemPrice>44.90</ItemPrice>
      <UnitOfMeasurePrice>0.90</UnitOfMeasurePrice>
      <AllowDiscount>1</AllowDiscount>
      <itemStatus>1</itemStatus>
      <LastUpdateDate />
      <LastUpdateTime />
    </Product>
    <Product>
      <PriceUpdateDate>2017/04/04 13:54</PriceUpdateDate>
      <ItemCode>5413149930025</ItemCode>
      <ItemType>1</ItemType>
      <ItemName>טייד 5 קג`</ItemName>
      <ManufactureName>דיפלומט מפיצים (1968) בעמ</ManufactureName>
      <ManufactureCountry />
      <ManufactureItemDescription />
      <UnitQty>יח`</UnitQty>
      <Quantity>5</Quantity>
      <UnitMeasure>ק"ג</UnitMeasure>
      <BisWeighted>0</BisWeighted>
      <QtyInPackage>1</QtyInPackage>
      <ItemPrice>49.90</ItemPrice>
      <UnitOfMeasurePrice>9.98</UnitOfMeasurePrice>
      <AllowDiscount>1</AllowDiscount>
      <itemStatus>1</itemStatus>
      <LastUpdateDate />
      <LastUpdateTime />
    </Product>
    <Product>
      <PriceUpdateDate>2015/12/28 08:17</PriceUpdateDate>
      <ItemCode>5601008200451</ItemCode>
      <ItemType>1</ItemType>
      <ItemName>מרבה גודיס שוקולד מריר</ItemName>
      <ManufactureName>ש.שסטוביץ בעמ</ManufactureName>
      <ManufactureCountry />
      <ManufactureItemDescription />
      <UnitQty>יח`</UnitQty>
      <Quantity>150</Quantity>
      <UnitMeasure>גרם</UnitMeasure>
      <BisWeighted>0</BisWeighted>
      <QtyInPackage>1</QtyInPackage>
      <ItemPrice>7.90</ItemPrice>
      <UnitOfMeasurePrice>5.27</UnitOfMeasurePrice>
      <AllowDiscount>1</AllowDiscount>
      <itemStatus>1</itemStatus>
      <LastUpdateDate />
      <LastUpdateTime />
    </Product>
    <Product>
      <PriceUpdateDate>2015/12/28 08:17</PriceUpdateDate>
      <ItemCode>5601008200468</ItemCode>
      <ItemType>1</ItemType>
      <ItemName>עוגיות גודיז שוקולד לבן מרבה (150 גרם)</ItemName>
      <ManufactureName>ש.שסטוביץ בעמ</ManufactureName>
      <ManufactureCountry />
      <ManufactureItemDescription />
      <UnitQty>יח`</UnitQty>
      <Quantity>150</Quantity>
      <UnitMeasure>גרם</UnitMeasure>
      <BisWeighted>0</BisWeighted>
      <QtyInPackage>1</QtyInPackage>
      <ItemPrice>7.90</ItemPrice>
      <UnitOfMeasurePrice>5.27</UnitOfMeasurePrice>
      <AllowDiscount>1</AllowDiscount>
      <itemStatus>1</itemStatus>
      <LastUpdateDate />
      <LastUpdateTime />
    </Product>
    <Product>
      <PriceUpdateDate>2016/05/17 08:21</PriceUpdateDate>
      <ItemCode>5701092108708</ItemCode>
      <ItemType>1</ItemType>
      <ItemName>פיניש קוואנטום 20 טבליות לימון</ItemName>
      <ManufactureName>רקיט בנקיזר (ניר איסט) בעמ</ManufactureName>
      <ManufactureCountry />
      <ManufactureItemDescription />
      <UnitQty>יח`</UnitQty>
      <Quantity>1</Quantity>
      <UnitMeasure />
      <BisWeighted>0</BisWeighted>
      <QtyInPackage>1</QtyInPackage>
      <ItemPrice>29.90</ItemPrice>
      <UnitOfMeasurePrice>29.90</UnitOfMeasurePrice>
      <AllowDiscount>1</AllowDiscount>
      <itemStatus>1</itemStatus>
      <LastUpdateDate />
      <LastUpdateTime />
    </Product>
    <Product>
      <PriceUpdateDate>2018/10/17 10:51</PriceUpdateDate>
      <ItemCode>5701932026964</ItemCode>
      <ItemType>1</ItemType>
      <ItemName>הוט פופ 600 גר`</ItemName>
      <ManufactureName>ליימן שליסל בעמ</ManufactureName>
      <ManufactureCountry />
      <ManufactureItemDescription />
      <UnitQty>יח`</UnitQty>
      <Quantity>150</Quantity>
      <UnitMeasure>מ"ל</UnitMeasure>
      <BisWeighted>0</BisWeighted>
      <QtyInPackage>1</QtyInPackage>
      <ItemPrice>15.90</ItemPrice>
      <UnitOfMeasurePrice>10.60</UnitOfMeasurePrice>
      <AllowDiscount>0</AllowDiscount>
      <itemStatus>1</itemStatus>
      <LastUpdateDate />
      <LastUpdateTime />
    </Product>
    <Product>
      <PriceUpdateDate>2018/10/17 10:51</PriceUpdateDate>
      <ItemCode>5701932026971</ItemCode>
      <ItemType>1</ItemType>
      <ItemName>הוט פופ חמאה 600 גר`</ItemName>
      <ManufactureName>ליימן שליסל בעמ</ManufactureName>
      <ManufactureCountry />
      <ManufactureItemDescription />
      <UnitQty>יח`</UnitQty>
      <Quantity>600</Quantity>
      <UnitMeasure>גרם</UnitMeasure>
      <BisWeighted>0</BisWeighted>
      <QtyInPackage>1</QtyInPackage>
      <ItemPrice>15.90</ItemPrice>
      <UnitOfMeasurePrice>2.65</UnitOfMeasurePrice>
      <AllowDiscount>0</AllowDiscount>
      <itemStatus>1</itemStatus>
      <LastUpdateDate />
      <LastUpdateTime />
    </Product>
    <Product>
      <PriceUpdateDate>2019/11/28 10:10</PriceUpdateDate>
      <ItemCode>5710840209437</ItemCode>
      <ItemType>1</ItemType>
      <ItemName>טבק באלי נטורל 40  גר`בודד</ItemName>
      <ManufactureName>דובק בעמ</ManufactureName>
      <ManufactureCountry />
      <ManufactureItemDescription />
      <UnitQty>יח`</UnitQty>
      <Quantity>1</Quantity>
      <UnitMeasure />
      <BisWeighted>0</BisWeighted>
      <QtyInPackage>1</QtyInPackage>
      <ItemPrice>85</ItemPrice>
      <UnitOfMeasurePrice>85</UnitOfMeasurePrice>
      <AllowDiscount>0</AllowDiscount>
      <itemStatus>1</itemStatus>
      <LastUpdateDate />
      <LastUpdateTime />
    </Product>
    <Product>
      <PriceUpdateDate>2019/11/28 10:10</PriceUpdateDate>
      <ItemCode>5710840210013</ItemCode>
      <ItemType>1</ItemType>
      <ItemName>טבק באלי לבן 40  גר`בודד</ItemName>
      <ManufactureName>דובק בעמ</ManufactureName>
      <ManufactureCountry />
      <ManufactureItemDescription />
      <UnitQty>יח`</UnitQty>
      <Quantity>1</Quantity>
      <UnitMeasure />
      <BisWeighted>0</BisWeighted>
      <QtyInPackage>1</QtyInPackage>
      <ItemPrice>85</ItemPrice>
      <UnitOfMeasurePrice>85</UnitOfMeasurePrice>
      <AllowDiscount>0</AllowDiscount>
      <itemStatus>1</itemStatus>
      <LastUpdateDate />
      <LastUpdateTime />
    </Product>
    <Product>
      <PriceUpdateDate>2020/01/15 17:12</PriceUpdateDate>
      <ItemCode>5711953105951</ItemCode>
      <ItemType>1</ItemType>
      <ItemName>דנאבלו גבינה כחולה 100 גר קסטלו</ItemName>
      <ManufactureName>שטראוס גרופ בעמ/מצונן</ManufactureName>
      <ManufactureCountry />
      <ManufactureItemDescription />
      <UnitQty>יח`</UnitQty>
      <Quantity>100</Quantity>
      <UnitMeasure>גרם</UnitMeasure>
      <BisWeighted>0</BisWeighted>
      <QtyInPackage>1</QtyInPackage>
      <ItemPrice>19.90</ItemPrice>
      <UnitOfMeasurePrice>19.90</UnitOfMeasurePrice>
      <AllowDiscount>1</AllowDiscount>
      <itemStatus>1</itemStatus>
      <LastUpdateDate />
      <LastUpdateTime />
    </Product>
    <Product>
      <PriceUpdateDate>2019/11/15 10:12</PriceUpdateDate>
      <ItemCode>5711953106583</ItemCode>
      <ItemType>1</ItemType>
      <ItemName>גבינת שמנת עשבי טבעי 200 גר` ארלה</ItemName>
      <ManufactureName>שטראוס גרופ בעמ/מצונן</ManufactureName>
      <ManufactureCountry />
      <ManufactureItemDescription />
      <UnitQty>יח`</UnitQty>
      <Quantity>200</Quantity>
      <UnitMeasure>גרם</UnitMeasure>
      <BisWeighted>0</BisWeighted>
      <QtyInPackage>1</QtyInPackage>
      <ItemPrice>14.90</ItemPrice>
      <UnitOfMeasurePrice>7.45</UnitOfMeasurePrice>
      <AllowDiscount>1</AllowDiscount>
      <itemStatus>1</itemStatus>
      <LastUpdateDate />
      <LastUpdateTime />
    </Product>
    <Product>
      <PriceUpdateDate>2019/11/15 10:12</PriceUpdateDate>
      <ItemCode>5711953106606</ItemCode>
      <ItemType>1</ItemType>
      <ItemName>גבינת שמנת עשבי תיבול 200 גר` ארלה</ItemName>
      <ManufactureName>שטראוס גרופ בעמ/מצונן</ManufactureName>
      <ManufactureCountry />
      <ManufactureItemDescription />
      <UnitQty>יח`</UnitQty>
      <Quantity>200</Quantity>
      <UnitMeasure>גרם</UnitMeasure>
      <BisWeighted>0</BisWeighted>
      <QtyInPackage>1</QtyInPackage>
      <ItemPrice>14.90</ItemPrice>
      <UnitOfMeasurePrice>7.45</UnitOfMeasurePrice>
      <AllowDiscount>1</AllowDiscount>
      <itemStatus>1</itemStatus>
      <LastUpdateDate />
      <LastUpdateTime />
    </Product>
    <Product>
      <PriceUpdateDate>2018/11/01 08:01</PriceUpdateDate>
      <ItemCode>5740900403215</ItemCode>
      <ItemType>1</ItemType>
      <ItemName>ממרח לורפק עם מלח 250 גר`</ItemName>
      <ManufactureName>שטראוס גרופ בעמ/מצונן</ManufactureName>
      <ManufactureCountry />
      <ManufactureItemDescription />
      <UnitQty>יח`</UnitQty>
      <Quantity>250</Quantity>
      <UnitMeasure>גרם</UnitMeasure>
      <BisWeighted>0</BisWeighted>
      <QtyInPackage>1</QtyInPackage>
      <ItemPrice>16.90</ItemPrice>
      <UnitOfMeasurePrice>6.76</UnitOfMeasurePrice>
      <AllowDiscount>0</AllowDiscount>
      <itemStatus>1</itemStatus>
      <LastUpdateDate />
      <LastUpdateTime />
    </Product>
    <Product>
      <PriceUpdateDate>2018/11/01 08:01</PriceUpdateDate>
      <ItemCode>5740900403222</ItemCode>
      <ItemType>1</ItemType>
      <ItemName>ממרח לורפק עם מלח מופחת שומן 250 גר`</ItemName>
      <ManufactureName>שטראוס גרופ בעמ/מצונן</ManufactureName>
      <ManufactureCountry />
      <ManufactureItemDescription />
      <UnitQty>יח`</UnitQty>
      <Quantity>250</Quantity>
      <UnitMeasure>גרם</UnitMeasure>
      <BisWeighted>0</BisWeighted>
      <QtyInPackage>1</QtyInPackage>
      <ItemPrice>16.90</ItemPrice>
      <UnitOfMeasurePrice>6.76</UnitOfMeasurePrice>
      <AllowDiscount>0</AllowDiscount>
      <itemStatus>1</itemStatus>
      <LastUpdateDate />
      <LastUpdateTime />
    </Product>
    <Product>
      <PriceUpdateDate>2018/11/01 08:01</PriceUpdateDate>
      <ItemCode>5740900403239</ItemCode>
      <ItemType>1</ItemType>
      <ItemName>ממרח לורפק ללא מלח 250 גר`</ItemName>
      <ManufactureName>שטראוס גרופ בעמ/מצונן</ManufactureName>
      <ManufactureCountry />
      <ManufactureItemDescription />
      <UnitQty>יח`</UnitQty>
      <Quantity>250</Quantity>
      <UnitMeasure>גרם</UnitMeasure>
      <BisWeighted>0</BisWeighted>
      <QtyInPackage>1</QtyInPackage>
      <ItemPrice>16.90</ItemPrice>
      <UnitOfMeasurePrice>6.76</UnitOfMeasurePrice>
      <AllowDiscount>0</AllowDiscount>
      <itemStatus>1</itemStatus>
      <LastUpdateDate />
      <LastUpdateTime />
    </Product>
    <Product>
      <PriceUpdateDate>2018/11/01 08:01</PriceUpdateDate>
      <ItemCode>5740900403246</ItemCode>
      <ItemType>1</ItemType>
      <ItemName>ממרח לורפק עם מלח 500 גר`</ItemName>
      <ManufactureName>שטראוס גרופ בעמ/מצונן</ManufactureName>
      <ManufactureCountry />
      <ManufactureItemDescription />
      <UnitQty>יח`</UnitQty>
      <Quantity>500</Quantity>
      <UnitMeasure>גרם</UnitMeasure>
      <BisWeighted>0</BisWeighted>
      <QtyInPackage>1</QtyInPackage>
      <ItemPrice>27.90</ItemPrice>
      <UnitOfMeasurePrice>5.58</UnitOfMeasurePrice>
      <AllowDiscount>0</AllowDiscount>
      <itemStatus>1</itemStatus>
      <LastUpdateDate />
      <LastUpdateTime />
    </Product>
    <Product>
      <PriceUpdateDate>2018/11/01 08:01</PriceUpdateDate>
      <ItemCode>5740900403253</ItemCode>
      <ItemType>1</ItemType>
      <ItemName>ממרח לורפק עם מלח 500 גר`</ItemName>
      <ManufactureName>שטראוס גרופ בעמ/מצונן</ManufactureName>
      <ManufactureCountry />
      <ManufactureItemDescription />
      <UnitQty>יח`</UnitQty>
      <Quantity>500</Quantity>
      <UnitMeasure>גרם</UnitMeasure>
      <BisWeighted>0</BisWeighted>
      <QtyInPackage>1</QtyInPackage>
      <ItemPrice>27.90</ItemPrice>
      <UnitOfMeasurePrice>5.58</UnitOfMeasurePrice>
      <AllowDiscount>0</AllowDiscount>
      <itemStatus>1</itemStatus>
      <LastUpdateDate />
      <LastUpdateTime />
    </Product>
    <Product>
      <PriceUpdateDate>2018/11/01 08:01</PriceUpdateDate>
      <ItemCode>5740900403260</ItemCode>
      <ItemType>1</ItemType>
      <ItemName>ממרח לורפק ללא מלח מופחת שומן 250 גר`</ItemName>
      <ManufactureName>שטראוס גרופ בעמ/מצונן</ManufactureName>
      <ManufactureCountry />
      <ManufactureItemDescription />
      <UnitQty>יח`</UnitQty>
      <Quantity>250</Quantity>
      <UnitMeasure>גרם</UnitMeasure>
      <BisWeighted>0</BisWeighted>
      <QtyInPackage>1</QtyInPackage>
      <ItemPrice>16.90</ItemPrice>
      <UnitOfMeasurePrice>6.76</UnitOfMeasurePrice>
      <AllowDiscount>0</AllowDiscount>
      <itemStatus>1</itemStatus>
      <LastUpdateDate />
      <LastUpdateTime />
    </Product>
    <Product>
      <PriceUpdateDate>2018/02/13 08:55</PriceUpdateDate>
      <ItemCode>5886451555819</ItemCode>
      <ItemType>1</ItemType>
      <ItemName>רשת צליה קטן</ItemName>
      <ManufactureName>ע.י. ארט טרייד גרופ בעמ</ManufactureName>
      <ManufactureCountry />
      <ManufactureItemDescription />
      <UnitQty>יח`</UnitQty>
      <Quantity>1</Quantity>
      <UnitMeasure />
      <BisWeighted>0</BisWeighted>
      <QtyInPackage>1</QtyInPackage>
      <ItemPrice>9.90</ItemPrice>
      <UnitOfMeasurePrice>9.90</UnitOfMeasurePrice>
      <AllowDiscount>0</AllowDiscount>
      <itemStatus>1</itemStatus>
      <LastUpdateDate />
      <LastUpdateTime />
    </Product>
    <Product>
      <PriceUpdateDate>2018/07/04 08:31</PriceUpdateDate>
      <ItemCode>5900020012814</ItemCode>
      <ItemType>1</ItemType>
      <ItemName>נסקוויק 500 גר` דגני בוקר</ItemName>
      <ManufactureName>קבוצת אסם סחר שות. מוגבלת</ManufactureName>
      <ManufactureCountry />
      <ManufactureItemDescription />
      <UnitQty>יח`</UnitQty>
      <Quantity>500</Quantity>
      <UnitMeasure>גרם</UnitMeasure>
      <BisWeighted>0</BisWeighted>
      <QtyInPackage>1</QtyInPackage>
      <ItemPrice>26.90</ItemPrice>
      <UnitOfMeasurePrice>5.38</UnitOfMeasurePrice>
      <AllowDiscount>1</AllowDiscount>
      <itemStatus>1</itemStatus>
      <LastUpdateDate />
      <LastUpdateTime />
    </Product>
    <Product>
      <PriceUpdateDate>2017/10/31 08:16</PriceUpdateDate>
      <ItemCode>5900020015174</ItemCode>
      <ItemType>1</ItemType>
      <ItemName>פיטנס חטיפי דגנים שוקולד מריר</ItemName>
      <ManufactureName>קבוצת אסם סחר שות. מוגבלת</ManufactureName>
      <ManufactureCountry />
      <ManufactureItemDescription />
      <UnitQty>יח`</UnitQty>
      <Quantity>141</Quantity>
      <UnitMeasure>גרם</UnitMeasure>
      <BisWeighted>0</BisWeighted>
      <QtyInPackage>1</QtyInPackage>
      <ItemPrice>15.90</ItemPrice>
      <UnitOfMeasurePrice>11.28</UnitOfMeasurePrice>
      <AllowDiscount>1</AllowDiscount>
      <itemStatus>1</itemStatus>
      <LastUpdateDate />
      <LastUpdateTime />
    </Product>
    <Product>
      <PriceUpdateDate>2017/10/31 08:16</PriceUpdateDate>
      <ItemCode>5900020018908</ItemCode>
      <ItemType>1</ItemType>
      <ItemName>פיטנס חטיפי דגנים קרם עוגיות</ItemName>
      <ManufactureName>קבוצת אסם סחר שות. מוגבלת</ManufactureName>
      <ManufactureCountry />
      <ManufactureItemDescription />
      <UnitQty>יח`</UnitQty>
      <Quantity>141</Quantity>
      <UnitMeasure>גרם</UnitMeasure>
      <BisWeighted>0</BisWeighted>
      <QtyInPackage>1</QtyInPackage>
      <ItemPrice>15.90</ItemPrice>
      <UnitOfMeasurePrice>11.28</UnitOfMeasurePrice>
      <AllowDiscount>1</AllowDiscount>
      <itemStatus>1</itemStatus>
      <LastUpdateDate />
      <LastUpdateTime />
    </Product>
    <Product>
      <PriceUpdateDate>2017/10/31 08:16</PriceUpdateDate>
      <ItemCode>5900020022066</ItemCode>
      <ItemType>1</ItemType>
      <ItemName>פיטנס חטיף דגנים קרמל נסטלה (23.5x6 גרם)</ItemName>
      <ManufactureName>קבוצת אסם סחר שות. מוגבלת</ManufactureName>
      <ManufactureCountry />
      <ManufactureItemDescription />
      <UnitQty>יח`</UnitQty>
      <Quantity>141</Quantity>
      <UnitMeasure>גרם</UnitMeasure>
      <BisWeighted>0</BisWeighted>
      <QtyInPackage>1</QtyInPackage>
      <ItemPrice>15.90</ItemPrice>
      <UnitOfMeasurePrice>11.28</UnitOfMeasurePrice>
      <AllowDiscount>1</AllowDiscount>
      <itemStatus>1</itemStatus>
      <LastUpdateDate />
      <LastUpdateTime />
    </Product>
    <Product>
      <PriceUpdateDate>2017/10/31 08:16</PriceUpdateDate>
      <ItemCode>5900020024770</ItemCode>
      <ItemType>1</ItemType>
      <ItemName>פיטנס בר דליס שוקולד אגוז</ItemName>
      <ManufactureName>קבוצת אסם סחר שות. מוגבלת</ManufactureName>
      <ManufactureCountry />
      <ManufactureItemDescription />
      <UnitQty>יח`</UnitQty>
      <Quantity>135</Quantity>
      <UnitMeasure>גרם</UnitMeasure>
      <BisWeighted>0</BisWeighted>
      <QtyInPackage>1</QtyInPackage>
      <ItemPrice>15.90</ItemPrice>
      <UnitOfMeasurePrice>11.78</UnitOfMeasurePrice>
      <AllowDiscount>1</AllowDiscount>
      <itemStatus>1</itemStatus>
      <LastUpdateDate />
      <LastUpdateTime />
    </Product>
    <Product>
      <PriceUpdateDate>2017/10/31 08:16</PriceUpdateDate>
      <ItemCode>5900020024817</ItemCode>
      <ItemType>1</ItemType>
      <ItemName>פיטנס בר דליס שוקולד לבן</ItemName>
      <ManufactureName>קבוצת אסם סחר שות. מוגבלת</ManufactureName>
      <ManufactureCountry />
      <ManufactureItemDescription />
      <UnitQty>יח`</UnitQty>
      <Quantity>135</Quantity>
      <UnitMeasure>גרם</UnitMeasure>
      <BisWeighted>0</BisWeighted>
      <QtyInPackage>1</QtyInPackage>
      <ItemPrice>15.90</ItemPrice>
      <UnitOfMeasurePrice>11.78</UnitOfMeasurePrice>
      <AllowDiscount>1</AllowDiscount>
      <itemStatus>1</itemStatus>
      <LastUpdateDate />
      <LastUpdateTime />
    </Product>
    <Product>
      <PriceUpdateDate>2017/10/31 08:16</PriceUpdateDate>
      <ItemCode>5900020025647</ItemCode>
      <ItemType>1</ItemType>
      <ItemName>פיטנס בר דליס שוקולד חלבי</ItemName>
      <ManufactureName>קבוצת אסם סחר שות. מוגבלת</ManufactureName>
      <ManufactureCountry />
      <ManufactureItemDescription />
      <UnitQty>יח`</UnitQty>
      <Quantity>135</Quantity>
      <UnitMeasure>גרם</UnitMeasure>
      <BisWeighted>0</BisWeighted>
      <QtyInPackage>1</QtyInPackage>
      <ItemPrice>15.90</ItemPrice>
      <UnitOfMeasurePrice>11.78</UnitOfMeasurePrice>
      <AllowDiscount>1</AllowDiscount>
      <itemStatus>1</itemStatus>
      <LastUpdateDate />
      <LastUpdateTime />
    </Product>
    <Product>
      <PriceUpdateDate>2018/07/04 08:31</PriceUpdateDate>
      <ItemCode>5900020026552</ItemCode>
      <ItemType>1</ItemType>
      <ItemName>האני נאט צ`יריוס עידן הקרח 625 גרם</ItemName>
      <ManufactureName>קבוצת אסם סחר שות. מוגבלת</ManufactureName>
      <ManufactureCountry />
      <ManufactureItemDescription />
      <UnitQty>יח`</UnitQty>
      <Quantity>625</Quantity>
      <UnitMeasure>גרם</UnitMeasure>
      <BisWeighted>0</BisWeighted>
      <QtyInPackage>1</QtyInPackage>
      <ItemPrice>26.90</ItemPrice>
      <UnitOfMeasurePrice>4.30</UnitOfMeasurePrice>
      <AllowDiscount>1</AllowDiscount>
      <itemStatus>1</itemStatus>
      <LastUpdateDate />
      <LastUpdateTime />
    </Product>
    <Product>
      <PriceUpdateDate>2017/10/04 08:18</PriceUpdateDate>
      <ItemCode>5900020029669</ItemCode>
      <ItemType>1</ItemType>
      <ItemName>חטיף דגנים פירות יער מארז 6 יח פיטנס</ItemName>
      <ManufactureName>קבוצת אסם סחר שות. מוגבלת</ManufactureName>
      <ManufactureCountry />
      <ManufactureItemDescription />
      <UnitQty>יח`</UnitQty>
      <Quantity>23.50</Quantity>
      <UnitMeasure>גרם</UnitMeasure>
      <BisWeighted>0</BisWeighted>
      <QtyInPackage>1</QtyInPackage>
      <ItemPrice>16.90</ItemPrice>
      <UnitOfMeasurePrice>71.91</UnitOfMeasurePrice>
      <AllowDiscount>1</AllowDiscount>
      <itemStatus>1</itemStatus>
      <LastUpdateDate />
      <LastUpdateTime />
    </Product>
    <Product>
      <PriceUpdateDate>2017/10/04 08:18</PriceUpdateDate>
      <ItemCode>5900020030467</ItemCode>
      <ItemType>1</ItemType>
      <ItemName>חטיף דגנים משמש אפרסק מארז 6</ItemName>
      <ManufactureName>קבוצת אסם סחר שות. מוגבלת</ManufactureName>
      <ManufactureCountry />
      <ManufactureItemDescription />
      <UnitQty>יח`</UnitQty>
      <Quantity>23.50</Quantity>
      <UnitMeasure>גרם</UnitMeasure>
      <BisWeighted>0</BisWeighted>
      <QtyInPackage>1</QtyInPackage>
      <ItemPrice>16.90</ItemPrice>
      <UnitOfMeasurePrice>71.91</UnitOfMeasurePrice>
      <AllowDiscount>1</AllowDiscount>
      <itemStatus>1</itemStatus>
      <LastUpdateDate />
      <LastUpdateTime />
    </Product>
    <Product>
      <PriceUpdateDate>2018/07/19 09:04</PriceUpdateDate>
      <ItemCode>5900020031877</ItemCode>
      <ItemType>1</ItemType>
      <ItemName>חטיף דגנים מארז 22*6 האני צ`ירוס</ItemName>
      <ManufactureName>קבוצת אסם סחר שות. מוגבלת</ManufactureName>
      <ManufactureCountry />
      <ManufactureItemDescription />
      <UnitQty>יח`</UnitQty>
      <Quantity>150</Quantity>
      <UnitMeasure>גרם</UnitMeasure>
      <BisWeighted>0</BisWeighted>
      <QtyInPackage>1</QtyInPackage>
      <ItemPrice>16.90</ItemPrice>
      <UnitOfMeasurePrice>11.27</UnitOfMeasurePrice>
      <AllowDiscount>1</AllowDiscount>
      <itemStatus>1</itemStatus>
      <LastUpdateDate />
      <LastUpdateTime />
    </Product>
    <Product>
      <PriceUpdateDate>2018/10/14 12:14</PriceUpdateDate>
      <ItemCode>5900020033314</ItemCode>
      <ItemType>1</ItemType>
      <ItemName>פיטנס חטיפי דגנים ליון 150 גר`</ItemName>
      <ManufactureName>קבוצת אסם סחר שות. מוגבלת</ManufactureName>
      <ManufactureCountry />
      <ManufactureItemDescription />
      <UnitQty>יח`</UnitQty>
      <Quantity>150</Quantity>
      <UnitMeasure>גרם</UnitMeasure>
      <BisWeighted>0</BisWeighted>
      <QtyInPackage>1</QtyInPackage>
      <ItemPrice>15.90</ItemPrice>
      <UnitOfMeasurePrice>10.60</UnitOfMeasurePrice>
      <AllowDiscount>1</AllowDiscount>
      <itemStatus>1</itemStatus>
      <LastUpdateDate />
      <LastUpdateTime />
    </Product>
    <Product>
      <PriceUpdateDate>2019/02/21 13:39</PriceUpdateDate>
      <ItemCode>5900020034021</ItemCode>
      <ItemType>1</ItemType>
      <ItemName>פיטנס חטיף דגנים שוקו בננה נסטלה (23.5x6</ItemName>
      <ManufactureName>קבוצת אסם סחר שות. מוגבלת</ManufactureName>
      <ManufactureCountry />
      <ManufactureItemDescription />
      <UnitQty>יח`</UnitQty>
      <Quantity>141</Quantity>
      <UnitMeasure>גרם</UnitMeasure>
      <BisWeighted>0</BisWeighted>
      <QtyInPackage>1</QtyInPackage>
      <ItemPrice>15.90</ItemPrice>
      <UnitOfMeasurePrice>11.28</UnitOfMeasurePrice>
      <AllowDiscount>1</AllowDiscount>
      <itemStatus>1</itemStatus>
      <LastUpdateDate />
      <LastUpdateTime />
    </Product>
    <Product>
      <PriceUpdateDate>2019/10/23 09:02</PriceUpdateDate>
      <ItemCode>5900627063233</ItemCode>
      <ItemType>1</ItemType>
      <ItemName>פיניש 50 טבליות AIO MAX</ItemName>
      <ManufactureName>רקיט בנקיזר (ניר איסט) בעמ</ManufactureName>
      <ManufactureCountry />
      <ManufactureItemDescription />
      <UnitQty>יח`</UnitQty>
      <Quantity>1</Quantity>
      <UnitMeasure />
      <BisWeighted>0</BisWeighted>
      <QtyInPackage>1</QtyInPackage>
      <ItemPrice>39.90</ItemPrice>
      <UnitOfMeasurePrice>39.90</UnitOfMeasurePrice>
      <AllowDiscount>1</AllowDiscount>
      <itemStatus>1</itemStatus>
      <LastUpdateDate />
      <LastUpdateTime />
    </Product>
    <Product>
      <PriceUpdateDate>2017/05/14 07:05</PriceUpdateDate>
      <ItemCode>5902198160403</ItemCode>
      <ItemType>1</ItemType>
      <ItemName>xl ten פחית 250 מל</ItemName>
      <ManufactureName>טמפו משקאות בעמ</ManufactureName>
      <ManufactureCountry />
      <ManufactureItemDescription />
      <UnitQty>יח`</UnitQty>
      <Quantity>250</Quantity>
      <UnitMeasure>מ"ל</UnitMeasure>
      <BisWeighted>0</BisWeighted>
      <QtyInPackage>1</QtyInPackage>
      <ItemPrice>4.50</ItemPrice>
      <UnitOfMeasurePrice>1.68</UnitOfMeasurePrice>
      <AllowDiscount>1</AllowDiscount>
      <itemStatus>1</itemStatus>
      <LastUpdateDate />
      <LastUpdateTime />
    </Product>
    <Product>
      <PriceUpdateDate>2019/05/19 12:07</PriceUpdateDate>
      <ItemCode>5903141082766</ItemCode>
      <ItemType>1</ItemType>
      <ItemName>פאקט פאל מאל כחול דמי סלימס</ItemName>
      <ManufactureName>גלוברנדס בעמ - שיווק סיגריות</ManufactureName>
      <ManufactureCountry />
      <ManufactureItemDescription />
      <UnitQty>יח`</UnitQty>
      <Quantity>1</Quantity>
      <UnitMeasure />
      <BisWeighted>0</BisWeighted>
      <QtyInPackage>1</QtyInPackage>
      <ItemPrice>230</ItemPrice>
      <UnitOfMeasurePrice>230</UnitOfMeasurePrice>
      <AllowDiscount>0</AllowDiscount>
      <itemStatus>1</itemStatus>
      <LastUpdateDate />
      <LastUpdateTime />
    </Product>
    <Product>
      <PriceUpdateDate>2019/05/19 12:07</PriceUpdateDate>
      <ItemCode>5903141082780</ItemCode>
      <ItemType>1</ItemType>
      <ItemName>פאקט פאל מאל סילבר דמי סלימס</ItemName>
      <ManufactureName>גלוברנדס בעמ - שיווק סיגריות</ManufactureName>
      <ManufactureCountry />
      <ManufactureItemDescription />
      <UnitQty>יח`</UnitQty>
      <Quantity>1</Quantity>
      <UnitMeasure />
      <BisWeighted>0</BisWeighted>
      <QtyInPackage>1</QtyInPackage>
      <ItemPrice>230</ItemPrice>
      <UnitOfMeasurePrice>230</UnitOfMeasurePrice>
      <AllowDiscount>0</AllowDiscount>
      <itemStatus>1</itemStatus>
      <LastUpdateDate />
      <LastUpdateTime />
    </Product>
    <Product>
      <PriceUpdateDate>2013/11/28 16:18</PriceUpdateDate>
      <ItemCode>5904941750312</ItemCode>
      <ItemType>1</ItemType>
      <ItemName>בלו דיי משקה אנרגיה מוחיטו</ItemName>
      <ManufactureName>בני פאוזי שמשום (2009) בעמ</ManufactureName>
      <ManufactureCountry />
      <ManufactureItemDescription />
      <UnitQty>יח`</UnitQty>
      <Quantity>250</Quantity>
      <UnitMeasure>מ"ל</UnitMeasure>
      <BisWeighted>0</BisWeighted>
      <QtyInPackage>1</QtyInPackage>
      <ItemPrice>3.80</ItemPrice>
      <UnitOfMeasurePrice>1.40</UnitOfMeasurePrice>
      <AllowDiscount>1</AllowDiscount>
      <itemStatus>1</itemStatus>
      <LastUpdateDate />
      <LastUpdateTime />
    </Product>
    <Product>
      <PriceUpdateDate>2013/12/17 14:53</PriceUpdateDate>
      <ItemCode>5904941751302</ItemCode>
      <ItemType>1</ItemType>
      <ItemName>משקה אנרגיה בפחית בלו (250 מל)</ItemName>
      <ManufactureName>בני פאוזי שמשום (2009) בעמ</ManufactureName>
      <ManufactureCountry />
      <ManufactureItemDescription />
      <UnitQty>יח`</UnitQty>
      <Quantity>250</Quantity>
      <UnitMeasure>מ"ל</UnitMeasure>
      <BisWeighted>0</BisWeighted>
      <QtyInPackage>1</QtyInPackage>
      <ItemPrice>3.50</ItemPrice>
      <UnitOfMeasurePrice>1.28</UnitOfMeasurePrice>
      <AllowDiscount>1</AllowDiscount>
      <itemStatus>1</itemStatus>
      <LastUpdateDate />
      <LastUpdateTime />
    </Product>
    <Product>
      <PriceUpdateDate>2013/11/28 16:18</PriceUpdateDate>
      <ItemCode>5904941751524</ItemCode>
      <ItemType>1</ItemType>
      <ItemName>בלו דיי משקה אנרגיה אבטיח</ItemName>
      <ManufactureName>בני פאוזי שמשום (2009) בעמ</ManufactureName>
      <ManufactureCountry />
      <ManufactureItemDescription />
      <UnitQty>יח`</UnitQty>
      <Quantity>250</Quantity>
      <UnitMeasure>מ"ל</UnitMeasure>
      <BisWeighted>0</BisWeighted>
      <QtyInPackage>1</QtyInPackage>
      <ItemPrice>3.80</ItemPrice>
      <UnitOfMeasurePrice>1.40</UnitOfMeasurePrice>
      <AllowDiscount>1</AllowDiscount>
      <itemStatus>1</itemStatus>
      <LastUpdateDate />
      <LastUpdateTime />
    </Product>
    <Product>
      <PriceUpdateDate>2013/11/28 16:18</PriceUpdateDate>
      <ItemCode>5904941751920</ItemCode>
      <ItemType>1</ItemType>
      <ItemName>בלו דיי משקה אנרגיה</ItemName>
      <ManufactureName>בני פאוזי שמשום (2009) בעמ</ManufactureName>
      <ManufactureCountry />
      <ManufactureItemDescription />
      <UnitQty>יח`</UnitQty>
      <Quantity>250</Quantity>
      <UnitMeasure>מ"ל</UnitMeasure>
      <BisWeighted>0</BisWeighted>
      <QtyInPackage>1</QtyInPackage>
      <ItemPrice>3.80</ItemPrice>
      <UnitOfMeasurePrice>1.40</UnitOfMeasurePrice>
      <AllowDiscount>1</AllowDiscount>
      <itemStatus>1</itemStatus>
      <LastUpdateDate />
      <LastUpdateTime />
    </Product>
    <Product>
      <PriceUpdateDate>2015/03/03 17:14</PriceUpdateDate>
      <ItemCode>5904941753115</ItemCode>
      <ItemType>1</ItemType>
      <ItemName>משקה בלו ארגז. 24 יח`</ItemName>
      <ManufactureName>בני פאוזי שמשום (2009) בעמ</ManufactureName>
      <ManufactureCountry />
      <ManufactureItemDescription />
      <UnitQty>יח`</UnitQty>
      <Quantity>6</Quantity>
      <UnitMeasure>1 ליטר</UnitMeasure>
      <BisWeighted>0</BisWeighted>
      <QtyInPackage>1</QtyInPackage>
      <ItemPrice>49.90</ItemPrice>
      <UnitOfMeasurePrice>7.12</UnitOfMeasurePrice>
      <AllowDiscount>0</AllowDiscount>
      <itemStatus>1</itemStatus>
      <LastUpdateDate />
      <LastUpdateTime />
    </Product>
    <Product>
      <PriceUpdateDate>2014/08/18 07:23</PriceUpdateDate>
      <ItemCode>5906485301012</ItemCode>
      <ItemType>1</ItemType>
      <ItemName>משקה אנרגיה אקסל (250 מל)</ItemName>
      <ManufactureName>טמפו משקאות בעמ</ManufactureName>
      <ManufactureCountry />
      <ManufactureItemDescription />
      <UnitQty>יח`</UnitQty>
      <Quantity>250</Quantity>
      <UnitMeasure>מ"ל</UnitMeasure>
      <BisWeighted>0</BisWeighted>
      <QtyInPackage>1</QtyInPackage>
      <ItemPrice>4.50</ItemPrice>
      <UnitOfMeasurePrice>1.68</UnitOfMeasurePrice>
      <AllowDiscount>1</AllowDiscount>
      <itemStatus>1</itemStatus>
      <LastUpdateDate />
      <LastUpdateTime />
    </Product>
    <Product>
      <PriceUpdateDate>2020/02/24 10:19</PriceUpdateDate>
      <ItemCode>5941021001674</ItemCode>
      <ItemType>1</ItemType>
      <ItemName>טבלת היידי גראנדור 85% 80 גר</ItemName>
      <ManufactureName>טסה שוקולד בעמ</ManufactureName>
      <ManufactureCountry />
      <ManufactureItemDescription />
      <UnitQty>יח`</UnitQty>
      <Quantity>80</Quantity>
      <UnitMeasure>גרם</UnitMeasure>
      <BisWeighted>0</BisWeighted>
      <QtyInPackage>1</QtyInPackage>
      <ItemPrice>9.50</ItemPrice>
      <UnitOfMeasurePrice>11.88</UnitOfMeasurePrice>
      <AllowDiscount>1</AllowDiscount>
      <itemStatus>1</itemStatus>
      <LastUpdateDate />
      <LastUpdateTime />
    </Product>
    <Product>
      <PriceUpdateDate>2020/02/24 10:19</PriceUpdateDate>
      <ItemCode>5941021005139</ItemCode>
      <ItemType>1</ItemType>
      <ItemName>טבלת היידי גראנדור חלב שקד 100 גר`</ItemName>
      <ManufactureName>טסה שוקולד בעמ</ManufactureName>
      <ManufactureCountry />
      <ManufactureItemDescription />
      <UnitQty>יח`</UnitQty>
      <Quantity>100</Quantity>
      <UnitMeasure>גרם</UnitMeasure>
      <BisWeighted>0</BisWeighted>
      <QtyInPackage>1</QtyInPackage>
      <ItemPrice>9.50</ItemPrice>
      <UnitOfMeasurePrice>9.50</UnitOfMeasurePrice>
      <AllowDiscount>1</AllowDiscount>
      <itemStatus>1</itemStatus>
      <LastUpdateDate />
      <LastUpdateTime />
    </Product>
    <Product>
      <PriceUpdateDate>2020/02/24 10:19</PriceUpdateDate>
      <ItemCode>5941021007577</ItemCode>
      <ItemType>1</ItemType>
      <ItemName>טבלת היידי גראנדור פיסטוק 80 גר</ItemName>
      <ManufactureName>טסה שוקולד בעמ</ManufactureName>
      <ManufactureCountry />
      <ManufactureItemDescription />
      <UnitQty>יח`</UnitQty>
      <Quantity>80</Quantity>
      <UnitMeasure>גרם</UnitMeasure>
      <BisWeighted>0</BisWeighted>
      <QtyInPackage>1</QtyInPackage>
      <ItemPrice>9.50</ItemPrice>
      <UnitOfMeasurePrice>11.88</UnitOfMeasurePrice>
      <AllowDiscount>1</AllowDiscount>
      <itemStatus>1</itemStatus>
      <LastUpdateDate />
      <LastUpdateTime />
    </Product>
    <Product>
      <PriceUpdateDate>2020/02/24 10:19</PriceUpdateDate>
      <ItemCode>5941021011147</ItemCode>
      <ItemType>1</ItemType>
      <ItemName>טבלת היידי גראנדור פלורנטין מריר 100 גר`</ItemName>
      <ManufactureName>טסה שוקולד בעמ</ManufactureName>
      <ManufactureCountry />
      <ManufactureItemDescription />
      <UnitQty>יח`</UnitQty>
      <Quantity>100</Quantity>
      <UnitMeasure>גרם</UnitMeasure>
      <BisWeighted>0</BisWeighted>
      <QtyInPackage>1</QtyInPackage>
      <ItemPrice>9.50</ItemPrice>
      <UnitOfMeasurePrice>9.50</UnitOfMeasurePrice>
      <AllowDiscount>1</AllowDiscount>
      <itemStatus>1</itemStatus>
      <LastUpdateDate />
      <LastUpdateTime />
    </Product>
    <Product>
      <PriceUpdateDate>2020/02/24 10:19</PriceUpdateDate>
      <ItemCode>5941021015596</ItemCode>
      <ItemType>1</ItemType>
      <ItemName>טבלת היידי מריר אוכמניות 80 גר`</ItemName>
      <ManufactureName>טסה שוקולד בעמ</ManufactureName>
      <ManufactureCountry />
      <ManufactureItemDescription />
      <UnitQty>יח`</UnitQty>
      <Quantity>80</Quantity>
      <UnitMeasure>גרם</UnitMeasure>
      <BisWeighted>0</BisWeighted>
      <QtyInPackage>1</QtyInPackage>
      <ItemPrice>9.50</ItemPrice>
      <UnitOfMeasurePrice>11.88</UnitOfMeasurePrice>
      <AllowDiscount>1</AllowDiscount>
      <itemStatus>1</itemStatus>
      <LastUpdateDate />
      <LastUpdateTime />
    </Product>
    <Product>
      <PriceUpdateDate>2017/07/28 10:43</PriceUpdateDate>
      <ItemCode>5997321701806</ItemCode>
      <ItemType>1</ItemType>
      <ItemName>קלגון 1  קג`- אבקת אבנית</ItemName>
      <ManufactureName>רקיט בנקיזר (ניר איסט) בעמ</ManufactureName>
      <ManufactureCountry />
      <ManufactureItemDescription />
      <UnitQty>יח`</UnitQty>
      <Quantity>1</Quantity>
      <UnitMeasure>ק"ג</UnitMeasure>
      <BisWeighted>0</BisWeighted>
      <QtyInPackage>1</QtyInPackage>
      <ItemPrice>37.90</ItemPrice>
      <UnitOfMeasurePrice>37.90</UnitOfMeasurePrice>
      <AllowDiscount>0</AllowDiscount>
      <itemStatus>1</itemStatus>
      <LastUpdateDate />
      <LastUpdateTime />
    </Product>
    <Product>
      <PriceUpdateDate>2019/12/11 10:31</PriceUpdateDate>
      <ItemCode>5998623526739</ItemCode>
      <ItemType>1</ItemType>
      <ItemName>גוורצטרמינר סי.ג 750 מל</ItemName>
      <ManufactureName>מ. אקרמן בעמ</ManufactureName>
      <ManufactureCountry />
      <ManufactureItemDescription />
      <UnitQty>יח`</UnitQty>
      <Quantity>750</Quantity>
      <UnitMeasure>מ"ל</UnitMeasure>
      <BisWeighted>0</BisWeighted>
      <QtyInPackage>1</QtyInPackage>
      <ItemPrice>29.90</ItemPrice>
      <UnitOfMeasurePrice>3.95</UnitOfMeasurePrice>
      <AllowDiscount>0</AllowDiscount>
      <itemStatus>1</itemStatus>
      <LastUpdateDate />
      <LastUpdateTime />
    </Product>
    <Product>
      <PriceUpdateDate>2019/08/28 09:14</PriceUpdateDate>
      <ItemCode>5998749110423</ItemCode>
      <ItemType>1</ItemType>
      <ItemName>פדיגרי גמבון 200 גרם</ItemName>
      <ManufactureName>שחורי אריה ואנסטסיה</ManufactureName>
      <ManufactureCountry />
      <ManufactureItemDescription />
      <UnitQty>יח`</UnitQty>
      <Quantity>1</Quantity>
      <UnitMeasure />
      <BisWeighted>0</BisWeighted>
      <QtyInPackage>1</QtyInPackage>
      <ItemPrice>14.90</ItemPrice>
      <UnitOfMeasurePrice>14.90</UnitOfMeasurePrice>
      <AllowDiscount>1</AllowDiscount>
      <itemStatus>1</itemStatus>
      <LastUpdateDate />
      <LastUpdateTime />
    </Product>
    <Product>
      <PriceUpdateDate>2019/11/10 11:37</PriceUpdateDate>
      <ItemCode>5999884034469</ItemCode>
      <ItemType>1</ItemType>
      <ItemName>משקה אנרגיה 250 מל HELL</ItemName>
      <ManufactureName>אבאל יזמות בעמ</ManufactureName>
      <ManufactureCountry />
      <ManufactureItemDescription />
      <UnitQty>יח`</UnitQty>
      <Quantity>1</Quantity>
      <UnitMeasure />
      <BisWeighted>0</BisWeighted>
      <QtyInPackage>1</QtyInPackage>
      <ItemPrice>3.90</ItemPrice>
      <UnitOfMeasurePrice>3.90</UnitOfMeasurePrice>
      <AllowDiscount>1</AllowDiscount>
      <itemStatus>1</itemStatus>
      <LastUpdateDate />
      <LastUpdateTime />
    </Product>
    <Product>
      <PriceUpdateDate>2015/05/28 08:51</PriceUpdateDate>
      <ItemCode>6001298987701</ItemCode>
      <ItemType>1</ItemType>
      <ItemName>גלייד ספריי אוטמטי מילוי ניחוח אביב</ItemName>
      <ManufactureName>דנשר (1963) בעמ</ManufactureName>
      <ManufactureCountry />
      <ManufactureItemDescription />
      <UnitQty>יח`</UnitQty>
      <Quantity>269</Quantity>
      <UnitMeasure>מ"ל</UnitMeasure>
      <BisWeighted>0</BisWeighted>
      <QtyInPackage>1</QtyInPackage>
      <ItemPrice>24.90</ItemPrice>
      <UnitOfMeasurePrice>9.26</UnitOfMeasurePrice>
      <AllowDiscount>0</AllowDiscount>
      <itemStatus>1</itemStatus>
      <LastUpdateDate />
      <LastUpdateTime />
    </Product>
    <Product>
      <PriceUpdateDate>2018/12/04 07:21</PriceUpdateDate>
      <ItemCode>6008165003984</ItemCode>
      <ItemType>1</ItemType>
      <ItemName>פאל מאל כחול סטרים פילטר</ItemName>
      <ManufactureName>גלוברנדס בעמ - שיווק סיגריות</ManufactureName>
      <ManufactureCountry />
      <ManufactureItemDescription />
      <UnitQty>יח`</UnitQty>
      <Quantity>1</Quantity>
      <UnitMeasure />
      <BisWeighted>0</BisWeighted>
      <QtyInPackage>1</QtyInPackage>
      <ItemPrice>27.50</ItemPrice>
      <UnitOfMeasurePrice>27.50</UnitOfMeasurePrice>
      <AllowDiscount>0</AllowDiscount>
      <itemStatus>1</itemStatus>
      <LastUpdateDate />
      <LastUpdateTime />
    </Product>
    <Product>
      <PriceUpdateDate>2018/12/04 07:21</PriceUpdateDate>
      <ItemCode>6008165271192</ItemCode>
      <ItemType>1</ItemType>
      <ItemName>פאל מאל אדום ארוך בודד</ItemName>
      <ManufactureName>גלוברנדס בעמ - שיווק סיגריות</ManufactureName>
      <ManufactureCountry />
      <ManufactureItemDescription />
      <UnitQty>יח`</UnitQty>
      <Quantity>1</Quantity>
      <UnitMeasure />
      <BisWeighted>0</BisWeighted>
      <QtyInPackage>1</QtyInPackage>
      <ItemPrice>27.50</ItemPrice>
      <UnitOfMeasurePrice>27.50</UnitOfMeasurePrice>
      <AllowDiscount>0</AllowDiscount>
      <itemStatus>1</itemStatus>
      <LastUpdateDate />
      <LastUpdateTime />
    </Product>
    <Product>
      <PriceUpdateDate>2018/12/04 07:21</PriceUpdateDate>
      <ItemCode>6008165274629</ItemCode>
      <ItemType>1</ItemType>
      <ItemName>פאל מאל כחול ארוך סטרים פילטר חפיסה</ItemName>
      <ManufactureName>גלוברנדס בעמ - שיווק סיגריות</ManufactureName>
      <ManufactureCountry />
      <ManufactureItemDescription />
      <UnitQty>יח`</UnitQty>
      <Quantity>1</Quantity>
      <UnitMeasure>יח`</UnitMeasure>
      <BisWeighted>0</BisWeighted>
      <QtyInPackage>1</QtyInPackage>
      <ItemPrice>27.50</ItemPrice>
      <UnitOfMeasurePrice>27.50</UnitOfMeasurePrice>
      <AllowDiscount>0</AllowDiscount>
      <itemStatus>1</itemStatus>
      <LastUpdateDate />
      <LastUpdateTime />
    </Product>
    <Product>
      <PriceUpdateDate>2015/05/27 14:49</PriceUpdateDate>
      <ItemCode>6111094000228</ItemCode>
      <ItemType>1</ItemType>
      <ItemName>קוסקוס דק דארי (1 קג)</ItemName>
      <ManufactureName>תומר יבוא ושיווק מוצרי מזון (1</ManufactureName>
      <ManufactureCountry />
      <ManufactureItemDescription />
      <UnitQty>יח`</UnitQty>
      <Quantity>1</Quantity>
      <UnitMeasure>ק"ג</UnitMeasure>
      <BisWeighted>0</BisWeighted>
      <QtyInPackage>1</QtyInPackage>
      <ItemPrice>14.90</ItemPrice>
      <UnitOfMeasurePrice>14.90</UnitOfMeasurePrice>
      <AllowDiscount>1</AllowDiscount>
      <itemStatus>1</itemStatus>
      <LastUpdateDate />
      <LastUpdateTime />
    </Product>
    <Product>
      <PriceUpdateDate>2020/01/14 08:22</PriceUpdateDate>
      <ItemCode>6111094000242</ItemCode>
      <ItemType>1</ItemType>
      <ItemName>תומר קוסקוס דארי דק 500 גר</ItemName>
      <ManufactureName>תומר יבוא ושיווק מוצרי מזון (1</ManufactureName>
      <ManufactureCountry />
      <ManufactureItemDescription />
      <UnitQty>יח`</UnitQty>
      <Quantity>500</Quantity>
      <UnitMeasure>גרם</UnitMeasure>
      <BisWeighted>0</BisWeighted>
      <QtyInPackage>1</QtyInPackage>
      <ItemPrice>7.90</ItemPrice>
      <UnitOfMeasurePrice>1.58</UnitOfMeasurePrice>
      <AllowDiscount>0</AllowDiscount>
      <itemStatus>1</itemStatus>
      <LastUpdateDate />
      <LastUpdateTime />
    </Product>
    <Product>
      <PriceUpdateDate>2018/11/13 15:58</PriceUpdateDate>
      <ItemCode>6118000061090</ItemCode>
      <ItemType>1</ItemType>
      <ItemName>סרדינים מרוקאים בשמן סויה (125 גר`) טנגי</ItemName>
      <ManufactureName>דין שיווק וקליה בעמ</ManufactureName>
      <ManufactureCountry />
      <ManufactureItemDescription />
      <UnitQty>יח`</UnitQty>
      <Quantity>125</Quantity>
      <UnitMeasure>גרם</UnitMeasure>
      <BisWeighted>0</BisWeighted>
      <QtyInPackage>1</QtyInPackage>
      <ItemPrice>3.90</ItemPrice>
      <UnitOfMeasurePrice>3.12</UnitOfMeasurePrice>
      <AllowDiscount>1</AllowDiscount>
      <itemStatus>1</itemStatus>
      <LastUpdateDate />
      <LastUpdateTime />
    </Product>
    <Product>
      <PriceUpdateDate>2020/04/03 09:53</PriceUpdateDate>
      <ItemCode>6224009175260</ItemCode>
      <ItemType>1</ItemType>
      <ItemName>פרוסטי תות שדה מוקפא</ItemName>
      <ManufactureName>נ.ת.נ.ג.ב החזקות יעוץ וניהול ב</ManufactureName>
      <ManufactureCountry />
      <ManufactureItemDescription />
      <UnitQty>יח`</UnitQty>
      <Quantity>400</Quantity>
      <UnitMeasure>גרם</UnitMeasure>
      <BisWeighted>0</BisWeighted>
      <QtyInPackage>1</QtyInPackage>
      <ItemPrice>9.90</ItemPrice>
      <UnitOfMeasurePrice>2.48</UnitOfMeasurePrice>
      <AllowDiscount>0</AllowDiscount>
      <itemStatus>1</itemStatus>
      <LastUpdateDate />
      <LastUpdateTime />
    </Product>
    <Product>
      <PriceUpdateDate>2017/11/08 10:34</PriceUpdateDate>
      <ItemCode>6253344004799</ItemCode>
      <ItemType>1</ItemType>
      <ItemName>שקיות אשפה גדולות40 שקיות 75X90 סמ</ItemName>
      <ManufactureName>חברת זמזם תעשיות פלסטיק</ManufactureName>
      <ManufactureCountry />
      <ManufactureItemDescription />
      <UnitQty>יח`</UnitQty>
      <Quantity>1</Quantity>
      <UnitMeasure />
      <BisWeighted>0</BisWeighted>
      <QtyInPackage>1</QtyInPackage>
      <ItemPrice>19.90</ItemPrice>
      <UnitOfMeasurePrice>19.90</UnitOfMeasurePrice>
      <AllowDiscount>0</AllowDiscount>
      <itemStatus>1</itemStatus>
      <LastUpdateDate />
      <LastUpdateTime />
    </Product>
    <Product>
      <PriceUpdateDate>2019/08/28 09:14</PriceUpdateDate>
      <ItemCode>6923553200366</ItemCode>
      <ItemType>1</ItemType>
      <ItemName>צאנקיז אריזת חיסכון 500 ג</ItemName>
      <ManufactureName>שחורי אריה ואנסטסיה</ManufactureName>
      <ManufactureCountry />
      <ManufactureItemDescription />
      <UnitQty>יח`</UnitQty>
      <Quantity>1</Quantity>
      <UnitMeasure />
      <BisWeighted>0</BisWeighted>
      <QtyInPackage>1</QtyInPackage>
      <ItemPrice>55</ItemPrice>
      <UnitOfMeasurePrice>55</UnitOfMeasurePrice>
      <AllowDiscount>0</AllowDiscount>
      <itemStatus>1</itemStatus>
      <LastUpdateDate />
      <LastUpdateTime />
    </Product>
    <Product>
      <PriceUpdateDate>2019/08/28 09:14</PriceUpdateDate>
      <ItemCode>6927749810636</ItemCode>
      <ItemType>1</ItemType>
      <ItemName>חטיף עוף רצועות סנדוויץ 100 גר</ItemName>
      <ManufactureName>שחורי אריה ואנסטסיה</ManufactureName>
      <ManufactureCountry />
      <ManufactureItemDescription />
      <UnitQty>יח`</UnitQty>
      <Quantity>1</Quantity>
      <UnitMeasure />
      <BisWeighted>0</BisWeighted>
      <QtyInPackage>1</QtyInPackage>
      <ItemPrice>14.90</ItemPrice>
      <UnitOfMeasurePrice>14.90</UnitOfMeasurePrice>
      <AllowDiscount>0</AllowDiscount>
      <itemStatus>1</itemStatus>
      <LastUpdateDate />
      <LastUpdateTime />
    </Product>
    <Product>
      <PriceUpdateDate>2019/11/05 07:04</PriceUpdateDate>
      <ItemCode>6934930075354</ItemCode>
      <ItemType>1</ItemType>
      <ItemName>פחית אוכל חתולים צ`אנקס</ItemName>
      <ManufactureName>שחורי אריה ואנסטסיה</ManufactureName>
      <ManufactureCountry />
      <ManufactureItemDescription />
      <UnitQty>יח`</UnitQty>
      <Quantity>1</Quantity>
      <UnitMeasure />
      <BisWeighted>0</BisWeighted>
      <QtyInPackage>1</QtyInPackage>
      <ItemPrice>4</ItemPrice>
      <UnitOfMeasurePrice>4</UnitOfMeasurePrice>
      <AllowDiscount>0</AllowDiscount>
      <itemStatus>1</itemStatus>
      <LastUpdateDate />
      <LastUpdateTime />
    </Product>
    <Product>
      <PriceUpdateDate>2019/11/05 07:04</PriceUpdateDate>
      <ItemCode>6934930075590</ItemCode>
      <ItemType>1</ItemType>
      <ItemName>פחית אוכל חתולים צ`אנקס</ItemName>
      <ManufactureName>שחורי אריה ואנסטסיה</ManufactureName>
      <ManufactureCountry />
      <ManufactureItemDescription />
      <UnitQty>יח`</UnitQty>
      <Quantity>1</Quantity>
      <UnitMeasure />
      <BisWeighted>0</BisWeighted>
      <QtyInPackage>1</QtyInPackage>
      <ItemPrice>4</ItemPrice>
      <UnitOfMeasurePrice>4</UnitOfMeasurePrice>
      <AllowDiscount>0</AllowDiscount>
      <itemStatus>1</itemStatus>
      <LastUpdateDate />
      <LastUpdateTime />
    </Product>
    <Product>
      <PriceUpdateDate>2018/12/02 08:14</PriceUpdateDate>
      <ItemCode>7271730901261</ItemCode>
      <ItemType>1</ItemType>
      <ItemName>ארוחת אטריות עם גבינה 156  גר`וויקי מאק</ItemName>
      <ManufactureName>מור-ים מרקטינג בעמ</ManufactureName>
      <ManufactureCountry />
      <ManufactureItemDescription />
      <UnitQty>יח`</UnitQty>
      <Quantity>156</Quantity>
      <UnitMeasure>גרם</UnitMeasure>
      <BisWeighted>0</BisWeighted>
      <QtyInPackage>1</QtyInPackage>
      <ItemPrice>10.90</ItemPrice>
      <UnitOfMeasurePrice>6.99</UnitOfMeasurePrice>
      <AllowDiscount>0</AllowDiscount>
      <itemStatus>1</itemStatus>
      <LastUpdateDate />
      <LastUpdateTime />
    </Product>
    <Product>
      <PriceUpdateDate>2020/05/03 16:57</PriceUpdateDate>
      <ItemCode>7280138800007</ItemCode>
      <ItemType>1</ItemType>
      <ItemName>פחמים 2קג</ItemName>
      <ManufactureName>פחם קוואנגו סחר בעמ</ManufactureName>
      <ManufactureCountry />
      <ManufactureItemDescription />
      <UnitQty>יח`</UnitQty>
      <Quantity>2000</Quantity>
      <UnitMeasure>גרם</UnitMeasure>
      <BisWeighted>0</BisWeighted>
      <QtyInPackage>1</QtyInPackage>
      <ItemPrice>11.90</ItemPrice>
      <UnitOfMeasurePrice>0.60</UnitOfMeasurePrice>
      <AllowDiscount>0</AllowDiscount>
      <itemStatus>1</itemStatus>
      <LastUpdateDate />
      <LastUpdateTime />
    </Product>
    <Product>
      <PriceUpdateDate>2017/12/31 13:03</PriceUpdateDate>
      <ItemCode>7290000000374</ItemCode>
      <ItemType>1</ItemType>
      <ItemName>פטריות שמפיניון א.א</ItemName>
      <ManufactureName>חוות השמפיניון בעמ</ManufactureName>
      <ManufactureCountry />
      <ManufactureItemDescription />
      <UnitQty>יח`</UnitQty>
      <Quantity>1</Quantity>
      <UnitMeasure />
      <BisWeighted>0</BisWeighted>
      <QtyInPackage>1</QtyInPackage>
      <ItemPrice>9.90</ItemPrice>
      <UnitOfMeasurePrice>9.90</UnitOfMeasurePrice>
      <AllowDiscount>1</AllowDiscount>
      <itemStatus>1</itemStatus>
      <LastUpdateDate />
      <LastUpdateTime />
    </Product>
    <Product>
      <PriceUpdateDate>2016/05/03 15:25</PriceUpdateDate>
      <ItemCode>7290000023007</ItemCode>
      <ItemType>1</ItemType>
      <ItemName>ברנדי 84 שטוק (750 מל)</ItemName>
      <ManufactureName>טמפו משקאות בעמ</ManufactureName>
      <ManufactureCountry />
      <ManufactureItemDescription />
      <UnitQty>יח`</UnitQty>
      <Quantity>750</Quantity>
      <UnitMeasure>מ"ל</UnitMeasure>
      <BisWeighted>0</BisWeighted>
      <QtyInPackage>1</QtyInPackage>
      <ItemPrice>69.90</ItemPrice>
      <UnitOfMeasurePrice>9.28</UnitOfMeasurePrice>
      <AllowDiscount>0</AllowDiscount>
      <itemStatus>1</itemStatus>
      <LastUpdateDate />
      <LastUpdateTime />
    </Product>
    <Product>
      <PriceUpdateDate>2016/03/15 08:33</PriceUpdateDate>
      <ItemCode>7290000023083</ItemCode>
      <ItemType>1</ItemType>
      <ItemName>ערק אשקלון (700 מל)</ItemName>
      <ManufactureName>טמפו משקאות בעמ</ManufactureName>
      <ManufactureCountry />
      <ManufactureItemDescription />
      <UnitQty>יח`</UnitQty>
      <Quantity>700</Quantity>
      <UnitMeasure>מ"ל</UnitMeasure>
      <BisWeighted>0</BisWeighted>
      <QtyInPackage>1</QtyInPackage>
      <ItemPrice>49.90</ItemPrice>
      <UnitOfMeasurePrice>7.09</UnitOfMeasurePrice>
      <AllowDiscount>0</AllowDiscount>
      <itemStatus>1</itemStatus>
      <LastUpdateDate />
      <LastUpdateTime />
    </Product>
    <Product>
      <PriceUpdateDate>2020/04/30 11:32</PriceUpdateDate>
      <ItemCode>7290000023427</ItemCode>
      <ItemType>1</ItemType>
      <ItemName>ליקר אמרטו שטוק</ItemName>
      <ManufactureName>טמפו משקאות בעמ</ManufactureName>
      <ManufactureCountry />
      <ManufactureItemDescription />
      <UnitQty>יח`</UnitQty>
      <Quantity>750</Quantity>
      <UnitMeasure>מ"ל</UnitMeasure>
      <BisWeighted>0</BisWeighted>
      <QtyInPackage>1</QtyInPackage>
      <ItemPrice>54.90</ItemPrice>
      <UnitOfMeasurePrice>7.28</UnitOfMeasurePrice>
      <AllowDiscount>1</AllowDiscount>
      <itemStatus>1</itemStatus>
      <LastUpdateDate />
      <LastUpdateTime />
    </Product>
    <Product>
      <PriceUpdateDate>2020/04/30 11:32</PriceUpdateDate>
      <ItemCode>7290000023458</ItemCode>
      <ItemType>1</ItemType>
      <ItemName>ליקר שטוק שרי ברנדו</ItemName>
      <ManufactureName>טמפו משקאות בעמ</ManufactureName>
      <ManufactureCountry />
      <ManufactureItemDescription />
      <UnitQty>יח`</UnitQty>
      <Quantity>750</Quantity>
      <UnitMeasure>מ"ל</UnitMeasure>
      <BisWeighted>0</BisWeighted>
      <QtyInPackage>1</QtyInPackage>
      <ItemPrice>54.90</ItemPrice>
      <UnitOfMeasurePrice>7.28</UnitOfMeasurePrice>
      <AllowDiscount>0</AllowDiscount>
      <itemStatus>1</itemStatus>
      <LastUpdateDate />
      <LastUpdateTime />
    </Product>
    <Product>
      <PriceUpdateDate>2020/04/30 11:32</PriceUpdateDate>
      <ItemCode>7290000023465</ItemCode>
      <ItemType>1</ItemType>
      <ItemName>ליקר שטוקבננה</ItemName>
      <ManufactureName>טמפו משקאות בעמ</ManufactureName>
      <ManufactureCountry />
      <ManufactureItemDescription />
      <UnitQty>יח`</UnitQty>
      <Quantity>750</Quantity>
      <UnitMeasure>מ"ל</UnitMeasure>
      <BisWeighted>0</BisWeighted>
      <QtyInPackage>1</QtyInPackage>
      <ItemPrice>54.90</ItemPrice>
      <UnitOfMeasurePrice>7.28</UnitOfMeasurePrice>
      <AllowDiscount>0</AllowDiscount>
      <itemStatus>1</itemStatus>
      <LastUpdateDate />
      <LastUpdateTime />
    </Product>
    <Product>
      <PriceUpdateDate>2020/04/30 11:32</PriceUpdateDate>
      <ItemCode>7290000023472</ItemCode>
      <ItemType>1</ItemType>
      <ItemName>ליקר שטוק טריפל סק</ItemName>
      <ManufactureName>טמפו משקאות בעמ</ManufactureName>
      <ManufactureCountry />
      <ManufactureItemDescription />
      <UnitQty>יח`</UnitQty>
      <Quantity>750</Quantity>
      <UnitMeasure>מ"ל</UnitMeasure>
      <BisWeighted>0</BisWeighted>
      <QtyInPackage>1</QtyInPackage>
      <ItemPrice>54.90</ItemPrice>
      <UnitOfMeasurePrice>7.28</UnitOfMeasurePrice>
      <AllowDiscount>0</AllowDiscount>
      <itemStatus>1</itemStatus>
      <LastUpdateDate />
      <LastUpdateTime />
    </Product>
    <Product>
      <PriceUpdateDate>2018/08/05 09:16</PriceUpdateDate>
      <ItemCode>7290000023809</ItemCode>
      <ItemType>1</ItemType>
      <ItemName>קלאסיק קברנה סובניון יקבי ברקן (750 מל)</ItemName>
      <ManufactureName>טמפו משקאות בעמ</ManufactureName>
      <ManufactureCountry />
      <ManufactureItemDescription />
      <UnitQty>יח`</UnitQty>
      <Quantity>750</Quantity>
      <UnitMeasure>מ"ל</UnitMeasure>
      <BisWeighted>0</BisWeighted>
      <QtyInPackage>1</QtyInPackage>
      <ItemPrice>26.90</ItemPrice>
      <UnitOfMeasurePrice>3.55</UnitOfMeasurePrice>
      <AllowDiscount>1</AllowDiscount>
      <itemStatus>1</itemStatus>
      <LastUpdateDate />
      <LastUpdateTime />
    </Product>
    <Product>
      <PriceUpdateDate>2018/08/05 09:16</PriceUpdateDate>
      <ItemCode>7290000023816</ItemCode>
      <ItemType>1</ItemType>
      <ItemName>קלאסיק אמרלד ריזלינג יקבי ברקן (750 מל)</ItemName>
      <ManufactureName>טמפו משקאות בעמ</ManufactureName>
      <ManufactureCountry />
      <ManufactureItemDescription />
      <UnitQty>יח`</UnitQty>
      <Quantity>750</Quantity>
      <UnitMeasure>מ"ל</UnitMeasure>
      <BisWeighted>0</BisWeighted>
      <QtyInPackage>1</QtyInPackage>
      <ItemPrice>26.90</ItemPrice>
      <UnitOfMeasurePrice>3.55</UnitOfMeasurePrice>
      <AllowDiscount>1</AllowDiscount>
      <itemStatus>1</itemStatus>
      <LastUpdateDate />
      <LastUpdateTime />
    </Product>
    <Product>
      <PriceUpdateDate>2018/08/05 09:16</PriceUpdateDate>
      <ItemCode>7290000023977</ItemCode>
      <ItemType>1</ItemType>
      <ItemName>קלאסיק מרלו יקבי ברקן (750 מל)</ItemName>
      <ManufactureName>טמפו משקאות בעמ</ManufactureName>
      <ManufactureCountry />
      <ManufactureItemDescription />
      <UnitQty>יח`</UnitQty>
      <Quantity>750</Quantity>
      <UnitMeasure>מ"ל</UnitMeasure>
      <BisWeighted>0</BisWeighted>
      <QtyInPackage>1</QtyInPackage>
      <ItemPrice>26.90</ItemPrice>
      <UnitOfMeasurePrice>3.55</UnitOfMeasurePrice>
      <AllowDiscount>1</AllowDiscount>
      <itemStatus>1</itemStatus>
      <LastUpdateDate />
      <LastUpdateTime />
    </Product>
    <Product>
      <PriceUpdateDate>2017/12/17 08:17</PriceUpdateDate>
      <ItemCode>7290000024578</ItemCode>
      <ItemType>1</ItemType>
      <ItemName>אסמבלאז` צפית 750 מל ברקן</ItemName>
      <ManufactureName>טמפו משקאות בעמ</ManufactureName>
      <ManufactureCountry />
      <ManufactureItemDescription />
      <UnitQty>יח`</UnitQty>
      <Quantity>750</Quantity>
      <UnitMeasure>מ"ל</UnitMeasure>
      <BisWeighted>0</BisWeighted>
      <QtyInPackage>1</QtyInPackage>
      <ItemPrice>64.90</ItemPrice>
      <UnitOfMeasurePrice>8.61</UnitOfMeasurePrice>
      <AllowDiscount>1</AllowDiscount>
      <itemStatus>1</itemStatus>
      <LastUpdateDate />
      <LastUpdateTime />
    </Product>
    <Product>
      <PriceUpdateDate>2013/12/31 09:51</PriceUpdateDate>
      <ItemCode>7290000040042</ItemCode>
      <ItemType>1</ItemType>
      <ItemName>יוגורט ביו 3% תות יופלה (150 גרם)</ItemName>
      <ManufactureName>תנובה - חלב</ManufactureName>
      <ManufactureCountry />
      <ManufactureItemDescription />
      <UnitQty>יח`</UnitQty>
      <Quantity>150</Quantity>
      <UnitMeasure>מ"ל</UnitMeasure>
      <BisWeighted>0</BisWeighted>
      <QtyInPackage>1</QtyInPackage>
      <ItemPrice>4.90</ItemPrice>
      <UnitOfMeasurePrice>3.27</UnitOfMeasurePrice>
      <AllowDiscount>1</AllowDiscount>
      <itemStatus>1</itemStatus>
      <LastUpdateDate />
      <LastUpdateTime />
    </Product>
    <Product>
      <PriceUpdateDate>2013/12/31 09:51</PriceUpdateDate>
      <ItemCode>7290000040066</ItemCode>
      <ItemType>1</ItemType>
      <ItemName>יופלה דובדבן 3%</ItemName>
      <ManufactureName>תנובה - חלב</ManufactureName>
      <ManufactureCountry />
      <ManufactureItemDescription />
      <UnitQty>יח`</UnitQty>
      <Quantity>150</Quantity>
      <UnitMeasure>מ"ל</UnitMeasure>
      <BisWeighted>0</BisWeighted>
      <QtyInPackage>1</QtyInPackage>
      <ItemPrice>4.90</ItemPrice>
      <UnitOfMeasurePrice>3.27</UnitOfMeasurePrice>
      <AllowDiscount>1</AllowDiscount>
      <itemStatus>1</itemStatus>
      <LastUpdateDate />
      <LastUpdateTime />
    </Product>
    <Product>
      <PriceUpdateDate>2013/12/31 09:51</PriceUpdateDate>
      <ItemCode>7290000040080</ItemCode>
      <ItemType>1</ItemType>
      <ItemName>יוגורט ביו 3% אפרסק יופלה (150 גרם)</ItemName>
      <ManufactureName>תנובה - חלב</ManufactureName>
      <ManufactureCountry />
      <ManufactureItemDescription />
      <UnitQty>יח`</UnitQty>
      <Quantity>150</Quantity>
      <UnitMeasure>מ"ל</UnitMeasure>
      <BisWeighted>0</BisWeighted>
      <QtyInPackage>1</QtyInPackage>
      <ItemPrice>4.90</ItemPrice>
      <UnitOfMeasurePrice>3.27</UnitOfMeasurePrice>
      <AllowDiscount>1</AllowDiscount>
      <itemStatus>1</itemStatus>
      <LastUpdateDate />
      <LastUpdateTime />
    </Product>
    <Product>
      <PriceUpdateDate>2018/08/08 15:47</PriceUpdateDate>
      <ItemCode>7290000040301</ItemCode>
      <ItemType>1</ItemType>
      <ItemName>גבינת קממבר 24% עין גדי תנובה (125 גרם)</ItemName>
      <ManufactureName>תנובה - חלב</ManufactureName>
      <ManufactureCountry />
      <ManufactureItemDescription />
      <UnitQty>יח`</UnitQty>
      <Quantity>125</Quantity>
      <UnitMeasure>גרם</UnitMeasure>
      <BisWeighted>0</BisWeighted>
      <QtyInPackage>1</QtyInPackage>
      <ItemPrice>19.50</ItemPrice>
      <UnitOfMeasurePrice>15.60</UnitOfMeasurePrice>
      <AllowDiscount>0</AllowDiscount>
      <itemStatus>1</itemStatus>
      <LastUpdateDate />
      <LastUpdateTime />
    </Product>
    <Product>
      <PriceUpdateDate>2018/08/08 15:47</PriceUpdateDate>
      <ItemCode>7290000040974</ItemCode>
      <ItemType>1</ItemType>
      <ItemName>חלב 2% דל לקטוז בקרטון תנובה (1 ליטר)</ItemName>
      <ManufactureName>תנובה - חלב</ManufactureName>
      <ManufactureCountry />
      <ManufactureItemDescription />
      <UnitQty>יח`</UnitQty>
      <Quantity>1</Quantity>
      <UnitMeasure>1 ליטר</UnitMeasure>
      <BisWeighted>0</BisWeighted>
      <QtyInPackage>1</QtyInPackage>
      <ItemPrice>6.90</ItemPrice>
      <UnitOfMeasurePrice>6.90</UnitOfMeasurePrice>
      <AllowDiscount>0</AllowDiscount>
      <itemStatus>1</itemStatus>
      <LastUpdateDate />
      <LastUpdateTime />
    </Product>
    <Product>
      <PriceUpdateDate>2019/06/12 14:18</PriceUpdateDate>
      <ItemCode>7290000041407</ItemCode>
      <ItemType>1</ItemType>
      <ItemName>גיל 125 גרם</ItemName>
      <ManufactureName>תנובה - חלב</ManufactureName>
      <ManufactureCountry />
      <ManufactureItemDescription />
      <UnitQty>יח`</UnitQty>
      <Quantity>125</Quantity>
      <UnitMeasure>מ"ל</UnitMeasure>
      <BisWeighted>0</BisWeighted>
      <QtyInPackage>1</QtyInPackage>
      <ItemPrice>0.90</ItemPrice>
      <UnitOfMeasurePrice>0.72</UnitOfMeasurePrice>
      <AllowDiscount>0</AllowDiscount>
      <itemStatus>1</itemStatus>
      <LastUpdateDate />
      <LastUpdateTime />
    </Product>
    <Product>
      <PriceUpdateDate>2017/06/04 09:44</PriceUpdateDate>
      <ItemCode>7290000041445</ItemCode>
      <ItemType>1</ItemType>
      <ItemName>קוטג` 250 5%</ItemName>
      <ManufactureName>תנובה - חלב</ManufactureName>
      <ManufactureCountry />
      <ManufactureItemDescription />
      <UnitQty>יח`</UnitQty>
      <Quantity>250</Quantity>
      <UnitMeasure>גרם</UnitMeasure>
      <BisWeighted>0</BisWeighted>
      <QtyInPackage>1</QtyInPackage>
      <ItemPrice>5.50</ItemPrice>
      <UnitOfMeasurePrice>2.20</UnitOfMeasurePrice>
      <AllowDiscount>0</AllowDiscount>
      <itemStatus>1</itemStatus>
      <LastUpdateDate />
      <LastUpdateTime />
    </Product>
    <Product>
      <PriceUpdateDate>2013/12/31 09:51</PriceUpdateDate>
      <ItemCode>7290000041858</ItemCode>
      <ItemType>1</ItemType>
      <ItemName>שמנת חמוצה 15% יטבתה (200 מל)</ItemName>
      <ManufactureName>שטראוס גרופ בעמ/מצונן</ManufactureName>
      <ManufactureCountry />
      <ManufactureItemDescription />
      <UnitQty>יח`</UnitQty>
      <Quantity>200</Quantity>
      <UnitMeasure>מ"ל</UnitMeasure>
      <BisWeighted>0</BisWeighted>
      <QtyInPackage>1</QtyInPackage>
      <ItemPrice>2.50</ItemPrice>
      <UnitOfMeasurePrice>1.25</UnitOfMeasurePrice>
      <AllowDiscount>0</AllowDiscount>
      <itemStatus>1</itemStatus>
      <LastUpdateDate />
      <LastUpdateTime />
    </Product>
    <Product>
      <PriceUpdateDate>2019/06/12 14:18</PriceUpdateDate>
      <ItemCode>7290000042015</ItemCode>
      <ItemType>1</ItemType>
      <ItemName>חלב 3% בשקית בדצ תנובה (1 ליטר) פיקוח</ItemName>
      <ManufactureName>תנובה - חלב</ManufactureName>
      <ManufactureCountry />
      <ManufactureItemDescription />
      <UnitQty>יח`</UnitQty>
      <Quantity>1</Quantity>
      <UnitMeasure>1 ליטר</UnitMeasure>
      <BisWeighted>0</BisWeighted>
      <QtyInPackage>1</QtyInPackage>
      <ItemPrice>5.17</ItemPrice>
      <UnitOfMeasurePrice>5.17</UnitOfMeasurePrice>
      <AllowDiscount>0</AllowDiscount>
      <itemStatus>1</itemStatus>
      <LastUpdateDate />
      <LastUpdateTime />
    </Product>
    <Product>
      <PriceUpdateDate>2014/04/16 16:50</PriceUpdateDate>
      <ItemCode>7290000042404</ItemCode>
      <ItemType>1</ItemType>
      <ItemName>חלב 3% מועשר מהדרין בשקית יטבתה (1 ליטר)</ItemName>
      <ManufactureName>שטראוס גרופ בעמ/מצונן</ManufactureName>
      <ManufactureCountry />
      <ManufactureItemDescription />
      <UnitQty>יח`</UnitQty>
      <Quantity>1</Quantity>
      <UnitMeasure>1 ליטר</UnitMeasure>
      <BisWeighted>0</BisWeighted>
      <QtyInPackage>1</QtyInPackage>
      <ItemPrice>5.90</ItemPrice>
      <UnitOfMeasurePrice>5.90</UnitOfMeasurePrice>
      <AllowDiscount>0</AllowDiscount>
      <itemStatus>1</itemStatus>
      <LastUpdateDate />
      <LastUpdateTime />
    </Product>
    <Product>
      <PriceUpdateDate>2019/06/12 14:18</PriceUpdateDate>
      <ItemCode>7290000042435</ItemCode>
      <ItemType>1</ItemType>
      <ItemName>חלב דל שומן 1% בקרטון תנובה (1  ליטר)פיק</ItemName>
      <ManufactureName>תנובה - חלב</ManufactureName>
      <ManufactureCountry />
      <ManufactureItemDescription />
      <UnitQty>יח`</UnitQty>
      <Quantity>1000</Quantity>
      <UnitMeasure>מ"ל</UnitMeasure>
      <BisWeighted>0</BisWeighted>
      <QtyInPackage>1</QtyInPackage>
      <ItemPrice>5.59</ItemPrice>
      <UnitOfMeasurePrice>0.56</UnitOfMeasurePrice>
      <AllowDiscount>0</AllowDiscount>
      <itemStatus>1</itemStatus>
      <LastUpdateDate />
      <LastUpdateTime />
    </Product>
    <Product>
      <PriceUpdateDate>2019/06/12 14:18</PriceUpdateDate>
      <ItemCode>7290000042442</ItemCode>
      <ItemType>1</ItemType>
      <ItemName>חלב 3% בקרטון תנובה (1  ליטר)פיקוח</ItemName>
      <ManufactureName>תנובה - חלב</ManufactureName>
      <ManufactureCountry />
      <ManufactureItemDescription />
      <UnitQty>יח`</UnitQty>
      <Quantity>1000</Quantity>
      <UnitMeasure>מ"ל</UnitMeasure>
      <BisWeighted>0</BisWeighted>
      <QtyInPackage>1</QtyInPackage>
      <ItemPrice>5.94</ItemPrice>
      <UnitOfMeasurePrice>0.59</UnitOfMeasurePrice>
      <AllowDiscount>0</AllowDiscount>
      <itemStatus>1</itemStatus>
      <LastUpdateDate />
      <LastUpdateTime />
    </Product>
    <Product>
      <PriceUpdateDate>2018/08/08 15:47</PriceUpdateDate>
      <ItemCode>7290000042503</ItemCode>
      <ItemType>1</ItemType>
      <ItemName>חלב עמיד הומוגני 3% תנובה (1 ליטר)</ItemName>
      <ManufactureName>תנובה - חלב</ManufactureName>
      <ManufactureCountry />
      <ManufactureItemDescription />
      <UnitQty>יח`</UnitQty>
      <Quantity>1</Quantity>
      <UnitMeasure>1 ליטר</UnitMeasure>
      <BisWeighted>0</BisWeighted>
      <QtyInPackage>1</QtyInPackage>
      <ItemPrice>6.90</ItemPrice>
      <UnitOfMeasurePrice>6.90</UnitOfMeasurePrice>
      <AllowDiscount>0</AllowDiscount>
      <itemStatus>1</itemStatus>
      <LastUpdateDate />
      <LastUpdateTime />
    </Product>
    <Product>
      <PriceUpdateDate>2018/08/08 15:47</PriceUpdateDate>
      <ItemCode>7290000042541</ItemCode>
      <ItemType>1</ItemType>
      <ItemName>חלב קרטון 1 ליטר 1% עמיד דל שומן</ItemName>
      <ManufactureName>תנובה - חלב</ManufactureName>
      <ManufactureCountry />
      <ManufactureItemDescription />
      <UnitQty>יח`</UnitQty>
      <Quantity>1</Quantity>
      <UnitMeasure>1 ליטר</UnitMeasure>
      <BisWeighted>0</BisWeighted>
      <QtyInPackage>1</QtyInPackage>
      <ItemPrice>8.10</ItemPrice>
      <UnitOfMeasurePrice>8.10</UnitOfMeasurePrice>
      <AllowDiscount>0</AllowDiscount>
      <itemStatus>1</itemStatus>
      <LastUpdateDate />
      <LastUpdateTime />
    </Product>
    <Product>
      <PriceUpdateDate>2018/08/08 15:47</PriceUpdateDate>
      <ItemCode>7290000042640</ItemCode>
      <ItemType>1</ItemType>
      <ItemName>חלב עמיד 3% תנובה (250 מל)</ItemName>
      <ManufactureName>תנובה - חלב</ManufactureName>
      <ManufactureCountry />
      <ManufactureItemDescription />
      <UnitQty>יח`</UnitQty>
      <Quantity>250</Quantity>
      <UnitMeasure>מ"ל</UnitMeasure>
      <BisWeighted>0</BisWeighted>
      <QtyInPackage>1</QtyInPackage>
      <ItemPrice>2.60</ItemPrice>
      <UnitOfMeasurePrice>1.04</UnitOfMeasurePrice>
      <AllowDiscount>0</AllowDiscount>
      <itemStatus>1</itemStatus>
      <LastUpdateDate />
      <LastUpdateTime />
    </Product>
    <Product>
      <PriceUpdateDate>2013/12/31 09:51</PriceUpdateDate>
      <ItemCode>7290000042855</ItemCode>
      <ItemType>1</ItemType>
      <ItemName>שוקו שקית</ItemName>
      <ManufactureName>שטראוס גרופ בעמ/מצונן</ManufactureName>
      <ManufactureCountry />
      <ManufactureItemDescription />
      <UnitQty>יח`</UnitQty>
      <Quantity>225</Quantity>
      <UnitMeasure>מ"ל</UnitMeasure>
      <BisWeighted>0</BisWeighted>
      <QtyInPackage>1</QtyInPackage>
      <ItemPrice>2.50</ItemPrice>
      <UnitOfMeasurePrice>1.11</UnitOfMeasurePrice>
      <AllowDiscount>0</AllowDiscount>
      <itemStatus>1</itemStatus>
      <LastUpdateDate />
      <LastUpdateTime />
    </Product>
    <Product>
      <PriceUpdateDate>2019/06/12 14:18</PriceUpdateDate>
      <ItemCode>7290000043814</ItemCode>
      <ItemType>1</ItemType>
      <ItemName>השף הלבן שמנת עמיד 38% קר 250</ItemName>
      <ManufactureName>תנובה - חלב</ManufactureName>
      <ManufactureCountry />
      <ManufactureItemDescription />
      <UnitQty>יח`</UnitQty>
      <Quantity>250</Quantity>
      <UnitMeasure>מ"ל</UnitMeasure>
      <BisWeighted>0</BisWeighted>
      <QtyInPackage>1</QtyInPackage>
      <ItemPrice>6.18</ItemPrice>
      <UnitOfMeasurePrice>2.47</UnitOfMeasurePrice>
      <AllowDiscount>0</AllowDiscount>
      <itemStatus>1</itemStatus>
      <LastUpdateDate />
      <LastUpdateTime />
    </Product>
    <Product>
      <PriceUpdateDate>2018/08/08 15:47</PriceUpdateDate>
      <ItemCode>7290000043890</ItemCode>
      <ItemType>1</ItemType>
      <ItemName>רויון 1.5% תנובה (1 ליטר)</ItemName>
      <ManufactureName>תנובה - חלב</ManufactureName>
      <ManufactureCountry />
      <ManufactureItemDescription />
      <UnitQty>יח`</UnitQty>
      <Quantity>1</Quantity>
      <UnitMeasure>1 ליטר</UnitMeasure>
      <BisWeighted>0</BisWeighted>
      <QtyInPackage>1</QtyInPackage>
      <ItemPrice>11.50</ItemPrice>
      <UnitOfMeasurePrice>11.50</UnitOfMeasurePrice>
      <AllowDiscount>0</AllowDiscount>
      <itemStatus>1</itemStatus>
      <LastUpdateDate />
      <LastUpdateTime />
    </Product>
    <Product>
      <PriceUpdateDate>2018/08/08 15:47</PriceUpdateDate>
      <ItemCode>7290000043944</ItemCode>
      <ItemType>1</ItemType>
      <ItemName>יוגורט לבן 4% תנובה (1.5 ליטר)</ItemName>
      <ManufactureName>תנובה - חלב</ManufactureName>
      <ManufactureCountry />
      <ManufactureItemDescription />
      <UnitQty>יח`</UnitQty>
      <Quantity>1.50</Quantity>
      <UnitMeasure>1 ליטר</UnitMeasure>
      <BisWeighted>0</BisWeighted>
      <QtyInPackage>1</QtyInPackage>
      <ItemPrice>16.50</ItemPrice>
      <UnitOfMeasurePrice>11</UnitOfMeasurePrice>
      <AllowDiscount>0</AllowDiscount>
      <itemStatus>1</itemStatus>
      <LastUpdateDate />
      <LastUpdateTime />
    </Product>
    <Product>
      <PriceUpdateDate>2018/08/08 15:47</PriceUpdateDate>
      <ItemCode>7290000044248</ItemCode>
      <ItemType>1</ItemType>
      <ItemName>רויון 1.5% תנובה (500 מל)</ItemName>
      <ManufactureName>תנובה - חלב</ManufactureName>
      <ManufactureCountry />
      <ManufactureItemDescription />
      <UnitQty>יח`</UnitQty>
      <Quantity>500</Quantity>
      <UnitMeasure>מ"ל</UnitMeasure>
      <BisWeighted>0</BisWeighted>
      <QtyInPackage>1</QtyInPackage>
      <ItemPrice>6.60</ItemPrice>
      <UnitOfMeasurePrice>1.32</UnitOfMeasurePrice>
      <AllowDiscount>0</AllowDiscount>
      <itemStatus>1</itemStatus>
      <LastUpdateDate />
      <LastUpdateTime />
    </Product>
    <Product>
      <PriceUpdateDate>2018/08/08 15:47</PriceUpdateDate>
      <ItemCode>7290000044712</ItemCode>
      <ItemType>1</ItemType>
      <ItemName>יוגורט עם תות 1.5% פרילי (500 גרם)</ItemName>
      <ManufactureName>תנובה - חלב</ManufactureName>
      <ManufactureCountry />
      <ManufactureItemDescription />
      <UnitQty>יח`</UnitQty>
      <Quantity>500</Quantity>
      <UnitMeasure>מ"ל</UnitMeasure>
      <BisWeighted>0</BisWeighted>
      <QtyInPackage>1</QtyInPackage>
      <ItemPrice>10.90</ItemPrice>
      <UnitOfMeasurePrice>2.18</UnitOfMeasurePrice>
      <AllowDiscount>0</AllowDiscount>
      <itemStatus>1</itemStatus>
      <LastUpdateDate />
      <LastUpdateTime />
    </Product>
    <Product>
      <PriceUpdateDate>2018/08/08 15:47</PriceUpdateDate>
      <ItemCode>7290000044743</ItemCode>
      <ItemType>1</ItemType>
      <ItemName>יוגורט בטעם אננס 1.5% פרילי (500 מל)</ItemName>
      <ManufactureName>תנובה - חלב</ManufactureName>
      <ManufactureCountry />
      <ManufactureItemDescription />
      <UnitQty>יח`</UnitQty>
      <Quantity>500</Quantity>
      <UnitMeasure>מ"ל</UnitMeasure>
      <BisWeighted>0</BisWeighted>
      <QtyInPackage>1</QtyInPackage>
      <ItemPrice>10.90</ItemPrice>
      <UnitOfMeasurePrice>2.18</UnitOfMeasurePrice>
      <AllowDiscount>0</AllowDiscount>
      <itemStatus>1</itemStatus>
      <LastUpdateDate />
      <LastUpdateTime />
    </Product>
    <Product>
      <PriceUpdateDate>2019/01/30 08:33</PriceUpdateDate>
      <ItemCode>7290000044880</ItemCode>
      <ItemType>1</ItemType>
      <ItemName>יוגורט בטעם תות שדה 3% באדי (500 גרם)</ItemName>
      <ManufactureName>תנובה - חלב</ManufactureName>
      <ManufactureCountry />
      <ManufactureItemDescription />
      <UnitQty>יח`</UnitQty>
      <Quantity>500</Quantity>
      <UnitMeasure>מ"ל</UnitMeasure>
      <BisWeighted>0</BisWeighted>
      <QtyInPackage>1</QtyInPackage>
      <ItemPrice>8.80</ItemPrice>
      <UnitOfMeasurePrice>1.76</UnitOfMeasurePrice>
      <AllowDiscount>0</AllowDiscount>
      <itemStatus>1</itemStatus>
      <LastUpdateDate />
      <LastUpdateTime />
    </Product>
    <Product>
      <PriceUpdateDate>2018/08/08 15:47</PriceUpdateDate>
      <ItemCode>7290000045573</ItemCode>
      <ItemType>1</ItemType>
      <ItemName>גבינת נעמה</ItemName>
      <ManufactureName>תנובה - חלב</ManufactureName>
      <ManufactureCountry />
      <ManufactureItemDescription />
      <UnitQty>יח`</UnitQty>
      <Quantity>200</Quantity>
      <UnitMeasure>גרם</UnitMeasure>
      <BisWeighted>0</BisWeighted>
      <QtyInPackage>1</QtyInPackage>
      <ItemPrice>14.90</ItemPrice>
      <UnitOfMeasurePrice>7.45</UnitOfMeasurePrice>
      <AllowDiscount>0</AllowDiscount>
      <itemStatus>1</itemStatus>
      <LastUpdateDate />
      <LastUpdateTime />
    </Product>
    <Product>
      <PriceUpdateDate>2018/08/08 15:47</PriceUpdateDate>
      <ItemCode>7290000045580</ItemCode>
      <ItemType>1</ItemType>
      <ItemName>גבינת חורש</ItemName>
      <ManufactureName>תנובה - חלב</ManufactureName>
      <ManufactureCountry />
      <ManufactureItemDescription />
      <UnitQty>יח`</UnitQty>
      <Quantity>240</Quantity>
      <UnitMeasure>גרם</UnitMeasure>
      <BisWeighted>0</BisWeighted>
      <QtyInPackage>1</QtyInPackage>
      <ItemPrice>17.90</ItemPrice>
      <UnitOfMeasurePrice>7.46</UnitOfMeasurePrice>
      <AllowDiscount>0</AllowDiscount>
      <itemStatus>1</itemStatus>
      <LastUpdateDate />
      <LastUpdateTime />
    </Product>
    <Product>
      <PriceUpdateDate>2018/08/08 15:47</PriceUpdateDate>
      <ItemCode>7290000045771</ItemCode>
      <ItemType>1</ItemType>
      <ItemName>יוגורט לבן 4% תנובה (3 ליטר)</ItemName>
      <ManufactureName>תנובה - חלב</ManufactureName>
      <ManufactureCountry />
      <ManufactureItemDescription />
      <UnitQty>יח`</UnitQty>
      <Quantity>3</Quantity>
      <UnitMeasure>1 ליטר</UnitMeasure>
      <BisWeighted>0</BisWeighted>
      <QtyInPackage>1</QtyInPackage>
      <ItemPrice>29</ItemPrice>
      <UnitOfMeasurePrice>9.67</UnitOfMeasurePrice>
      <AllowDiscount>0</AllowDiscount>
      <itemStatus>1</itemStatus>
      <LastUpdateDate />
      <LastUpdateTime />
    </Product>
    <Product>
      <PriceUpdateDate>2018/08/08 15:47</PriceUpdateDate>
      <ItemCode>7290000045917</ItemCode>
      <ItemType>1</ItemType>
      <ItemName>קולאז עיזים 23%</ItemName>
      <ManufactureName>תנובה - חלב</ManufactureName>
      <ManufactureCountry />
      <ManufactureItemDescription />
      <UnitQty>יח`</UnitQty>
      <Quantity>200</Quantity>
      <UnitMeasure>גרם</UnitMeasure>
      <BisWeighted>0</BisWeighted>
      <QtyInPackage>1</QtyInPackage>
      <ItemPrice>25.50</ItemPrice>
      <UnitOfMeasurePrice>12.75</UnitOfMeasurePrice>
      <AllowDiscount>0</AllowDiscount>
      <itemStatus>1</itemStatus>
      <LastUpdateDate />
      <LastUpdateTime />
    </Product>
    <Product>
      <PriceUpdateDate>2018/08/08 15:47</PriceUpdateDate>
      <ItemCode>7290000047546</ItemCode>
      <ItemType>1</ItemType>
      <ItemName>גבינה כנען 500</ItemName>
      <ManufactureName>תנובה - חלב</ManufactureName>
      <ManufactureCountry />
      <ManufactureItemDescription />
      <UnitQty>יח`</UnitQty>
      <Quantity>500</Quantity>
      <UnitMeasure>גרם</UnitMeasure>
      <BisWeighted>0</BisWeighted>
      <QtyInPackage>1</QtyInPackage>
      <ItemPrice>23.90</ItemPrice>
      <UnitOfMeasurePrice>4.78</UnitOfMeasurePrice>
      <AllowDiscount>0</AllowDiscount>
      <itemStatus>1</itemStatus>
      <LastUpdateDate />
      <LastUpdateTime />
    </Product>
    <Product>
      <PriceUpdateDate>2019/06/12 14:18</PriceUpdateDate>
      <ItemCode>7290000048185</ItemCode>
      <ItemType>1</ItemType>
      <ItemName>גבינה לבנה 5% תנובה (250  גרם)פיקוח</ItemName>
      <ManufactureName>תנובה - חלב</ManufactureName>
      <ManufactureCountry />
      <ManufactureItemDescription />
      <UnitQty>יח`</UnitQty>
      <Quantity>250</Quantity>
      <UnitMeasure>גרם</UnitMeasure>
      <BisWeighted>0</BisWeighted>
      <QtyInPackage>1</QtyInPackage>
      <ItemPrice>4.75</ItemPrice>
      <UnitOfMeasurePrice>1.90</UnitOfMeasurePrice>
      <AllowDiscount>0</AllowDiscount>
      <itemStatus>1</itemStatus>
      <LastUpdateDate />
      <LastUpdateTime />
    </Product>
    <Product>
      <PriceUpdateDate>2019/06/12 14:18</PriceUpdateDate>
      <ItemCode>7290000048192</ItemCode>
      <ItemType>1</ItemType>
      <ItemName>גבינה לבנה 9% תנובה (250 גרם)</ItemName>
      <ManufactureName>תנובה - חלב</ManufactureName>
      <ManufactureCountry />
      <ManufactureItemDescription />
      <UnitQty>יח`</UnitQty>
      <Quantity>250</Quantity>
      <UnitMeasure>גרם</UnitMeasure>
      <BisWeighted>0</BisWeighted>
      <QtyInPackage>1</QtyInPackage>
      <ItemPrice>4.75</ItemPrice>
      <UnitOfMeasurePrice>1.90</UnitOfMeasurePrice>
      <AllowDiscount>0</AllowDiscount>
      <itemStatus>1</itemStatus>
      <LastUpdateDate />
      <LastUpdateTime />
    </Product>
    <Product>
      <PriceUpdateDate>2018/08/08 15:47</PriceUpdateDate>
      <ItemCode>7290000048413</ItemCode>
      <ItemType>1</ItemType>
      <ItemName>גבינה חמד 16% פיראוס (250 גרם)</ItemName>
      <ManufactureName>תנובה - חלב</ManufactureName>
      <ManufactureCountry />
      <ManufactureItemDescription />
      <UnitQty>יח`</UnitQty>
      <Quantity>250</Quantity>
      <UnitMeasure>גרם</UnitMeasure>
      <BisWeighted>0</BisWeighted>
      <QtyInPackage>1</QtyInPackage>
      <ItemPrice>17.90</ItemPrice>
      <UnitOfMeasurePrice>7.16</UnitOfMeasurePrice>
      <AllowDiscount>0</AllowDiscount>
      <itemStatus>1</itemStatus>
      <LastUpdateDate />
      <LastUpdateTime />
    </Product>
    <Product>
      <PriceUpdateDate>2018/08/08 15:47</PriceUpdateDate>
      <ItemCode>7290000048437</ItemCode>
      <ItemType>1</ItemType>
      <ItemName>גבינת צפתית 5% פיראוס (200 גרם)</ItemName>
      <ManufactureName>תנובה - חלב</ManufactureName>
      <ManufactureCountry />
      <ManufactureItemDescription />
      <UnitQty>יח`</UnitQty>
      <Quantity>200</Quantity>
      <UnitMeasure>גרם</UnitMeasure>
      <BisWeighted>0</BisWeighted>
      <QtyInPackage>1</QtyInPackage>
      <ItemPrice>14.90</ItemPrice>
      <UnitOfMeasurePrice>7.45</UnitOfMeasurePrice>
      <AllowDiscount>0</AllowDiscount>
      <itemStatus>1</itemStatus>
      <LastUpdateDate />
      <LastUpdateTime />
    </Product>
    <Product>
      <PriceUpdateDate>2018/08/08 15:47</PriceUpdateDate>
      <ItemCode>7290000049458</ItemCode>
      <ItemType>1</ItemType>
      <ItemName>גבינה בולגרית עיזים 16% פיראוס (250 גרם)</ItemName>
      <ManufactureName>תנובה - חלב</ManufactureName>
      <ManufactureCountry />
      <ManufactureItemDescription />
      <UnitQty>יח`</UnitQty>
      <Quantity>250</Quantity>
      <UnitMeasure>גרם</UnitMeasure>
      <BisWeighted>0</BisWeighted>
      <QtyInPackage>1</QtyInPackage>
      <ItemPrice>28.50</ItemPrice>
      <UnitOfMeasurePrice>11.40</UnitOfMeasurePrice>
      <AllowDiscount>0</AllowDiscount>
      <itemStatus>1</itemStatus>
      <LastUpdateDate />
      <LastUpdateTime />
    </Product>
    <Product>
      <PriceUpdateDate>2019/06/12 14:18</PriceUpdateDate>
      <ItemCode>7290000050300</ItemCode>
      <ItemType>1</ItemType>
      <ItemName>גבינה לבנה 5% מהדרין תנובה (125 גרם)</ItemName>
      <ManufactureName>תנובה - חלב</ManufactureName>
      <ManufactureCountry />
      <ManufactureItemDescription />
      <UnitQty>יח`</UnitQty>
      <Quantity>125</Quantity>
      <UnitMeasure>גרם</UnitMeasure>
      <BisWeighted>0</BisWeighted>
      <QtyInPackage>1</QtyInPackage>
      <ItemPrice>2.37</ItemPrice>
      <UnitOfMeasurePrice>1.90</UnitOfMeasurePrice>
      <AllowDiscount>0</AllowDiscount>
      <itemStatus>1</itemStatus>
      <LastUpdateDate />
      <LastUpdateTime />
    </Product>
    <Product>
      <PriceUpdateDate>2015/01/18 15:09</PriceUpdateDate>
      <ItemCode>7290000050447</ItemCode>
      <ItemType>1</ItemType>
      <ItemName>יוגורט ביו 3% תות יופלה (500 גרם)</ItemName>
      <ManufactureName>תנובה - חלב</ManufactureName>
      <ManufactureCountry />
      <ManufactureItemDescription />
      <UnitQty>יח`</UnitQty>
      <Quantity>1</Quantity>
      <UnitMeasure>1 ליטר</UnitMeasure>
      <BisWeighted>0</BisWeighted>
      <QtyInPackage>1</QtyInPackage>
      <ItemPrice>12.50</ItemPrice>
      <UnitOfMeasurePrice>12.50</UnitOfMeasurePrice>
      <AllowDiscount>0</AllowDiscount>
      <itemStatus>1</itemStatus>
      <LastUpdateDate />
      <LastUpdateTime />
    </Product>
    <Product>
      <PriceUpdateDate>2015/01/18 15:09</PriceUpdateDate>
      <ItemCode>7290000050454</ItemCode>
      <ItemType>1</ItemType>
      <ItemName>יוגורט ביו 3% אפרסק יופלה (500 גרם)</ItemName>
      <ManufactureName>תנובה - חלב</ManufactureName>
      <ManufactureCountry />
      <ManufactureItemDescription />
      <UnitQty>יח`</UnitQty>
      <Quantity>500</Quantity>
      <UnitMeasure>מ"ל</UnitMeasure>
      <BisWeighted>0</BisWeighted>
      <QtyInPackage>1</QtyInPackage>
      <ItemPrice>12.50</ItemPrice>
      <UnitOfMeasurePrice>2.50</UnitOfMeasurePrice>
      <AllowDiscount>0</AllowDiscount>
      <itemStatus>1</itemStatus>
      <LastUpdateDate />
      <LastUpdateTime />
    </Product>
    <Product>
      <PriceUpdateDate>2014/01/14 08:27</PriceUpdateDate>
      <ItemCode>7290000051352</ItemCode>
      <ItemType>1</ItemType>
      <ItemName>חלב של פעם 3.8% בקרטון תנובה (1 ליטר)</ItemName>
      <ManufactureName>תנובה - חלב</ManufactureName>
      <ManufactureCountry />
      <ManufactureItemDescription />
      <UnitQty>יח`</UnitQty>
      <Quantity>1</Quantity>
      <UnitMeasure>1 ליטר</UnitMeasure>
      <BisWeighted>0</BisWeighted>
      <QtyInPackage>1</QtyInPackage>
      <ItemPrice>7.50</ItemPrice>
      <UnitOfMeasurePrice>7.50</UnitOfMeasurePrice>
      <AllowDiscount>0</AllowDiscount>
      <itemStatus>1</itemStatus>
      <LastUpdateDate />
      <LastUpdateTime />
    </Product>
    <Product>
      <PriceUpdateDate>2013/12/31 09:51</PriceUpdateDate>
      <ItemCode>7290000051376</ItemCode>
      <ItemType>1</ItemType>
      <ItemName>יופלה דיאט אננס 0%</ItemName>
      <ManufactureName>תנובה - חלב</ManufactureName>
      <ManufactureCountry />
      <ManufactureItemDescription />
      <UnitQty>יח`</UnitQty>
      <Quantity>150</Quantity>
      <UnitMeasure>מ"ל</UnitMeasure>
      <BisWeighted>0</BisWeighted>
      <QtyInPackage>1</QtyInPackage>
      <ItemPrice>4.90</ItemPrice>
      <UnitOfMeasurePrice>3.27</UnitOfMeasurePrice>
      <AllowDiscount>1</AllowDiscount>
      <itemStatus>1</itemStatus>
      <LastUpdateDate />
      <LastUpdateTime />
    </Product>
    <Product>
      <PriceUpdateDate>2018/08/08 15:47</PriceUpdateDate>
      <ItemCode>7290000052311</ItemCode>
      <ItemType>1</ItemType>
      <ItemName>עמק פרוס בקופסא 200 גר` 15% שומן</ItemName>
      <ManufactureName>תנובה - חלב</ManufactureName>
      <ManufactureCountry />
      <ManufactureItemDescription />
      <UnitQty>יח`</UnitQty>
      <Quantity>200</Quantity>
      <UnitMeasure>גרם</UnitMeasure>
      <BisWeighted>0</BisWeighted>
      <QtyInPackage>1</QtyInPackage>
      <ItemPrice>16.10</ItemPrice>
      <UnitOfMeasurePrice>8.05</UnitOfMeasurePrice>
      <AllowDiscount>0</AllowDiscount>
      <itemStatus>1</itemStatus>
      <LastUpdateDate />
      <LastUpdateTime />
    </Product>
    <Product>
      <PriceUpdateDate>2018/08/08 15:47</PriceUpdateDate>
      <ItemCode>7290000052649</ItemCode>
      <ItemType>1</ItemType>
      <ItemName>לאבנה אסלית 5% פיראוס (500 גרם)</ItemName>
      <ManufactureName>תנובה - חלב</ManufactureName>
      <ManufactureCountry />
      <ManufactureItemDescription />
      <UnitQty>יח`</UnitQty>
      <Quantity>500</Quantity>
      <UnitMeasure>גרם</UnitMeasure>
      <BisWeighted>0</BisWeighted>
      <QtyInPackage>1</QtyInPackage>
      <ItemPrice>19.50</ItemPrice>
      <UnitOfMeasurePrice>3.90</UnitOfMeasurePrice>
      <AllowDiscount>0</AllowDiscount>
      <itemStatus>1</itemStatus>
      <LastUpdateDate />
      <LastUpdateTime />
    </Product>
    <Product>
      <PriceUpdateDate>2018/08/08 15:47</PriceUpdateDate>
      <ItemCode>7290000055015</ItemCode>
      <ItemType>1</ItemType>
      <ItemName>גבינת פטה כבשים 5% פיראוס (250 גרם)</ItemName>
      <ManufactureName>תנובה - חלב</ManufactureName>
      <ManufactureCountry />
      <ManufactureItemDescription />
      <UnitQty>יח`</UnitQty>
      <Quantity>250</Quantity>
      <UnitMeasure>גרם</UnitMeasure>
      <BisWeighted>0</BisWeighted>
      <QtyInPackage>1</QtyInPackage>
      <ItemPrice>26.50</ItemPrice>
      <UnitOfMeasurePrice>10.60</UnitOfMeasurePrice>
      <AllowDiscount>0</AllowDiscount>
      <itemStatus>1</itemStatus>
      <LastUpdateDate />
      <LastUpdateTime />
    </Product>
    <Product>
      <PriceUpdateDate>2018/08/08 15:47</PriceUpdateDate>
      <ItemCode>7290000055329</ItemCode>
      <ItemType>1</ItemType>
      <ItemName>יופלה משקה יוגורט 250 מל תות מלון</ItemName>
      <ManufactureName>תנובה - חלב</ManufactureName>
      <ManufactureCountry />
      <ManufactureItemDescription />
      <UnitQty>יח`</UnitQty>
      <Quantity>250</Quantity>
      <UnitMeasure>גרם</UnitMeasure>
      <BisWeighted>0</BisWeighted>
      <QtyInPackage>1</QtyInPackage>
      <ItemPrice>5.50</ItemPrice>
      <UnitOfMeasurePrice>2.20</UnitOfMeasurePrice>
      <AllowDiscount>1</AllowDiscount>
      <itemStatus>1</itemStatus>
      <LastUpdateDate />
      <LastUpdateTime />
    </Product>
    <Product>
      <PriceUpdateDate>2018/08/08 15:47</PriceUpdateDate>
      <ItemCode>7290000056081</ItemCode>
      <ItemType>1</ItemType>
      <ItemName>מאגדת 6 פרילי טבע</ItemName>
      <ManufactureName>תנובה - חלב</ManufactureName>
      <ManufactureCountry />
      <ManufactureItemDescription />
      <UnitQty>יח`</UnitQty>
      <Quantity>1200</Quantity>
      <UnitMeasure>גרם</UnitMeasure>
      <BisWeighted>0</BisWeighted>
      <QtyInPackage>1</QtyInPackage>
      <ItemPrice>22.50</ItemPrice>
      <UnitOfMeasurePrice>1.88</UnitOfMeasurePrice>
      <AllowDiscount>0</AllowDiscount>
      <itemStatus>1</itemStatus>
      <LastUpdateDate />
      <LastUpdateTime />
    </Product>
    <Product>
      <PriceUpdateDate>2018/08/08 15:47</PriceUpdateDate>
      <ItemCode>7290000056272</ItemCode>
      <ItemType>1</ItemType>
      <ItemName>גבינה לבנה 5% עם זיתים תנובה (250 גרם)</ItemName>
      <ManufactureName>תנובה - חלב</ManufactureName>
      <ManufactureCountry />
      <ManufactureItemDescription />
      <UnitQty>יח`</UnitQty>
      <Quantity>250</Quantity>
      <UnitMeasure>גרם</UnitMeasure>
      <BisWeighted>0</BisWeighted>
      <QtyInPackage>1</QtyInPackage>
      <ItemPrice>5.70</ItemPrice>
      <UnitOfMeasurePrice>2.28</UnitOfMeasurePrice>
      <AllowDiscount>0</AllowDiscount>
      <itemStatus>1</itemStatus>
      <LastUpdateDate />
      <LastUpdateTime />
    </Product>
    <Product>
      <PriceUpdateDate>2019/06/12 14:18</PriceUpdateDate>
      <ItemCode>7290000056845</ItemCode>
      <ItemType>1</ItemType>
      <ItemName>חלב טרי 3% תנובה (1.5 ליטר) פיקוח</ItemName>
      <ManufactureName>תנובה - חלב</ManufactureName>
      <ManufactureCountry />
      <ManufactureItemDescription />
      <UnitQty>יח`</UnitQty>
      <Quantity>1500</Quantity>
      <UnitMeasure>1 ליטר</UnitMeasure>
      <BisWeighted>0</BisWeighted>
      <QtyInPackage>1</QtyInPackage>
      <ItemPrice>8.91</ItemPrice>
      <UnitOfMeasurePrice>0.01</UnitOfMeasurePrice>
      <AllowDiscount>0</AllowDiscount>
      <itemStatus>1</itemStatus>
      <LastUpdateDate />
      <LastUpdateTime />
    </Product>
    <Product>
      <PriceUpdateDate>2018/08/08 15:47</PriceUpdateDate>
      <ItemCode>7290000056883</ItemCode>
      <ItemType>1</ItemType>
      <ItemName>יופלה טעמים משתנים 3% 8*150 מל</ItemName>
      <ManufactureName>תנובה - חלב</ManufactureName>
      <ManufactureCountry />
      <ManufactureItemDescription />
      <UnitQty>יח`</UnitQty>
      <Quantity>1200</Quantity>
      <UnitMeasure>מ"ל</UnitMeasure>
      <BisWeighted>0</BisWeighted>
      <QtyInPackage>1</QtyInPackage>
      <ItemPrice>30.50</ItemPrice>
      <UnitOfMeasurePrice>2.54</UnitOfMeasurePrice>
      <AllowDiscount>1</AllowDiscount>
      <itemStatus>1</itemStatus>
      <LastUpdateDate />
      <LastUpdateTime />
    </Product>
    <Product>
      <PriceUpdateDate>2018/08/08 15:47</PriceUpdateDate>
      <ItemCode>7290000056890</ItemCode>
      <ItemType>1</ItemType>
      <ItemName>יופלה דיאט טעמים שונים 6+2 8*150 מל</ItemName>
      <ManufactureName>תנובה - חלב</ManufactureName>
      <ManufactureCountry />
      <ManufactureItemDescription />
      <UnitQty>יח`</UnitQty>
      <Quantity>1200</Quantity>
      <UnitMeasure>מ"ל</UnitMeasure>
      <BisWeighted>0</BisWeighted>
      <QtyInPackage>1</QtyInPackage>
      <ItemPrice>30.50</ItemPrice>
      <UnitOfMeasurePrice>2.54</UnitOfMeasurePrice>
      <AllowDiscount>1</AllowDiscount>
      <itemStatus>1</itemStatus>
      <LastUpdateDate />
      <LastUpdateTime />
    </Product>
    <Product>
      <PriceUpdateDate>2018/08/08 15:47</PriceUpdateDate>
      <ItemCode>7290000056906</ItemCode>
      <ItemType>1</ItemType>
      <ItemName>יופלה לבן שמינייה 1.5%</ItemName>
      <ManufactureName>תנובה - חלב</ManufactureName>
      <ManufactureCountry />
      <ManufactureItemDescription />
      <UnitQty>יח`</UnitQty>
      <Quantity>1200</Quantity>
      <UnitMeasure>מ"ל</UnitMeasure>
      <BisWeighted>0</BisWeighted>
      <QtyInPackage>1</QtyInPackage>
      <ItemPrice>17.50</ItemPrice>
      <UnitOfMeasurePrice>1.46</UnitOfMeasurePrice>
      <AllowDiscount>1</AllowDiscount>
      <itemStatus>1</itemStatus>
      <LastUpdateDate />
      <LastUpdateTime />
    </Product>
    <Product>
      <PriceUpdateDate>2019/02/20 09:38</PriceUpdateDate>
      <ItemCode>7290000056951</ItemCode>
      <ItemType>1</ItemType>
      <ItemName>שמנת עמידה לבישול 15% השף הלבן (500 מל)</ItemName>
      <ManufactureName>תנובה - חלב</ManufactureName>
      <ManufactureCountry />
      <ManufactureItemDescription />
      <UnitQty>יח`</UnitQty>
      <Quantity>500</Quantity>
      <UnitMeasure>מ"ל</UnitMeasure>
      <BisWeighted>0</BisWeighted>
      <QtyInPackage>1</QtyInPackage>
      <ItemPrice>15.90</ItemPrice>
      <UnitOfMeasurePrice>3.18</UnitOfMeasurePrice>
      <AllowDiscount>0</AllowDiscount>
      <itemStatus>1</itemStatus>
      <LastUpdateDate />
      <LastUpdateTime />
    </Product>
    <Product>
      <PriceUpdateDate>2019/01/30 08:33</PriceUpdateDate>
      <ItemCode>7290000057118</ItemCode>
      <ItemType>1</ItemType>
      <ItemName>סמי עמק 400 גר</ItemName>
      <ManufactureName>תנובה - חלב</ManufactureName>
      <ManufactureCountry />
      <ManufactureItemDescription />
      <UnitQty>יח`</UnitQty>
      <Quantity>400</Quantity>
      <UnitMeasure>גרם</UnitMeasure>
      <BisWeighted>0</BisWeighted>
      <QtyInPackage>1</QtyInPackage>
      <ItemPrice>20.90</ItemPrice>
      <UnitOfMeasurePrice>5.23</UnitOfMeasurePrice>
      <AllowDiscount>0</AllowDiscount>
      <itemStatus>1</itemStatus>
      <LastUpdateDate />
      <LastUpdateTime />
    </Product>
    <Product>
      <PriceUpdateDate>2018/08/08 15:47</PriceUpdateDate>
      <ItemCode>7290000057132</ItemCode>
      <ItemType>1</ItemType>
      <ItemName>יוגורט ביו 1.5% תנובה (200 גרם)</ItemName>
      <ManufactureName>תנובה - חלב</ManufactureName>
      <ManufactureCountry />
      <ManufactureItemDescription />
      <UnitQty>יח`</UnitQty>
      <Quantity>200</Quantity>
      <UnitMeasure>גרם</UnitMeasure>
      <BisWeighted>0</BisWeighted>
      <QtyInPackage>1</QtyInPackage>
      <ItemPrice>3.20</ItemPrice>
      <UnitOfMeasurePrice>1.60</UnitOfMeasurePrice>
      <AllowDiscount>0</AllowDiscount>
      <itemStatus>1</itemStatus>
      <LastUpdateDate />
      <LastUpdateTime />
    </Product>
    <Product>
      <PriceUpdateDate>2018/08/08 15:47</PriceUpdateDate>
      <ItemCode>7290000057149</ItemCode>
      <ItemType>1</ItemType>
      <ItemName>יוגורט ביו 3% תנובה (200 גרם)</ItemName>
      <ManufactureName>תנובה - חלב</ManufactureName>
      <ManufactureCountry />
      <ManufactureItemDescription />
      <UnitQty>יח`</UnitQty>
      <Quantity>200</Quantity>
      <UnitMeasure>גרם</UnitMeasure>
      <BisWeighted>0</BisWeighted>
      <QtyInPackage>1</QtyInPackage>
      <ItemPrice>3.20</ItemPrice>
      <UnitOfMeasurePrice>1.60</UnitOfMeasurePrice>
      <AllowDiscount>0</AllowDiscount>
      <itemStatus>1</itemStatus>
      <LastUpdateDate />
      <LastUpdateTime />
    </Product>
    <Product>
      <PriceUpdateDate>2013/12/31 09:51</PriceUpdateDate>
      <ItemCode>7290000057552</ItemCode>
      <ItemType>1</ItemType>
      <ItemName>דיאט יופלה עוגת גבינה ותות</ItemName>
      <ManufactureName>תנובה - חלב</ManufactureName>
      <ManufactureCountry />
      <ManufactureItemDescription />
      <UnitQty>יח`</UnitQty>
      <Quantity>150</Quantity>
      <UnitMeasure>גרם</UnitMeasure>
      <BisWeighted>0</BisWeighted>
      <QtyInPackage>1</QtyInPackage>
      <ItemPrice>4.90</ItemPrice>
      <UnitOfMeasurePrice>3.27</UnitOfMeasurePrice>
      <AllowDiscount>1</AllowDiscount>
      <itemStatus>1</itemStatus>
      <LastUpdateDate />
      <LastUpdateTime />
    </Product>
    <Product>
      <PriceUpdateDate>2018/08/08 15:47</PriceUpdateDate>
      <ItemCode>7290000058030</ItemCode>
      <ItemType>1</ItemType>
      <ItemName>שטוזים משקה יוגורט תות יופלה (100x8 מל)</ItemName>
      <ManufactureName>תנובה - חלב</ManufactureName>
      <ManufactureCountry />
      <ManufactureItemDescription />
      <UnitQty>יח`</UnitQty>
      <Quantity>1</Quantity>
      <UnitMeasure />
      <BisWeighted>0</BisWeighted>
      <QtyInPackage>1</QtyInPackage>
      <ItemPrice>20.90</ItemPrice>
      <UnitOfMeasurePrice>20.90</UnitOfMeasurePrice>
      <AllowDiscount>0</AllowDiscount>
      <itemStatus>1</itemStatus>
      <LastUpdateDate />
      <LastUpdateTime />
    </Product>
    <Product>
      <PriceUpdateDate>2018/08/08 15:47</PriceUpdateDate>
      <ItemCode>7290000058283</ItemCode>
      <ItemType>1</ItemType>
      <ItemName>גבינת עיזים למריחה 5% פיראוס (250 גרם)</ItemName>
      <ManufactureName>תנובה - חלב</ManufactureName>
      <ManufactureCountry />
      <ManufactureItemDescription />
      <UnitQty>יח`</UnitQty>
      <Quantity>1</Quantity>
      <UnitMeasure />
      <BisWeighted>0</BisWeighted>
      <QtyInPackage>1</QtyInPackage>
      <ItemPrice>15.90</ItemPrice>
      <UnitOfMeasurePrice>15.90</UnitOfMeasurePrice>
      <AllowDiscount>0</AllowDiscount>
      <itemStatus>1</itemStatus>
      <LastUpdateDate />
      <LastUpdateTime />
    </Product>
    <Product>
      <PriceUpdateDate>2018/08/08 15:47</PriceUpdateDate>
      <ItemCode>7290000058979</ItemCode>
      <ItemType>1</ItemType>
      <ItemName>גיל בטעם תות</ItemName>
      <ManufactureName>תנובה - חלב</ManufactureName>
      <ManufactureCountry />
      <ManufactureItemDescription />
      <UnitQty>יח`</UnitQty>
      <Quantity>125</Quantity>
      <UnitMeasure>מ"ל</UnitMeasure>
      <BisWeighted>0</BisWeighted>
      <QtyInPackage>1</QtyInPackage>
      <ItemPrice>1.60</ItemPrice>
      <UnitOfMeasurePrice>1.28</UnitOfMeasurePrice>
      <AllowDiscount>0</AllowDiscount>
      <itemStatus>1</itemStatus>
      <LastUpdateDate />
      <LastUpdateTime />
    </Product>
    <Product>
      <PriceUpdateDate>2015/12/01 08:27</PriceUpdateDate>
      <ItemCode>7290000060088</ItemCode>
      <ItemType>1</ItemType>
      <ItemName>בייגלה מקלות עם מלח אסם (400 גרם)</ItemName>
      <ManufactureName>קבוצת אסם סחר שות. מוגבלת</ManufactureName>
      <ManufactureCountry />
      <ManufactureItemDescription />
      <UnitQty>יח`</UnitQty>
      <Quantity>400</Quantity>
      <UnitMeasure>גרם</UnitMeasure>
      <BisWeighted>0</BisWeighted>
      <QtyInPackage>1</QtyInPackage>
      <ItemPrice>10.90</ItemPrice>
      <UnitOfMeasurePrice>2.73</UnitOfMeasurePrice>
      <AllowDiscount>0</AllowDiscount>
      <itemStatus>1</itemStatus>
      <LastUpdateDate />
      <LastUpdateTime />
    </Product>
    <Product>
      <PriceUpdateDate>2015/09/20 09:09</PriceUpdateDate>
      <ItemCode>7290000060156</ItemCode>
      <ItemType>1</ItemType>
      <ItemName>אטריות ביצים דקות אסם (200 גרם)</ItemName>
      <ManufactureName>קבוצת אסם סחר שות. מוגבלת</ManufactureName>
      <ManufactureCountry />
      <ManufactureItemDescription />
      <UnitQty>יח`</UnitQty>
      <Quantity>200</Quantity>
      <UnitMeasure>גרם</UnitMeasure>
      <BisWeighted>0</BisWeighted>
      <QtyInPackage>1</QtyInPackage>
      <ItemPrice>7.90</ItemPrice>
      <UnitOfMeasurePrice>3.95</UnitOfMeasurePrice>
      <AllowDiscount>1</AllowDiscount>
      <itemStatus>1</itemStatus>
      <LastUpdateDate />
      <LastUpdateTime />
    </Product>
    <Product>
      <PriceUpdateDate>2013/11/13 16:15</PriceUpdateDate>
      <ItemCode>7290000060163</ItemCode>
      <ItemType>1</ItemType>
      <ItemName>אטריות דקות אסם (400 גרם)</ItemName>
      <ManufactureName>קבוצת אסם סחר שות. מוגבלת</ManufactureName>
      <ManufactureCountry />
      <ManufactureItemDescription />
      <UnitQty>יח`</UnitQty>
      <Quantity>400</Quantity>
      <UnitMeasure>גרם</UnitMeasure>
      <BisWeighted>0</BisWeighted>
      <QtyInPackage>1</QtyInPackage>
      <ItemPrice>7.90</ItemPrice>
      <UnitOfMeasurePrice>1.98</UnitOfMeasurePrice>
      <AllowDiscount>1</AllowDiscount>
      <itemStatus>1</itemStatus>
      <LastUpdateDate />
      <LastUpdateTime />
    </Product>
    <Product>
      <PriceUpdateDate>2015/07/22 08:27</PriceUpdateDate>
      <ItemCode>7290000060200</ItemCode>
      <ItemType>1</ItemType>
      <ItemName>פתיתים אפויים קוסקוס אסם (500 גרם)</ItemName>
      <ManufactureName>קבוצת אסם סחר שות. מוגבלת</ManufactureName>
      <ManufactureCountry />
      <ManufactureItemDescription />
      <UnitQty>יח`</UnitQty>
      <Quantity>500</Quantity>
      <UnitMeasure>גרם</UnitMeasure>
      <BisWeighted>0</BisWeighted>
      <QtyInPackage>1</QtyInPackage>
      <ItemPrice>6.90</ItemPrice>
      <UnitOfMeasurePrice>1.38</UnitOfMeasurePrice>
      <AllowDiscount>1</AllowDiscount>
      <itemStatus>1</itemStatus>
      <LastUpdateDate />
      <LastUpdateTime />
    </Product>
    <Product>
      <PriceUpdateDate>2019/03/24 10:34</PriceUpdateDate>
      <ItemCode>7290000060217</ItemCode>
      <ItemType>1</ItemType>
      <ItemName>פסטה מקרוני מספר 7 אסם (500 גרם)</ItemName>
      <ManufactureName>קבוצת אסם סחר שות. מוגבלת</ManufactureName>
      <ManufactureCountry />
      <ManufactureItemDescription />
      <UnitQty>יח`</UnitQty>
      <Quantity>500</Quantity>
      <UnitMeasure>גרם</UnitMeasure>
      <BisWeighted>0</BisWeighted>
      <QtyInPackage>1</QtyInPackage>
      <ItemPrice>5.90</ItemPrice>
      <UnitOfMeasurePrice>1.18</UnitOfMeasurePrice>
      <AllowDiscount>1</AllowDiscount>
      <itemStatus>1</itemStatus>
      <LastUpdateDate />
      <LastUpdateTime />
    </Product>
    <Product>
      <PriceUpdateDate>2019/03/24 10:34</PriceUpdateDate>
      <ItemCode>7290000060248</ItemCode>
      <ItemType>1</ItemType>
      <ItemName>פסטה תלתלים אסם (500 גרם)</ItemName>
      <ManufactureName>קבוצת אסם סחר שות. מוגבלת</ManufactureName>
      <ManufactureCountry />
      <ManufactureItemDescription />
      <UnitQty>יח`</UnitQty>
      <Quantity>500</Quantity>
      <UnitMeasure>גרם</UnitMeasure>
      <BisWeighted>0</BisWeighted>
      <QtyInPackage>1</QtyInPackage>
      <ItemPrice>5.90</ItemPrice>
      <UnitOfMeasurePrice>1.18</UnitOfMeasurePrice>
      <AllowDiscount>1</AllowDiscount>
      <itemStatus>1</itemStatus>
      <LastUpdateDate />
      <LastUpdateTime />
    </Product>
    <Product>
      <PriceUpdateDate>2019/02/06 08:58</PriceUpdateDate>
      <ItemCode>7290000060316</ItemCode>
      <ItemType>1</ItemType>
      <ItemName>ספגטי אסם פרפקטו (500 גרם)</ItemName>
      <ManufactureName>קבוצת אסם סחר שות. מוגבלת</ManufactureName>
      <ManufactureCountry />
      <ManufactureItemDescription />
      <UnitQty>יח`</UnitQty>
      <Quantity>500</Quantity>
      <UnitMeasure>גרם</UnitMeasure>
      <BisWeighted>0</BisWeighted>
      <QtyInPackage>1</QtyInPackage>
      <ItemPrice>6.90</ItemPrice>
      <UnitOfMeasurePrice>1.38</UnitOfMeasurePrice>
      <AllowDiscount>1</AllowDiscount>
      <itemStatus>1</itemStatus>
      <LastUpdateDate />
      <LastUpdateTime />
    </Product>
    <Product>
      <PriceUpdateDate>2014/11/09 13:55</PriceUpdateDate>
      <ItemCode>7290000060385</ItemCode>
      <ItemType>1</ItemType>
      <ItemName>אינסטנט פודינג בטעם וניל אסם (80x4 גרם)</ItemName>
      <ManufactureName>קבוצת אסם סחר שות. מוגבלת</ManufactureName>
      <ManufactureCountry />
      <ManufactureItemDescription />
      <UnitQty>יח`</UnitQty>
      <Quantity>320</Quantity>
      <UnitMeasure>גרם</UnitMeasure>
      <BisWeighted>0</BisWeighted>
      <QtyInPackage>1</QtyInPackage>
      <ItemPrice>19.90</ItemPrice>
      <UnitOfMeasurePrice>6.22</UnitOfMeasurePrice>
      <AllowDiscount>0</AllowDiscount>
      <itemStatus>1</itemStatus>
      <LastUpdateDate />
      <LastUpdateTime />
    </Product>
    <Product>
      <PriceUpdateDate>2015/05/27 12:57</PriceUpdateDate>
      <ItemCode>7290000060415</ItemCode>
      <ItemType>1</ItemType>
      <ItemName>לזניה אסם פרפקטו (500 גרם)</ItemName>
      <ManufactureName>קבוצת אסם סחר שות. מוגבלת</ManufactureName>
      <ManufactureCountry />
      <ManufactureItemDescription />
      <UnitQty>יח`</UnitQty>
      <Quantity>500</Quantity>
      <UnitMeasure>גרם</UnitMeasure>
      <BisWeighted>0</BisWeighted>
      <QtyInPackage>1</QtyInPackage>
      <ItemPrice>15.90</ItemPrice>
      <UnitOfMeasurePrice>3.18</UnitOfMeasurePrice>
      <AllowDiscount>1</AllowDiscount>
      <itemStatus>1</itemStatus>
      <LastUpdateDate />
      <LastUpdateTime />
    </Product>
    <Product>
      <PriceUpdateDate>2015/07/22 08:27</PriceUpdateDate>
      <ItemCode>7290000060576</ItemCode>
      <ItemType>1</ItemType>
      <ItemName>פתיתים אפויים כוכבים אסם (500 גרם)</ItemName>
      <ManufactureName>קבוצת אסם סחר שות. מוגבלת</ManufactureName>
      <ManufactureCountry />
      <ManufactureItemDescription />
      <UnitQty>יח`</UnitQty>
      <Quantity>500</Quantity>
      <UnitMeasure>גרם</UnitMeasure>
      <BisWeighted>0</BisWeighted>
      <QtyInPackage>1</QtyInPackage>
      <ItemPrice>6.90</ItemPrice>
      <UnitOfMeasurePrice>1.38</UnitOfMeasurePrice>
      <AllowDiscount>1</AllowDiscount>
      <itemStatus>1</itemStatus>
      <LastUpdateDate />
      <LastUpdateTime />
    </Product>
    <Product>
      <PriceUpdateDate>2019/03/24 10:34</PriceUpdateDate>
      <ItemCode>7290000060781</ItemCode>
      <ItemType>1</ItemType>
      <ItemName>פסטה מסולסלים אסם (500 גרם)</ItemName>
      <ManufactureName>קבוצת אסם סחר שות. מוגבלת</ManufactureName>
      <ManufactureCountry />
      <ManufactureItemDescription />
      <UnitQty>יח`</UnitQty>
      <Quantity>500</Quantity>
      <UnitMeasure>גרם</UnitMeasure>
      <BisWeighted>0</BisWeighted>
      <QtyInPackage>1</QtyInPackage>
      <ItemPrice>5.90</ItemPrice>
      <UnitOfMeasurePrice>1.18</UnitOfMeasurePrice>
      <AllowDiscount>1</AllowDiscount>
      <itemStatus>1</itemStatus>
      <LastUpdateDate />
      <LastUpdateTime />
    </Product>
    <Product>
      <PriceUpdateDate>2019/03/24 10:34</PriceUpdateDate>
      <ItemCode>7290000060859</ItemCode>
      <ItemType>1</ItemType>
      <ItemName>פסטה צדפים קטנים אסם (500 גרם)</ItemName>
      <ManufactureName>קבוצת אסם סחר שות. מוגבלת</ManufactureName>
      <ManufactureCountry />
      <ManufactureItemDescription />
      <UnitQty>יח`</UnitQty>
      <Quantity>500</Quantity>
      <UnitMeasure>גרם</UnitMeasure>
      <BisWeighted>0</BisWeighted>
      <QtyInPackage>1</QtyInPackage>
      <ItemPrice>5.90</ItemPrice>
      <UnitOfMeasurePrice>1.18</UnitOfMeasurePrice>
      <AllowDiscount>1</AllowDiscount>
      <itemStatus>1</itemStatus>
      <LastUpdateDate />
      <LastUpdateTime />
    </Product>
    <Product>
      <PriceUpdateDate>2019/03/24 10:34</PriceUpdateDate>
      <ItemCode>7290000060880</ItemCode>
      <ItemType>1</ItemType>
      <ItemName>ספגטי אסם (500 גרם)</ItemName>
      <ManufactureName>קבוצת אסם סחר שות. מוגבלת</ManufactureName>
      <ManufactureCountry />
      <ManufactureItemDescription />
      <UnitQty>יח`</UnitQty>
      <Quantity>500</Quantity>
      <UnitMeasure>גרם</UnitMeasure>
      <BisWeighted>0</BisWeighted>
      <QtyInPackage>1</QtyInPackage>
      <ItemPrice>5.90</ItemPrice>
      <UnitOfMeasurePrice>1.18</UnitOfMeasurePrice>
      <AllowDiscount>1</AllowDiscount>
      <itemStatus>1</itemStatus>
      <LastUpdateDate />
      <LastUpdateTime />
    </Product>
    <Product>
      <PriceUpdateDate>2015/07/22 08:27</PriceUpdateDate>
      <ItemCode>7290000060903</ItemCode>
      <ItemType>1</ItemType>
      <ItemName>פתיתים אפויים אורז אסם (500 גרם)</ItemName>
      <ManufactureName>קבוצת אסם סחר שות. מוגבלת</ManufactureName>
      <ManufactureCountry />
      <ManufactureItemDescription />
      <UnitQty>יח`</UnitQty>
      <Quantity>500</Quantity>
      <UnitMeasure>גרם</UnitMeasure>
      <BisWeighted>0</BisWeighted>
      <QtyInPackage>1</QtyInPackage>
      <ItemPrice>6.90</ItemPrice>
      <UnitOfMeasurePrice>1.38</UnitOfMeasurePrice>
      <AllowDiscount>1</AllowDiscount>
      <itemStatus>1</itemStatus>
      <LastUpdateDate />
      <LastUpdateTime />
    </Product>
    <Product>
      <PriceUpdateDate>2013/11/13 16:15</PriceUpdateDate>
      <ItemCode>7290000060958</ItemCode>
      <ItemType>1</ItemType>
      <ItemName>אטריות מובחרות בינוניות אסם (400 גרם)</ItemName>
      <ManufactureName>קבוצת אסם סחר שות. מוגבלת</ManufactureName>
      <ManufactureCountry />
      <ManufactureItemDescription />
      <UnitQty>יח`</UnitQty>
      <Quantity>400</Quantity>
      <UnitMeasure>גרם</UnitMeasure>
      <BisWeighted>0</BisWeighted>
      <QtyInPackage>1</QtyInPackage>
      <ItemPrice>7.90</ItemPrice>
      <UnitOfMeasurePrice>1.98</UnitOfMeasurePrice>
      <AllowDiscount>1</AllowDiscount>
      <itemStatus>1</itemStatus>
      <LastUpdateDate />
      <LastUpdateTime />
    </Product>
    <Product>
      <PriceUpdateDate>2013/11/13 16:15</PriceUpdateDate>
      <ItemCode>7290000060965</ItemCode>
      <ItemType>1</ItemType>
      <ItemName>אטריות רחבות אסם (400 גרם)</ItemName>
      <ManufactureName>קבוצת אסם סחר שות. מוגבלת</ManufactureName>
      <ManufactureCountry />
      <ManufactureItemDescription />
      <UnitQty>יח`</UnitQty>
      <Quantity>400</Quantity>
      <UnitMeasure>גרם</UnitMeasure>
      <BisWeighted>0</BisWeighted>
      <QtyInPackage>1</QtyInPackage>
      <ItemPrice>7.90</ItemPrice>
      <UnitOfMeasurePrice>1.98</UnitOfMeasurePrice>
      <AllowDiscount>1</AllowDiscount>
      <itemStatus>1</itemStatus>
      <LastUpdateDate />
      <LastUpdateTime />
    </Product>
    <Product>
      <PriceUpdateDate>2013/11/13 16:15</PriceUpdateDate>
      <ItemCode>7290000060972</ItemCode>
      <ItemType>1</ItemType>
      <ItemName>אטריות דקיקות אסם (400 גרם)</ItemName>
      <ManufactureName>קבוצת אסם סחר שות. מוגבלת</ManufactureName>
      <ManufactureCountry />
      <ManufactureItemDescription />
      <UnitQty>יח`</UnitQty>
      <Quantity>400</Quantity>
      <UnitMeasure>גרם</UnitMeasure>
      <BisWeighted>0</BisWeighted>
      <QtyInPackage>1</QtyInPackage>
      <ItemPrice>7.90</ItemPrice>
      <UnitOfMeasurePrice>1.98</UnitOfMeasurePrice>
      <AllowDiscount>1</AllowDiscount>
      <itemStatus>1</itemStatus>
      <LastUpdateDate />
      <LastUpdateTime />
    </Product>
    <Product>
      <PriceUpdateDate>2014/11/09 13:55</PriceUpdateDate>
      <ItemCode>7290000061061</ItemCode>
      <ItemType>1</ItemType>
      <ItemName>קרקר בצל אסם (250 גרם)</ItemName>
      <ManufactureName>קבוצת אסם סחר שות. מוגבלת</ManufactureName>
      <ManufactureCountry />
      <ManufactureItemDescription />
      <UnitQty>יח`</UnitQty>
      <Quantity>250</Quantity>
      <UnitMeasure>גרם</UnitMeasure>
      <BisWeighted>0</BisWeighted>
      <QtyInPackage>1</QtyInPackage>
      <ItemPrice>10.90</ItemPrice>
      <UnitOfMeasurePrice>4.36</UnitOfMeasurePrice>
      <AllowDiscount>1</AllowDiscount>
      <itemStatus>1</itemStatus>
      <LastUpdateDate />
      <LastUpdateTime />
    </Product>
    <Product>
      <PriceUpdateDate>2014/12/28 11:22</PriceUpdateDate>
      <ItemCode>7290000061108</ItemCode>
      <ItemType>1</ItemType>
      <ItemName>רוטב טריאקי אסם (290 מל)</ItemName>
      <ManufactureName>קבוצת אסם סחר שות. מוגבלת</ManufactureName>
      <ManufactureCountry />
      <ManufactureItemDescription />
      <UnitQty>יח`</UnitQty>
      <Quantity>290</Quantity>
      <UnitMeasure>מ"ל</UnitMeasure>
      <BisWeighted>0</BisWeighted>
      <QtyInPackage>1</QtyInPackage>
      <ItemPrice>11.90</ItemPrice>
      <UnitOfMeasurePrice>4.10</UnitOfMeasurePrice>
      <AllowDiscount>0</AllowDiscount>
      <itemStatus>1</itemStatus>
      <LastUpdateDate />
      <LastUpdateTime />
    </Product>
    <Product>
      <PriceUpdateDate>2019/01/30 08:51</PriceUpdateDate>
      <ItemCode>7290000061245</ItemCode>
      <ItemType>1</ItemType>
      <ItemName>עוגיות שוקוצ`יפס</ItemName>
      <ManufactureName>קבוצת אסם סחר שות. מוגבלת</ManufactureName>
      <ManufactureCountry />
      <ManufactureItemDescription />
      <UnitQty>יח`</UnitQty>
      <Quantity>220</Quantity>
      <UnitMeasure>גרם</UnitMeasure>
      <BisWeighted>0</BisWeighted>
      <QtyInPackage>1</QtyInPackage>
      <ItemPrice>10.60</ItemPrice>
      <UnitOfMeasurePrice>4.82</UnitOfMeasurePrice>
      <AllowDiscount>0</AllowDiscount>
      <itemStatus>1</itemStatus>
      <LastUpdateDate />
      <LastUpdateTime />
    </Product>
    <Product>
      <PriceUpdateDate>2018/04/24 08:23</PriceUpdateDate>
      <ItemCode>7290000061764</ItemCode>
      <ItemType>1</ItemType>
      <ItemName>קפה רד מאג נסקפה (200 גרם)</ItemName>
      <ManufactureName>קבוצת אסם סחר שות. מוגבלת</ManufactureName>
      <ManufactureCountry />
      <ManufactureItemDescription />
      <UnitQty>יח`</UnitQty>
      <Quantity>200</Quantity>
      <UnitMeasure>גרם</UnitMeasure>
      <BisWeighted>0</BisWeighted>
      <QtyInPackage>1</QtyInPackage>
      <ItemPrice>18.90</ItemPrice>
      <UnitOfMeasurePrice>9.45</UnitOfMeasurePrice>
      <AllowDiscount>0</AllowDiscount>
      <itemStatus>1</itemStatus>
      <LastUpdateDate />
      <LastUpdateTime />
    </Product>
    <Product>
      <PriceUpdateDate>2014/11/09 13:55</PriceUpdateDate>
      <ItemCode>7290000062709</ItemCode>
      <ItemType>1</ItemType>
      <ItemName>קרקר לחמית שיפון אסם 920 גר`</ItemName>
      <ManufactureName>קבוצת אסם סחר שות. מוגבלת</ManufactureName>
      <ManufactureCountry />
      <ManufactureItemDescription />
      <UnitQty>יח`</UnitQty>
      <Quantity>900</Quantity>
      <UnitMeasure>גרם</UnitMeasure>
      <BisWeighted>0</BisWeighted>
      <QtyInPackage>1</QtyInPackage>
      <ItemPrice>24.90</ItemPrice>
      <UnitOfMeasurePrice>2.77</UnitOfMeasurePrice>
      <AllowDiscount>0</AllowDiscount>
      <itemStatus>1</itemStatus>
      <LastUpdateDate />
      <LastUpdateTime />
    </Product>
    <Product>
      <PriceUpdateDate>2014/11/09 13:55</PriceUpdateDate>
      <ItemCode>7290000062952</ItemCode>
      <ItemType>1</ItemType>
      <ItemName>מיני קרוטונים למרק</ItemName>
      <ManufactureName>קבוצת אסם סחר שות. מוגבלת</ManufactureName>
      <ManufactureCountry />
      <ManufactureItemDescription />
      <UnitQty>יח`</UnitQty>
      <Quantity>250</Quantity>
      <UnitMeasure>גרם</UnitMeasure>
      <BisWeighted>0</BisWeighted>
      <QtyInPackage>1</QtyInPackage>
      <ItemPrice>15.90</ItemPrice>
      <UnitOfMeasurePrice>6.36</UnitOfMeasurePrice>
      <AllowDiscount>0</AllowDiscount>
      <itemStatus>1</itemStatus>
      <LastUpdateDate />
      <LastUpdateTime />
    </Product>
    <Product>
      <PriceUpdateDate>2013/12/31 09:51</PriceUpdateDate>
      <ItemCode>7290000063102</ItemCode>
      <ItemType>1</ItemType>
      <ItemName>קמח תופח אסם (350 גרם)</ItemName>
      <ManufactureName>קבוצת אסם סחר שות. מוגבלת</ManufactureName>
      <ManufactureCountry />
      <ManufactureItemDescription />
      <UnitQty>יח`</UnitQty>
      <Quantity>350</Quantity>
      <UnitMeasure>גרם</UnitMeasure>
      <BisWeighted>0</BisWeighted>
      <QtyInPackage>1</QtyInPackage>
      <ItemPrice>5</ItemPrice>
      <UnitOfMeasurePrice>1.43</UnitOfMeasurePrice>
      <AllowDiscount>0</AllowDiscount>
      <itemStatus>1</itemStatus>
      <LastUpdateDate />
      <LastUpdateTime />
    </Product>
    <Product>
      <PriceUpdateDate>2019/01/30 08:51</PriceUpdateDate>
      <ItemCode>7290000063140</ItemCode>
      <ItemType>1</ItemType>
      <ItemName>שקדי מרק אסם (400 גרם)</ItemName>
      <ManufactureName>קבוצת אסם סחר שות. מוגבלת</ManufactureName>
      <ManufactureCountry />
      <ManufactureItemDescription />
      <UnitQty>יח`</UnitQty>
      <Quantity>400</Quantity>
      <UnitMeasure>גרם</UnitMeasure>
      <BisWeighted>0</BisWeighted>
      <QtyInPackage>1</QtyInPackage>
      <ItemPrice>10.90</ItemPrice>
      <UnitOfMeasurePrice>2.73</UnitOfMeasurePrice>
      <AllowDiscount>0</AllowDiscount>
      <itemStatus>1</itemStatus>
      <LastUpdateDate />
      <LastUpdateTime />
    </Product>
    <Product>
      <PriceUpdateDate>2015/05/27 12:57</PriceUpdateDate>
      <ItemCode>7290000063157</ItemCode>
      <ItemType>1</ItemType>
      <ItemName>קמח תופח אסם (1 קג)</ItemName>
      <ManufactureName>קבוצת אסם סחר שות. מוגבלת</ManufactureName>
      <ManufactureCountry />
      <ManufactureItemDescription />
      <UnitQty>יח`</UnitQty>
      <Quantity>1000</Quantity>
      <UnitMeasure>גרם</UnitMeasure>
      <BisWeighted>0</BisWeighted>
      <QtyInPackage>1</QtyInPackage>
      <ItemPrice>9.50</ItemPrice>
      <UnitOfMeasurePrice>0.95</UnitOfMeasurePrice>
      <AllowDiscount>0</AllowDiscount>
      <itemStatus>1</itemStatus>
      <LastUpdateDate />
      <LastUpdateTime />
    </Product>
    <Product>
      <PriceUpdateDate>2013/11/14 11:51</PriceUpdateDate>
      <ItemCode>7290000063294</ItemCode>
      <ItemType>1</ItemType>
      <ItemName>סירופ ענבים ויטמינצ`יק (2 ליטר)</ItemName>
      <ManufactureName>קבוצת אסם סחר שות. מוגבלת</ManufactureName>
      <ManufactureCountry />
      <ManufactureItemDescription />
      <UnitQty>יח`</UnitQty>
      <Quantity>2000</Quantity>
      <UnitMeasure>מ"ל</UnitMeasure>
      <BisWeighted>0</BisWeighted>
      <QtyInPackage>1</QtyInPackage>
      <ItemPrice>22.90</ItemPrice>
      <UnitOfMeasurePrice>1.15</UnitOfMeasurePrice>
      <AllowDiscount>0</AllowDiscount>
      <itemStatus>1</itemStatus>
      <LastUpdateDate />
      <LastUpdateTime />
    </Product>
    <Product>
      <PriceUpdateDate>2018/02/07 10:44</PriceUpdateDate>
      <ItemCode>7290000064758</ItemCode>
      <ItemType>1</ItemType>
      <ItemName>קוסקוס בינוני אסם (350 גרם)</ItemName>
      <ManufactureName>קבוצת אסם סחר שות. מוגבלת</ManufactureName>
      <ManufactureCountry />
      <ManufactureItemDescription />
      <UnitQty>יח`</UnitQty>
      <Quantity>350</Quantity>
      <UnitMeasure>גרם</UnitMeasure>
      <BisWeighted>0</BisWeighted>
      <QtyInPackage>1</QtyInPackage>
      <ItemPrice>8.90</ItemPrice>
      <UnitOfMeasurePrice>2.54</UnitOfMeasurePrice>
      <AllowDiscount>0</AllowDiscount>
      <itemStatus>1</itemStatus>
      <LastUpdateDate />
      <LastUpdateTime />
    </Product>
    <Product>
      <PriceUpdateDate>2014/04/13 13:35</PriceUpdateDate>
      <ItemCode>7290000064871</ItemCode>
      <ItemType>1</ItemType>
      <ItemName>מנה חמה פירה עם בצל אסם (56 גרם)</ItemName>
      <ManufactureName>קבוצת אסם סחר שות. מוגבלת</ManufactureName>
      <ManufactureCountry />
      <ManufactureItemDescription />
      <UnitQty>יח`</UnitQty>
      <Quantity>47</Quantity>
      <UnitMeasure>גרם</UnitMeasure>
      <BisWeighted>0</BisWeighted>
      <QtyInPackage>1</QtyInPackage>
      <ItemPrice>6.90</ItemPrice>
      <UnitOfMeasurePrice>14.68</UnitOfMeasurePrice>
      <AllowDiscount>1</AllowDiscount>
      <itemStatus>1</itemStatus>
      <LastUpdateDate />
      <LastUpdateTime />
    </Product>
    <Product>
      <PriceUpdateDate>2019/01/30 08:51</PriceUpdateDate>
      <ItemCode>7290000065090</ItemCode>
      <ItemType>1</ItemType>
      <ItemName>מיני קרוטונים למרק וסלט</ItemName>
      <ManufactureName>קבוצת אסם סחר שות. מוגבלת</ManufactureName>
      <ManufactureCountry />
      <ManufactureItemDescription />
      <UnitQty>יח`</UnitQty>
      <Quantity>400</Quantity>
      <UnitMeasure>גרם</UnitMeasure>
      <BisWeighted>0</BisWeighted>
      <QtyInPackage>1</QtyInPackage>
      <ItemPrice>22.80</ItemPrice>
      <UnitOfMeasurePrice>5.70</UnitOfMeasurePrice>
      <AllowDiscount>0</AllowDiscount>
      <itemStatus>1</itemStatus>
      <LastUpdateDate />
      <LastUpdateTime />
    </Product>
    <Product>
      <PriceUpdateDate>2014/04/13 13:35</PriceUpdateDate>
      <ItemCode>7290000065540</ItemCode>
      <ItemType>1</ItemType>
      <ItemName>מנה חמה פסטה מוקרמת</ItemName>
      <ManufactureName>קבוצת אסם סחר שות. מוגבלת</ManufactureName>
      <ManufactureCountry />
      <ManufactureItemDescription />
      <UnitQty>יח`</UnitQty>
      <Quantity>55</Quantity>
      <UnitMeasure>גרם</UnitMeasure>
      <BisWeighted>0</BisWeighted>
      <QtyInPackage>1</QtyInPackage>
      <ItemPrice>6.90</ItemPrice>
      <UnitOfMeasurePrice>12.55</UnitOfMeasurePrice>
      <AllowDiscount>1</AllowDiscount>
      <itemStatus>1</itemStatus>
      <LastUpdateDate />
      <LastUpdateTime />
    </Product>
    <Product>
      <PriceUpdateDate>2015/05/13 08:34</PriceUpdateDate>
      <ItemCode>7290000065717</ItemCode>
      <ItemType>1</ItemType>
      <ItemName>סירופ פטל ויטמינצ`יק (1 ליטר)</ItemName>
      <ManufactureName>קבוצת אסם סחר שות. מוגבלת</ManufactureName>
      <ManufactureCountry />
      <ManufactureItemDescription />
      <UnitQty>יח`</UnitQty>
      <Quantity>1000</Quantity>
      <UnitMeasure>מ"ל</UnitMeasure>
      <BisWeighted>0</BisWeighted>
      <QtyInPackage>1</QtyInPackage>
      <ItemPrice>11.90</ItemPrice>
      <UnitOfMeasurePrice>1.19</UnitOfMeasurePrice>
      <AllowDiscount>0</AllowDiscount>
      <itemStatus>1</itemStatus>
      <LastUpdateDate />
      <LastUpdateTime />
    </Product>
    <Product>
      <PriceUpdateDate>2015/04/12 18:16</PriceUpdateDate>
      <ItemCode>7290000065977</ItemCode>
      <ItemType>1</ItemType>
      <ItemName>פריכונים תירס שומשום אסם (80 גרם)</ItemName>
      <ManufactureName>קבוצת אסם סחר שות. מוגבלת</ManufactureName>
      <ManufactureCountry />
      <ManufactureItemDescription />
      <UnitQty>יח`</UnitQty>
      <Quantity>250</Quantity>
      <UnitMeasure>גרם</UnitMeasure>
      <BisWeighted>0</BisWeighted>
      <QtyInPackage>1</QtyInPackage>
      <ItemPrice>7.90</ItemPrice>
      <UnitOfMeasurePrice>3.16</UnitOfMeasurePrice>
      <AllowDiscount>0</AllowDiscount>
      <itemStatus>1</itemStatus>
      <LastUpdateDate />
      <LastUpdateTime />
    </Product>
    <Product>
      <PriceUpdateDate>2015/05/25 09:07</PriceUpdateDate>
      <ItemCode>7290000066134</ItemCode>
      <ItemType>1</ItemType>
      <ItemName>ביסלי חטיף בטעם פלאפל אסם (70 גרם)</ItemName>
      <ManufactureName>קבוצת אסם סחר שות. מוגבלת</ManufactureName>
      <ManufactureCountry />
      <ManufactureItemDescription />
      <UnitQty>יח`</UnitQty>
      <Quantity>70</Quantity>
      <UnitMeasure>גרם</UnitMeasure>
      <BisWeighted>0</BisWeighted>
      <QtyInPackage>1</QtyInPackage>
      <ItemPrice>3.90</ItemPrice>
      <UnitOfMeasurePrice>5.57</UnitOfMeasurePrice>
      <AllowDiscount>1</AllowDiscount>
      <itemStatus>1</itemStatus>
      <LastUpdateDate />
      <LastUpdateTime />
    </Product>
    <Product>
      <PriceUpdateDate>2015/05/25 09:07</PriceUpdateDate>
      <ItemCode>7290000066141</ItemCode>
      <ItemType>1</ItemType>
      <ItemName>ביסלי חטיף בטעם גריל אסם (70 גרם)</ItemName>
      <ManufactureName>קבוצת אסם סחר שות. מוגבלת</ManufactureName>
      <ManufactureCountry />
      <ManufactureItemDescription />
      <UnitQty>יח`</UnitQty>
      <Quantity>70</Quantity>
      <UnitMeasure>גרם</UnitMeasure>
      <BisWeighted>0</BisWeighted>
      <QtyInPackage>1</QtyInPackage>
      <ItemPrice>3.90</ItemPrice>
      <UnitOfMeasurePrice>5.57</UnitOfMeasurePrice>
      <AllowDiscount>1</AllowDiscount>
      <itemStatus>1</itemStatus>
      <LastUpdateDate />
      <LastUpdateTime />
    </Product>
    <Product>
      <PriceUpdateDate>2015/05/25 09:07</PriceUpdateDate>
      <ItemCode>7290000066158</ItemCode>
      <ItemType>1</ItemType>
      <ItemName>ביסלי חטיף בטעם בצל אסם (67 גרם)</ItemName>
      <ManufactureName>קבוצת אסם סחר שות. מוגבלת</ManufactureName>
      <ManufactureCountry />
      <ManufactureItemDescription />
      <UnitQty>יח`</UnitQty>
      <Quantity>67</Quantity>
      <UnitMeasure>גרם</UnitMeasure>
      <BisWeighted>0</BisWeighted>
      <QtyInPackage>1</QtyInPackage>
      <ItemPrice>3.90</ItemPrice>
      <UnitOfMeasurePrice>5.82</UnitOfMeasurePrice>
      <AllowDiscount>1</AllowDiscount>
      <itemStatus>1</itemStatus>
      <LastUpdateDate />
      <LastUpdateTime />
    </Product>
    <Product>
      <PriceUpdateDate>2015/05/25 09:07</PriceUpdateDate>
      <ItemCode>7290000066165</ItemCode>
      <ItemType>1</ItemType>
      <ItemName>ביסלי חטיף בטעם ברביקיו אסם (67 גרם)</ItemName>
      <ManufactureName>קבוצת אסם סחר שות. מוגבלת</ManufactureName>
      <ManufactureCountry />
      <ManufactureItemDescription />
      <UnitQty>יח`</UnitQty>
      <Quantity>67</Quantity>
      <UnitMeasure>גרם</UnitMeasure>
      <BisWeighted>0</BisWeighted>
      <QtyInPackage>1</QtyInPackage>
      <ItemPrice>3.90</ItemPrice>
      <UnitOfMeasurePrice>5.82</UnitOfMeasurePrice>
      <AllowDiscount>1</AllowDiscount>
      <itemStatus>1</itemStatus>
      <LastUpdateDate />
      <LastUpdateTime />
    </Product>
    <Product>
      <PriceUpdateDate>2015/05/25 09:07</PriceUpdateDate>
      <ItemCode>7290000066172</ItemCode>
      <ItemType>1</ItemType>
      <ItemName>ביסלי חטיף בטעם פיצה אסם (70 גרם)</ItemName>
      <ManufactureName>קבוצת אסם סחר שות. מוגבלת</ManufactureName>
      <ManufactureCountry />
      <ManufactureItemDescription />
      <UnitQty>יח`</UnitQty>
      <Quantity>70</Quantity>
      <UnitMeasure>גרם</UnitMeasure>
      <BisWeighted>0</BisWeighted>
      <QtyInPackage>1</QtyInPackage>
      <ItemPrice>3.90</ItemPrice>
      <UnitOfMeasurePrice>5.57</UnitOfMeasurePrice>
      <AllowDiscount>1</AllowDiscount>
      <itemStatus>1</itemStatus>
      <LastUpdateDate />
      <LastUpdateTime />
    </Product>
    <Product>
      <PriceUpdateDate>2014/04/13 13:35</PriceUpdateDate>
      <ItemCode>7290000066189</ItemCode>
      <ItemType>1</ItemType>
      <ItemName>ביסלי חטיף בטעם פלאפל אסם (200 גרם)</ItemName>
      <ManufactureName>קבוצת אסם סחר שות. מוגבלת</ManufactureName>
      <ManufactureCountry />
      <ManufactureItemDescription />
      <UnitQty>יח`</UnitQty>
      <Quantity>200</Quantity>
      <UnitMeasure>גרם</UnitMeasure>
      <BisWeighted>0</BisWeighted>
      <QtyInPackage>1</QtyInPackage>
      <ItemPrice>7.90</ItemPrice>
      <UnitOfMeasurePrice>3.95</UnitOfMeasurePrice>
      <AllowDiscount>0</AllowDiscount>
      <itemStatus>1</itemStatus>
      <LastUpdateDate />
      <LastUpdateTime />
    </Product>
    <Product>
      <PriceUpdateDate>2014/04/13 13:35</PriceUpdateDate>
      <ItemCode>7290000066196</ItemCode>
      <ItemType>1</ItemType>
      <ItemName>ביסלי חטיף בטעם גריל אסם (200 גרם)</ItemName>
      <ManufactureName>קבוצת אסם סחר שות. מוגבלת</ManufactureName>
      <ManufactureCountry />
      <ManufactureItemDescription />
      <UnitQty>יח`</UnitQty>
      <Quantity>200</Quantity>
      <UnitMeasure>גרם</UnitMeasure>
      <BisWeighted>0</BisWeighted>
      <QtyInPackage>1</QtyInPackage>
      <ItemPrice>7.90</ItemPrice>
      <UnitOfMeasurePrice>3.95</UnitOfMeasurePrice>
      <AllowDiscount>0</AllowDiscount>
      <itemStatus>1</itemStatus>
      <LastUpdateDate />
      <LastUpdateTime />
    </Product>
    <Product>
      <PriceUpdateDate>2014/04/13 13:35</PriceUpdateDate>
      <ItemCode>7290000066202</ItemCode>
      <ItemType>1</ItemType>
      <ItemName>ביסלי חטיף בטעם בצל אסם (190 גרם)</ItemName>
      <ManufactureName>קבוצת אסם סחר שות. מוגבלת</ManufactureName>
      <ManufactureCountry />
      <ManufactureItemDescription />
      <UnitQty>יח`</UnitQty>
      <Quantity>190</Quantity>
      <UnitMeasure>גרם</UnitMeasure>
      <BisWeighted>0</BisWeighted>
      <QtyInPackage>1</QtyInPackage>
      <ItemPrice>7.90</ItemPrice>
      <UnitOfMeasurePrice>4.16</UnitOfMeasurePrice>
      <AllowDiscount>0</AllowDiscount>
      <itemStatus>1</itemStatus>
      <LastUpdateDate />
      <LastUpdateTime />
    </Product>
    <Product>
      <PriceUpdateDate>2014/04/13 13:35</PriceUpdateDate>
      <ItemCode>7290000066219</ItemCode>
      <ItemType>1</ItemType>
      <ItemName>ביסלי חטיף בטעם ברביקיו אסם (190 גרם)</ItemName>
      <ManufactureName>קבוצת אסם סחר שות. מוגבלת</ManufactureName>
      <ManufactureCountry />
      <ManufactureItemDescription />
      <UnitQty>יח`</UnitQty>
      <Quantity>200</Quantity>
      <UnitMeasure>גרם</UnitMeasure>
      <BisWeighted>0</BisWeighted>
      <QtyInPackage>1</QtyInPackage>
      <ItemPrice>7.90</ItemPrice>
      <UnitOfMeasurePrice>3.95</UnitOfMeasurePrice>
      <AllowDiscount>0</AllowDiscount>
      <itemStatus>1</itemStatus>
      <LastUpdateDate />
      <LastUpdateTime />
    </Product>
    <Product>
      <PriceUpdateDate>2014/04/13 13:35</PriceUpdateDate>
      <ItemCode>7290000066226</ItemCode>
      <ItemType>1</ItemType>
      <ItemName>ביסלי חטיף בטעם פיצה אסם (200 גרם)</ItemName>
      <ManufactureName>קבוצת אסם סחר שות. מוגבלת</ManufactureName>
      <ManufactureCountry />
      <ManufactureItemDescription />
      <UnitQty>יח`</UnitQty>
      <Quantity>200</Quantity>
      <UnitMeasure>גרם</UnitMeasure>
      <BisWeighted>0</BisWeighted>
      <QtyInPackage>1</QtyInPackage>
      <ItemPrice>7.90</ItemPrice>
      <UnitOfMeasurePrice>3.95</UnitOfMeasurePrice>
      <AllowDiscount>0</AllowDiscount>
      <itemStatus>1</itemStatus>
      <LastUpdateDate />
      <LastUpdateTime />
    </Product>
    <Product>
      <PriceUpdateDate>2013/12/31 09:51</PriceUpdateDate>
      <ItemCode>7290000066264</ItemCode>
      <ItemType>1</ItemType>
      <ItemName>דובונים חטיף תפוחי אדמה אסם (40 גרם)</ItemName>
      <ManufactureName>קבוצת אסם סחר שות. מוגבלת</ManufactureName>
      <ManufactureCountry />
      <ManufactureItemDescription />
      <UnitQty>יח`</UnitQty>
      <Quantity>40</Quantity>
      <UnitMeasure>גרם</UnitMeasure>
      <BisWeighted>0</BisWeighted>
      <QtyInPackage>1</QtyInPackage>
      <ItemPrice>5</ItemPrice>
      <UnitOfMeasurePrice>12.50</UnitOfMeasurePrice>
      <AllowDiscount>1</AllowDiscount>
      <itemStatus>1</itemStatus>
      <LastUpdateDate />
      <LastUpdateTime />
    </Product>
    <Product>
      <PriceUpdateDate>2014/07/10 12:05</PriceUpdateDate>
      <ItemCode>7290000066295</ItemCode>
      <ItemType>1</ItemType>
      <ItemName>במבה מתוקה בטעם תות אסם (30 גרם)</ItemName>
      <ManufactureName>קבוצת אסם סחר שות. מוגבלת</ManufactureName>
      <ManufactureCountry />
      <ManufactureItemDescription />
      <UnitQty>יח`</UnitQty>
      <Quantity>30</Quantity>
      <UnitMeasure>גרם</UnitMeasure>
      <BisWeighted>0</BisWeighted>
      <QtyInPackage>1</QtyInPackage>
      <ItemPrice>2.90</ItemPrice>
      <UnitOfMeasurePrice>9.67</UnitOfMeasurePrice>
      <AllowDiscount>0</AllowDiscount>
      <itemStatus>1</itemStatus>
      <LastUpdateDate />
      <LastUpdateTime />
    </Product>
    <Product>
      <PriceUpdateDate>2015/05/13 08:34</PriceUpdateDate>
      <ItemCode>7290000066318</ItemCode>
      <ItemType>1</ItemType>
      <ItemName>במבה אסם (80 גרם)</ItemName>
      <ManufactureName>קבוצת אסם סחר שות. מוגבלת</ManufactureName>
      <ManufactureCountry />
      <ManufactureItemDescription />
      <UnitQty>יח`</UnitQty>
      <Quantity>80</Quantity>
      <UnitMeasure>גרם</UnitMeasure>
      <BisWeighted>0</BisWeighted>
      <QtyInPackage>1</QtyInPackage>
      <ItemPrice>4.30</ItemPrice>
      <UnitOfMeasurePrice>5.38</UnitOfMeasurePrice>
      <AllowDiscount>1</AllowDiscount>
      <itemStatus>1</itemStatus>
      <LastUpdateDate />
      <LastUpdateTime />
    </Product>
    <Product>
      <PriceUpdateDate>2013/10/28 13:47</PriceUpdateDate>
      <ItemCode>7290000066332</ItemCode>
      <ItemType>1</ItemType>
      <ItemName>אפרופו חטיף תירס אסם (50 גרם)</ItemName>
      <ManufactureName>קבוצת אסם סחר שות. מוגבלת</ManufactureName>
      <ManufactureCountry />
      <ManufactureItemDescription />
      <UnitQty>יח`</UnitQty>
      <Quantity>50</Quantity>
      <UnitMeasure>גרם</UnitMeasure>
      <BisWeighted>0</BisWeighted>
      <QtyInPackage>1</QtyInPackage>
      <ItemPrice>5</ItemPrice>
      <UnitOfMeasurePrice>10</UnitOfMeasurePrice>
      <AllowDiscount>1</AllowDiscount>
      <itemStatus>1</itemStatus>
      <LastUpdateDate />
      <LastUpdateTime />
    </Product>
    <Product>
      <PriceUpdateDate>2015/12/01 08:27</PriceUpdateDate>
      <ItemCode>7290000066349</ItemCode>
      <ItemType>1</ItemType>
      <ItemName>אפרופו חטיף תירס אסם (100 גרם)</ItemName>
      <ManufactureName>קבוצת אסם סחר שות. מוגבלת</ManufactureName>
      <ManufactureCountry />
      <ManufactureItemDescription />
      <UnitQty>יח`</UnitQty>
      <Quantity>100</Quantity>
      <UnitMeasure>גרם</UnitMeasure>
      <BisWeighted>0</BisWeighted>
      <QtyInPackage>1</QtyInPackage>
      <ItemPrice>8.90</ItemPrice>
      <UnitOfMeasurePrice>8.90</UnitOfMeasurePrice>
      <AllowDiscount>0</AllowDiscount>
      <itemStatus>1</itemStatus>
      <LastUpdateDate />
      <LastUpdateTime />
    </Product>
    <Product>
      <PriceUpdateDate>2014/04/13 13:35</PriceUpdateDate>
      <ItemCode>7290000066431</ItemCode>
      <ItemType>1</ItemType>
      <ItemName>חטיף פופקו חמאה ודבש אסם (80 גרם)</ItemName>
      <ManufactureName>קבוצת אסם סחר שות. מוגבלת</ManufactureName>
      <ManufactureCountry />
      <ManufactureItemDescription />
      <UnitQty>יח`</UnitQty>
      <Quantity>80</Quantity>
      <UnitMeasure>גרם</UnitMeasure>
      <BisWeighted>0</BisWeighted>
      <QtyInPackage>1</QtyInPackage>
      <ItemPrice>5.50</ItemPrice>
      <UnitOfMeasurePrice>6.88</UnitOfMeasurePrice>
      <AllowDiscount>1</AllowDiscount>
      <itemStatus>1</itemStatus>
      <LastUpdateDate />
      <LastUpdateTime />
    </Product>
    <Product>
      <PriceUpdateDate>2014/09/28 11:07</PriceUpdateDate>
      <ItemCode>7290000067070</ItemCode>
      <ItemType>1</ItemType>
      <ItemName>עוגיות מיני שוקולד</ItemName>
      <ManufactureName>קבוצת אסם סחר שות. מוגבלת</ManufactureName>
      <ManufactureCountry />
      <ManufactureItemDescription />
      <UnitQty>יח`</UnitQty>
      <Quantity>300</Quantity>
      <UnitMeasure>גרם</UnitMeasure>
      <BisWeighted>0</BisWeighted>
      <QtyInPackage>1</QtyInPackage>
      <ItemPrice>10.90</ItemPrice>
      <UnitOfMeasurePrice>3.63</UnitOfMeasurePrice>
      <AllowDiscount>0</AllowDiscount>
      <itemStatus>1</itemStatus>
      <LastUpdateDate />
      <LastUpdateTime />
    </Product>
    <Product>
      <PriceUpdateDate>2014/02/16 11:41</PriceUpdateDate>
      <ItemCode>7290000067131</ItemCode>
      <ItemType>1</ItemType>
      <ItemName>ג`לי בטעם תות 85  גר`אסם</ItemName>
      <ManufactureName>קבוצת אסם סחר שות. מוגבלת</ManufactureName>
      <ManufactureCountry />
      <ManufactureItemDescription />
      <UnitQty>יח`</UnitQty>
      <Quantity>85</Quantity>
      <UnitMeasure>גרם</UnitMeasure>
      <BisWeighted>0</BisWeighted>
      <QtyInPackage>1</QtyInPackage>
      <ItemPrice>7</ItemPrice>
      <UnitOfMeasurePrice>8.24</UnitOfMeasurePrice>
      <AllowDiscount>0</AllowDiscount>
      <itemStatus>1</itemStatus>
      <LastUpdateDate />
      <LastUpdateTime />
    </Product>
    <Product>
      <PriceUpdateDate>2015/05/25 09:07</PriceUpdateDate>
      <ItemCode>7290000067537</ItemCode>
      <ItemType>1</ItemType>
      <ItemName>ביסלי 70 גר` כשלפ</ItemName>
      <ManufactureName>קבוצת אסם סחר שות. מוגבלת</ManufactureName>
      <ManufactureCountry />
      <ManufactureItemDescription />
      <UnitQty>יח`</UnitQty>
      <Quantity>70</Quantity>
      <UnitMeasure>גרם</UnitMeasure>
      <BisWeighted>0</BisWeighted>
      <QtyInPackage>1</QtyInPackage>
      <ItemPrice>3.90</ItemPrice>
      <UnitOfMeasurePrice>5.57</UnitOfMeasurePrice>
      <AllowDiscount>1</AllowDiscount>
      <itemStatus>1</itemStatus>
      <LastUpdateDate />
      <LastUpdateTime />
    </Product>
    <Product>
      <PriceUpdateDate>2014/04/13 13:35</PriceUpdateDate>
      <ItemCode>7290000067599</ItemCode>
      <ItemType>1</ItemType>
      <ItemName>מנה חמה ספגטי בולונז אסם (65 גרם)</ItemName>
      <ManufactureName>קבוצת אסם סחר שות. מוגבלת</ManufactureName>
      <ManufactureCountry />
      <ManufactureItemDescription />
      <UnitQty>יח`</UnitQty>
      <Quantity>65</Quantity>
      <UnitMeasure>גרם</UnitMeasure>
      <BisWeighted>0</BisWeighted>
      <QtyInPackage>1</QtyInPackage>
      <ItemPrice>6.90</ItemPrice>
      <UnitOfMeasurePrice>10.62</UnitOfMeasurePrice>
      <AllowDiscount>1</AllowDiscount>
      <itemStatus>1</itemStatus>
      <LastUpdateDate />
      <LastUpdateTime />
    </Product>
    <Product>
      <PriceUpdateDate>2014/09/29 10:51</PriceUpdateDate>
      <ItemCode>7290000067735</ItemCode>
      <ItemType>1</ItemType>
      <ItemName>ניוקי בצקיות מקמח אסם פרפקטו (500 גרם)</ItemName>
      <ManufactureName>קבוצת אסם סחר שות. מוגבלת</ManufactureName>
      <ManufactureCountry />
      <ManufactureItemDescription />
      <UnitQty>יח`</UnitQty>
      <Quantity>500</Quantity>
      <UnitMeasure>גרם</UnitMeasure>
      <BisWeighted>0</BisWeighted>
      <QtyInPackage>1</QtyInPackage>
      <ItemPrice>12.90</ItemPrice>
      <UnitOfMeasurePrice>2.58</UnitOfMeasurePrice>
      <AllowDiscount>0</AllowDiscount>
      <itemStatus>1</itemStatus>
      <LastUpdateDate />
      <LastUpdateTime />
    </Product>
    <Product>
      <PriceUpdateDate>2013/11/14 11:51</PriceUpdateDate>
      <ItemCode>7290000068138</ItemCode>
      <ItemType>1</ItemType>
      <ItemName>פודינג בטעם וניל 80 גר` אסם</ItemName>
      <ManufactureName>קבוצת אסם סחר שות. מוגבלת</ManufactureName>
      <ManufactureCountry />
      <ManufactureItemDescription />
      <UnitQty>יח`</UnitQty>
      <Quantity>80</Quantity>
      <UnitMeasure>גרם</UnitMeasure>
      <BisWeighted>0</BisWeighted>
      <QtyInPackage>1</QtyInPackage>
      <ItemPrice>5.90</ItemPrice>
      <UnitOfMeasurePrice>7.38</UnitOfMeasurePrice>
      <AllowDiscount>1</AllowDiscount>
      <itemStatus>1</itemStatus>
      <LastUpdateDate />
      <LastUpdateTime />
    </Product>
    <Product>
      <PriceUpdateDate>2015/11/29 15:17</PriceUpdateDate>
      <ItemCode>7290000068152</ItemCode>
      <ItemType>1</ItemType>
      <ItemName>אבקת רוטב צלי אסם (22 גרם)</ItemName>
      <ManufactureName>קבוצת אסם סחר שות. מוגבלת</ManufactureName>
      <ManufactureCountry />
      <ManufactureItemDescription />
      <UnitQty>יח`</UnitQty>
      <Quantity>22</Quantity>
      <UnitMeasure>גרם</UnitMeasure>
      <BisWeighted>0</BisWeighted>
      <QtyInPackage>1</QtyInPackage>
      <ItemPrice>3.90</ItemPrice>
      <UnitOfMeasurePrice>17.73</UnitOfMeasurePrice>
      <AllowDiscount>0</AllowDiscount>
      <itemStatus>1</itemStatus>
      <LastUpdateDate />
      <LastUpdateTime />
    </Product>
    <Product>
      <PriceUpdateDate>2013/11/14 11:51</PriceUpdateDate>
      <ItemCode>7290000068190</ItemCode>
      <ItemType>1</ItemType>
      <ItemName>אבקה להכנת ג`לי בטעם תות אסם (90 גרם)</ItemName>
      <ManufactureName>קבוצת אסם סחר שות. מוגבלת</ManufactureName>
      <ManufactureCountry />
      <ManufactureItemDescription />
      <UnitQty>יח`</UnitQty>
      <Quantity>90</Quantity>
      <UnitMeasure>גרם</UnitMeasure>
      <BisWeighted>0</BisWeighted>
      <QtyInPackage>1</QtyInPackage>
      <ItemPrice>6.90</ItemPrice>
      <UnitOfMeasurePrice>7.67</UnitOfMeasurePrice>
      <AllowDiscount>1</AllowDiscount>
      <itemStatus>1</itemStatus>
      <LastUpdateDate />
      <LastUpdateTime />
    </Product>
    <Product>
      <PriceUpdateDate>2013/11/14 11:51</PriceUpdateDate>
      <ItemCode>7290000068237</ItemCode>
      <ItemType>1</ItemType>
      <ItemName>אבקה להכנת ג`לי בטעם פטל אסם (85 גרם)</ItemName>
      <ManufactureName>קבוצת אסם סחר שות. מוגבלת</ManufactureName>
      <ManufactureCountry />
      <ManufactureItemDescription />
      <UnitQty>יח`</UnitQty>
      <Quantity>85</Quantity>
      <UnitMeasure>גרם</UnitMeasure>
      <BisWeighted>0</BisWeighted>
      <QtyInPackage>1</QtyInPackage>
      <ItemPrice>6.90</ItemPrice>
      <UnitOfMeasurePrice>8.12</UnitOfMeasurePrice>
      <AllowDiscount>1</AllowDiscount>
      <itemStatus>1</itemStatus>
      <LastUpdateDate />
      <LastUpdateTime />
    </Product>
    <Product>
      <PriceUpdateDate>2020/01/05 09:11</PriceUpdateDate>
      <ItemCode>7290000068282</ItemCode>
      <ItemType>1</ItemType>
      <ItemName>מנה חמה פירה עם ירקות אסם (47 גרם)</ItemName>
      <ManufactureName>קבוצת אסם סחר שות. מוגבלת</ManufactureName>
      <ManufactureCountry />
      <ManufactureItemDescription />
      <UnitQty>יח`</UnitQty>
      <Quantity>44</Quantity>
      <UnitMeasure>גרם</UnitMeasure>
      <BisWeighted>0</BisWeighted>
      <QtyInPackage>1</QtyInPackage>
      <ItemPrice>6.90</ItemPrice>
      <UnitOfMeasurePrice>15.68</UnitOfMeasurePrice>
      <AllowDiscount>1</AllowDiscount>
      <itemStatus>1</itemStatus>
      <LastUpdateDate />
      <LastUpdateTime />
    </Product>
    <Product>
      <PriceUpdateDate>2018/02/07 10:44</PriceUpdateDate>
      <ItemCode>7290000068299</ItemCode>
      <ItemType>1</ItemType>
      <ItemName>מנה חמה פירה תפוא ופטריות</ItemName>
      <ManufactureName>קבוצת אסם סחר שות. מוגבלת</ManufactureName>
      <ManufactureCountry />
      <ManufactureItemDescription />
      <UnitQty>יח`</UnitQty>
      <Quantity>62</Quantity>
      <UnitMeasure>גרם</UnitMeasure>
      <BisWeighted>0</BisWeighted>
      <QtyInPackage>1</QtyInPackage>
      <ItemPrice>7.90</ItemPrice>
      <UnitOfMeasurePrice>12.74</UnitOfMeasurePrice>
      <AllowDiscount>1</AllowDiscount>
      <itemStatus>1</itemStatus>
      <LastUpdateDate />
      <LastUpdateTime />
    </Product>
    <Product>
      <PriceUpdateDate>2019/01/30 08:51</PriceUpdateDate>
      <ItemCode>7290000068343</ItemCode>
      <ItemType>1</ItemType>
      <ItemName>פריכונים מאורז מלא אסם (140 גרם)</ItemName>
      <ManufactureName>קבוצת אסם סחר שות. מוגבלת</ManufactureName>
      <ManufactureCountry />
      <ManufactureItemDescription />
      <UnitQty>יח`</UnitQty>
      <Quantity>140</Quantity>
      <UnitMeasure>גרם</UnitMeasure>
      <BisWeighted>0</BisWeighted>
      <QtyInPackage>1</QtyInPackage>
      <ItemPrice>7.20</ItemPrice>
      <UnitOfMeasurePrice>5.14</UnitOfMeasurePrice>
      <AllowDiscount>0</AllowDiscount>
      <itemStatus>1</itemStatus>
      <LastUpdateDate />
      <LastUpdateTime />
    </Product>
    <Product>
      <PriceUpdateDate>2014/11/09 13:55</PriceUpdateDate>
      <ItemCode>7290000068701</ItemCode>
      <ItemType>1</ItemType>
      <ItemName>שקדי מרק במיכל</ItemName>
      <ManufactureName>קבוצת אסם סחר שות. מוגבלת</ManufactureName>
      <ManufactureCountry />
      <ManufactureItemDescription />
      <UnitQty>יח`</UnitQty>
      <Quantity>400</Quantity>
      <UnitMeasure>גרם</UnitMeasure>
      <BisWeighted>0</BisWeighted>
      <QtyInPackage>1</QtyInPackage>
      <ItemPrice>15.90</ItemPrice>
      <UnitOfMeasurePrice>3.98</UnitOfMeasurePrice>
      <AllowDiscount>0</AllowDiscount>
      <itemStatus>1</itemStatus>
      <LastUpdateDate />
      <LastUpdateTime />
    </Product>
    <Product>
      <PriceUpdateDate>2015/05/13 08:34</PriceUpdateDate>
      <ItemCode>7290000068770</ItemCode>
      <ItemType>1</ItemType>
      <ItemName>במבה יום הולדת אסם (80 גרם)</ItemName>
      <ManufactureName>קבוצת אסם סחר שות. מוגבלת</ManufactureName>
      <ManufactureCountry />
      <ManufactureItemDescription />
      <UnitQty>יח`</UnitQty>
      <Quantity>80</Quantity>
      <UnitMeasure>גרם</UnitMeasure>
      <BisWeighted>0</BisWeighted>
      <QtyInPackage>1</QtyInPackage>
      <ItemPrice>4.30</ItemPrice>
      <UnitOfMeasurePrice>5.38</UnitOfMeasurePrice>
      <AllowDiscount>1</AllowDiscount>
      <itemStatus>1</itemStatus>
      <LastUpdateDate />
      <LastUpdateTime />
    </Product>
    <Product>
      <PriceUpdateDate>2013/11/14 11:51</PriceUpdateDate>
      <ItemCode>7290000069609</ItemCode>
      <ItemType>1</ItemType>
      <ItemName>חטיפי קרקר בטעם זעתר אסם (300 גרם)</ItemName>
      <ManufactureName>קבוצת אסם סחר שות. מוגבלת</ManufactureName>
      <ManufactureCountry />
      <ManufactureItemDescription />
      <UnitQty>יח`</UnitQty>
      <Quantity>300</Quantity>
      <UnitMeasure>גרם</UnitMeasure>
      <BisWeighted>0</BisWeighted>
      <QtyInPackage>1</QtyInPackage>
      <ItemPrice>11.90</ItemPrice>
      <UnitOfMeasurePrice>3.97</UnitOfMeasurePrice>
      <AllowDiscount>1</AllowDiscount>
      <itemStatus>1</itemStatus>
      <LastUpdateDate />
      <LastUpdateTime />
    </Product>
    <Product>
      <PriceUpdateDate>2013/11/14 11:51</PriceUpdateDate>
      <ItemCode>7290000069715</ItemCode>
      <ItemType>1</ItemType>
      <ItemName>חטיפי קרקר מלוח אסם (300 גרם)</ItemName>
      <ManufactureName>קבוצת אסם סחר שות. מוגבלת</ManufactureName>
      <ManufactureCountry />
      <ManufactureItemDescription />
      <UnitQty>יח`</UnitQty>
      <Quantity>300</Quantity>
      <UnitMeasure>גרם</UnitMeasure>
      <BisWeighted>0</BisWeighted>
      <QtyInPackage>1</QtyInPackage>
      <ItemPrice>11.90</ItemPrice>
      <UnitOfMeasurePrice>3.97</UnitOfMeasurePrice>
      <AllowDiscount>1</AllowDiscount>
      <itemStatus>1</itemStatus>
      <LastUpdateDate />
      <LastUpdateTime />
    </Product>
    <Product>
      <PriceUpdateDate>2013/11/14 11:51</PriceUpdateDate>
      <ItemCode>7290000069739</ItemCode>
      <ItemType>1</ItemType>
      <ItemName>חטיפי קרקר שומשום אסם (300 גרם)</ItemName>
      <ManufactureName>קבוצת אסם סחר שות. מוגבלת</ManufactureName>
      <ManufactureCountry />
      <ManufactureItemDescription />
      <UnitQty>יח`</UnitQty>
      <Quantity>300</Quantity>
      <UnitMeasure>גרם</UnitMeasure>
      <BisWeighted>0</BisWeighted>
      <QtyInPackage>1</QtyInPackage>
      <ItemPrice>11.90</ItemPrice>
      <UnitOfMeasurePrice>3.97</UnitOfMeasurePrice>
      <AllowDiscount>1</AllowDiscount>
      <itemStatus>1</itemStatus>
      <LastUpdateDate />
      <LastUpdateTime />
    </Product>
    <Product>
      <PriceUpdateDate>2017/06/04 08:43</PriceUpdateDate>
      <ItemCode>7290000070308</ItemCode>
      <ItemType>1</ItemType>
      <ItemName>מרק עוף אמיתי בשרי אסם (400 גרם)</ItemName>
      <ManufactureName>קבוצת אסם סחר שות. מוגבלת</ManufactureName>
      <ManufactureCountry />
      <ManufactureItemDescription />
      <UnitQty>יח`</UnitQty>
      <Quantity>400</Quantity>
      <UnitMeasure>גרם</UnitMeasure>
      <BisWeighted>0</BisWeighted>
      <QtyInPackage>1</QtyInPackage>
      <ItemPrice>20</ItemPrice>
      <UnitOfMeasurePrice>5</UnitOfMeasurePrice>
      <AllowDiscount>0</AllowDiscount>
      <itemStatus>1</itemStatus>
      <LastUpdateDate />
      <LastUpdateTime />
    </Product>
    <Product>
      <PriceUpdateDate>2018/02/07 10:44</PriceUpdateDate>
      <ItemCode>7290000070322</ItemCode>
      <ItemType>1</ItemType>
      <ItemName>מרק פטריות אסם (400 גרם)</ItemName>
      <ManufactureName>קבוצת אסם סחר שות. מוגבלת</ManufactureName>
      <ManufactureCountry />
      <ManufactureItemDescription />
      <UnitQty>יח`</UnitQty>
      <Quantity>400</Quantity>
      <UnitMeasure>גרם</UnitMeasure>
      <BisWeighted>0</BisWeighted>
      <QtyInPackage>1</QtyInPackage>
      <ItemPrice>30.90</ItemPrice>
      <UnitOfMeasurePrice>7.73</UnitOfMeasurePrice>
      <AllowDiscount>1</AllowDiscount>
      <itemStatus>1</itemStatus>
      <LastUpdateDate />
      <LastUpdateTime />
    </Product>
    <Product>
      <PriceUpdateDate>2013/12/31 09:51</PriceUpdateDate>
      <ItemCode>7290000070353</ItemCode>
      <ItemType>1</ItemType>
      <ItemName>מרק בצל רכיבים טבעיים אסם (400 גרם)</ItemName>
      <ManufactureName>קבוצת אסם סחר שות. מוגבלת</ManufactureName>
      <ManufactureCountry />
      <ManufactureItemDescription />
      <UnitQty>יח`</UnitQty>
      <Quantity>400</Quantity>
      <UnitMeasure>גרם</UnitMeasure>
      <BisWeighted>0</BisWeighted>
      <QtyInPackage>1</QtyInPackage>
      <ItemPrice>27</ItemPrice>
      <UnitOfMeasurePrice>6.75</UnitOfMeasurePrice>
      <AllowDiscount>1</AllowDiscount>
      <itemStatus>1</itemStatus>
      <LastUpdateDate />
      <LastUpdateTime />
    </Product>
    <Product>
      <PriceUpdateDate>2015/11/01 08:04</PriceUpdateDate>
      <ItemCode>7290000070919</ItemCode>
      <ItemType>1</ItemType>
      <ItemName>בייגלה רשתות עם מלח אסם (400 גרם)</ItemName>
      <ManufactureName>קבוצת אסם סחר שות. מוגבלת</ManufactureName>
      <ManufactureCountry />
      <ManufactureItemDescription />
      <UnitQty>יח`</UnitQty>
      <Quantity>400</Quantity>
      <UnitMeasure>גרם</UnitMeasure>
      <BisWeighted>0</BisWeighted>
      <QtyInPackage>1</QtyInPackage>
      <ItemPrice>12.90</ItemPrice>
      <UnitOfMeasurePrice>3.23</UnitOfMeasurePrice>
      <AllowDiscount>0</AllowDiscount>
      <itemStatus>1</itemStatus>
      <LastUpdateDate />
      <LastUpdateTime />
    </Product>
    <Product>
      <PriceUpdateDate>2014/12/28 11:22</PriceUpdateDate>
      <ItemCode>7290000072227</ItemCode>
      <ItemType>1</ItemType>
      <ItemName>רוטב סויה בסגנון סיני אסם (290 מל)</ItemName>
      <ManufactureName>קבוצת אסם סחר שות. מוגבלת</ManufactureName>
      <ManufactureCountry />
      <ManufactureItemDescription />
      <UnitQty>יח`</UnitQty>
      <Quantity>290</Quantity>
      <UnitMeasure>מ"ל</UnitMeasure>
      <BisWeighted>0</BisWeighted>
      <QtyInPackage>1</QtyInPackage>
      <ItemPrice>11.90</ItemPrice>
      <UnitOfMeasurePrice>4.10</UnitOfMeasurePrice>
      <AllowDiscount>0</AllowDiscount>
      <itemStatus>1</itemStatus>
      <LastUpdateDate />
      <LastUpdateTime />
    </Product>
    <Product>
      <PriceUpdateDate>2017/03/30 07:47</PriceUpdateDate>
      <ItemCode>7290000072623</ItemCode>
      <ItemType>1</ItemType>
      <ItemName>קטשופ אסם (750 גרם)</ItemName>
      <ManufactureName>קבוצת אסם סחר שות. מוגבלת</ManufactureName>
      <ManufactureCountry />
      <ManufactureItemDescription />
      <UnitQty>יח`</UnitQty>
      <Quantity>750</Quantity>
      <UnitMeasure>גרם</UnitMeasure>
      <BisWeighted>0</BisWeighted>
      <QtyInPackage>1</QtyInPackage>
      <ItemPrice>10.90</ItemPrice>
      <UnitOfMeasurePrice>1.45</UnitOfMeasurePrice>
      <AllowDiscount>1</AllowDiscount>
      <itemStatus>1</itemStatus>
      <LastUpdateDate />
      <LastUpdateTime />
    </Product>
    <Product>
      <PriceUpdateDate>2019/06/30 08:22</PriceUpdateDate>
      <ItemCode>7290000072753</ItemCode>
      <ItemType>1</ItemType>
      <ItemName>קפה טייסטרס צ`ויס נסקפה (200 גרם)</ItemName>
      <ManufactureName>קבוצת אסם סחר שות. מוגבלת</ManufactureName>
      <ManufactureCountry />
      <ManufactureItemDescription />
      <UnitQty>יח`</UnitQty>
      <Quantity>200</Quantity>
      <UnitMeasure>גרם</UnitMeasure>
      <BisWeighted>0</BisWeighted>
      <QtyInPackage>1</QtyInPackage>
      <ItemPrice>29.90</ItemPrice>
      <UnitOfMeasurePrice>14.95</UnitOfMeasurePrice>
      <AllowDiscount>0</AllowDiscount>
      <itemStatus>1</itemStatus>
      <LastUpdateDate />
      <LastUpdateTime />
    </Product>
    <Product>
      <PriceUpdateDate>2018/05/30 08:50</PriceUpdateDate>
      <ItemCode>7290000072777</ItemCode>
      <ItemType>1</ItemType>
      <ItemName>טייסטר צ ויס נטול 200 גר</ItemName>
      <ManufactureName>קבוצת אסם סחר שות. מוגבלת</ManufactureName>
      <ManufactureCountry />
      <ManufactureItemDescription />
      <UnitQty>יח`</UnitQty>
      <Quantity>200</Quantity>
      <UnitMeasure>גרם</UnitMeasure>
      <BisWeighted>0</BisWeighted>
      <QtyInPackage>1</QtyInPackage>
      <ItemPrice>39.90</ItemPrice>
      <UnitOfMeasurePrice>19.95</UnitOfMeasurePrice>
      <AllowDiscount>0</AllowDiscount>
      <itemStatus>1</itemStatus>
      <LastUpdateDate />
      <LastUpdateTime />
    </Product>
    <Product>
      <PriceUpdateDate>2014/11/09 13:55</PriceUpdateDate>
      <ItemCode>7290000072784</ItemCode>
      <ItemType>1</ItemType>
      <ItemName>טייסטר צ`ויס נטול 100 גר`</ItemName>
      <ManufactureName>קבוצת אסם סחר שות. מוגבלת</ManufactureName>
      <ManufactureCountry />
      <ManufactureItemDescription />
      <UnitQty>יח`</UnitQty>
      <Quantity>100</Quantity>
      <UnitMeasure>גרם</UnitMeasure>
      <BisWeighted>0</BisWeighted>
      <QtyInPackage>1</QtyInPackage>
      <ItemPrice>27.90</ItemPrice>
      <UnitOfMeasurePrice>27.90</UnitOfMeasurePrice>
      <AllowDiscount>0</AllowDiscount>
      <itemStatus>1</itemStatus>
      <LastUpdateDate />
      <LastUpdateTime />
    </Product>
    <Product>
      <PriceUpdateDate>2018/07/04 08:31</PriceUpdateDate>
      <ItemCode>7290000072968</ItemCode>
      <ItemType>1</ItemType>
      <ItemName>סיני מיניס בטעם קינמון נסטלה (500 גרם)</ItemName>
      <ManufactureName>קבוצת אסם סחר שות. מוגבלת</ManufactureName>
      <ManufactureCountry />
      <ManufactureItemDescription />
      <UnitQty>יח`</UnitQty>
      <Quantity>375</Quantity>
      <UnitMeasure>גרם</UnitMeasure>
      <BisWeighted>0</BisWeighted>
      <QtyInPackage>1</QtyInPackage>
      <ItemPrice>26.90</ItemPrice>
      <UnitOfMeasurePrice>7.17</UnitOfMeasurePrice>
      <AllowDiscount>1</AllowDiscount>
      <itemStatus>1</itemStatus>
      <LastUpdateDate />
      <LastUpdateTime />
    </Product>
    <Product>
      <PriceUpdateDate>2014/04/13 13:35</PriceUpdateDate>
      <ItemCode>7290000073415</ItemCode>
      <ItemType>1</ItemType>
      <ItemName>מנה חמה פסטה ברוטב פיצה אסם (61 גרם)</ItemName>
      <ManufactureName>קבוצת אסם סחר שות. מוגבלת</ManufactureName>
      <ManufactureCountry />
      <ManufactureItemDescription />
      <UnitQty>יח`</UnitQty>
      <Quantity>61</Quantity>
      <UnitMeasure>גרם</UnitMeasure>
      <BisWeighted>0</BisWeighted>
      <QtyInPackage>1</QtyInPackage>
      <ItemPrice>6.90</ItemPrice>
      <UnitOfMeasurePrice>11.31</UnitOfMeasurePrice>
      <AllowDiscount>1</AllowDiscount>
      <itemStatus>1</itemStatus>
      <LastUpdateDate />
      <LastUpdateTime />
    </Product>
    <Product>
      <PriceUpdateDate>2018/02/07 10:44</PriceUpdateDate>
      <ItemCode>7290000073767</ItemCode>
      <ItemType>1</ItemType>
      <ItemName>מנה חמה נודלס בטעם בקר אסם (70 גרם)</ItemName>
      <ManufactureName>קבוצת אסם סחר שות. מוגבלת</ManufactureName>
      <ManufactureCountry />
      <ManufactureItemDescription />
      <UnitQty>יח`</UnitQty>
      <Quantity>70</Quantity>
      <UnitMeasure>גרם</UnitMeasure>
      <BisWeighted>0</BisWeighted>
      <QtyInPackage>1</QtyInPackage>
      <ItemPrice>7.90</ItemPrice>
      <UnitOfMeasurePrice>11.29</UnitOfMeasurePrice>
      <AllowDiscount>1</AllowDiscount>
      <itemStatus>1</itemStatus>
      <LastUpdateDate />
      <LastUpdateTime />
    </Product>
    <Product>
      <PriceUpdateDate>2018/02/07 10:44</PriceUpdateDate>
      <ItemCode>7290000073774</ItemCode>
      <ItemType>1</ItemType>
      <ItemName>מנה חמה נודלס בטעם פיקנטי אסם (70 גרם)</ItemName>
      <ManufactureName>קבוצת אסם סחר שות. מוגבלת</ManufactureName>
      <ManufactureCountry />
      <ManufactureItemDescription />
      <UnitQty>יח`</UnitQty>
      <Quantity>76</Quantity>
      <UnitMeasure>גרם</UnitMeasure>
      <BisWeighted>0</BisWeighted>
      <QtyInPackage>1</QtyInPackage>
      <ItemPrice>7.90</ItemPrice>
      <UnitOfMeasurePrice>10.39</UnitOfMeasurePrice>
      <AllowDiscount>1</AllowDiscount>
      <itemStatus>1</itemStatus>
      <LastUpdateDate />
      <LastUpdateTime />
    </Product>
    <Product>
      <PriceUpdateDate>2015/11/01 08:04</PriceUpdateDate>
      <ItemCode>7290000074184</ItemCode>
      <ItemType>1</ItemType>
      <ItemName>ביסקוויט פתי בר אסם (500 גרם)</ItemName>
      <ManufactureName>קבוצת אסם סחר שות. מוגבלת</ManufactureName>
      <ManufactureCountry />
      <ManufactureItemDescription />
      <UnitQty>יח`</UnitQty>
      <Quantity>500</Quantity>
      <UnitMeasure>גרם</UnitMeasure>
      <BisWeighted>0</BisWeighted>
      <QtyInPackage>1</QtyInPackage>
      <ItemPrice>11.90</ItemPrice>
      <UnitOfMeasurePrice>2.38</UnitOfMeasurePrice>
      <AllowDiscount>1</AllowDiscount>
      <itemStatus>1</itemStatus>
      <LastUpdateDate />
      <LastUpdateTime />
    </Product>
    <Product>
      <PriceUpdateDate>2014/04/13 13:35</PriceUpdateDate>
      <ItemCode>7290000074245</ItemCode>
      <ItemType>1</ItemType>
      <ItemName>קרם קרקר אסם (250 גרם)</ItemName>
      <ManufactureName>קבוצת אסם סחר שות. מוגבלת</ManufactureName>
      <ManufactureCountry />
      <ManufactureItemDescription />
      <UnitQty>יח`</UnitQty>
      <Quantity>250</Quantity>
      <UnitMeasure>גרם</UnitMeasure>
      <BisWeighted>0</BisWeighted>
      <QtyInPackage>1</QtyInPackage>
      <ItemPrice>9.90</ItemPrice>
      <UnitOfMeasurePrice>3.96</UnitOfMeasurePrice>
      <AllowDiscount>1</AllowDiscount>
      <itemStatus>1</itemStatus>
      <LastUpdateDate />
      <LastUpdateTime />
    </Product>
    <Product>
      <PriceUpdateDate>2014/11/09 13:55</PriceUpdateDate>
      <ItemCode>7290000074276</ItemCode>
      <ItemType>1</ItemType>
      <ItemName>קרקר פיקנטי אסם (250 גרם)</ItemName>
      <ManufactureName>קבוצת אסם סחר שות. מוגבלת</ManufactureName>
      <ManufactureCountry />
      <ManufactureItemDescription />
      <UnitQty>יח`</UnitQty>
      <Quantity>250</Quantity>
      <UnitMeasure>גרם</UnitMeasure>
      <BisWeighted>0</BisWeighted>
      <QtyInPackage>1</QtyInPackage>
      <ItemPrice>10.90</ItemPrice>
      <UnitOfMeasurePrice>4.36</UnitOfMeasurePrice>
      <AllowDiscount>1</AllowDiscount>
      <itemStatus>1</itemStatus>
      <LastUpdateDate />
      <LastUpdateTime />
    </Product>
    <Product>
      <PriceUpdateDate>2015/12/01 08:27</PriceUpdateDate>
      <ItemCode>7290000074375</ItemCode>
      <ItemType>1</ItemType>
      <ItemName>קרקר זהב אסם (150 גרם)</ItemName>
      <ManufactureName>קבוצת אסם סחר שות. מוגבלת</ManufactureName>
      <ManufactureCountry />
      <ManufactureItemDescription />
      <UnitQty>יח`</UnitQty>
      <Quantity>150</Quantity>
      <UnitMeasure>גרם</UnitMeasure>
      <BisWeighted>0</BisWeighted>
      <QtyInPackage>1</QtyInPackage>
      <ItemPrice>7.90</ItemPrice>
      <UnitOfMeasurePrice>5.27</UnitOfMeasurePrice>
      <AllowDiscount>1</AllowDiscount>
      <itemStatus>1</itemStatus>
      <LastUpdateDate />
      <LastUpdateTime />
    </Product>
    <Product>
      <PriceUpdateDate>2014/11/09 13:55</PriceUpdateDate>
      <ItemCode>7290000074481</ItemCode>
      <ItemType>1</ItemType>
      <ItemName>קרקר לחמית אגוזים אסם (160 גרם)</ItemName>
      <ManufactureName>קבוצת אסם סחר שות. מוגבלת</ManufactureName>
      <ManufactureCountry />
      <ManufactureItemDescription />
      <UnitQty>יח`</UnitQty>
      <Quantity>160</Quantity>
      <UnitMeasure>גרם</UnitMeasure>
      <BisWeighted>0</BisWeighted>
      <QtyInPackage>1</QtyInPackage>
      <ItemPrice>10.90</ItemPrice>
      <UnitOfMeasurePrice>6.81</UnitOfMeasurePrice>
      <AllowDiscount>1</AllowDiscount>
      <itemStatus>1</itemStatus>
      <LastUpdateDate />
      <LastUpdateTime />
    </Product>
    <Product>
      <PriceUpdateDate>2014/11/09 13:55</PriceUpdateDate>
      <ItemCode>7290000074696</ItemCode>
      <ItemType>1</ItemType>
      <ItemName>קרם קרקר אסם (1 קג)</ItemName>
      <ManufactureName>קבוצת אסם סחר שות. מוגבלת</ManufactureName>
      <ManufactureCountry />
      <ManufactureItemDescription />
      <UnitQty>יח`</UnitQty>
      <Quantity>1</Quantity>
      <UnitMeasure>ק"ג</UnitMeasure>
      <BisWeighted>0</BisWeighted>
      <QtyInPackage>1</QtyInPackage>
      <ItemPrice>27.90</ItemPrice>
      <UnitOfMeasurePrice>27.90</UnitOfMeasurePrice>
      <AllowDiscount>0</AllowDiscount>
      <itemStatus>1</itemStatus>
      <LastUpdateDate />
      <LastUpdateTime />
    </Product>
    <Product>
      <PriceUpdateDate>2014/11/09 13:55</PriceUpdateDate>
      <ItemCode>7290000074702</ItemCode>
      <ItemType>1</ItemType>
      <ItemName>קרקר שומשום אסם (1 קג)</ItemName>
      <ManufactureName>קבוצת אסם סחר שות. מוגבלת</ManufactureName>
      <ManufactureCountry />
      <ManufactureItemDescription />
      <UnitQty>יח`</UnitQty>
      <Quantity>1000</Quantity>
      <UnitMeasure>גרם</UnitMeasure>
      <BisWeighted>0</BisWeighted>
      <QtyInPackage>1</QtyInPackage>
      <ItemPrice>24.90</ItemPrice>
      <UnitOfMeasurePrice>2.49</UnitOfMeasurePrice>
      <AllowDiscount>0</AllowDiscount>
      <itemStatus>1</itemStatus>
      <LastUpdateDate />
      <LastUpdateTime />
    </Product>
    <Product>
      <PriceUpdateDate>2014/07/13 12:21</PriceUpdateDate>
      <ItemCode>7290000074740</ItemCode>
      <ItemType>1</ItemType>
      <ItemName>קרקר לחמית חיטה מלאה אסם 1 קג`</ItemName>
      <ManufactureName>קבוצת אסם סחר שות. מוגבלת</ManufactureName>
      <ManufactureCountry />
      <ManufactureItemDescription />
      <UnitQty>יח`</UnitQty>
      <Quantity>1000</Quantity>
      <UnitMeasure>גרם</UnitMeasure>
      <BisWeighted>0</BisWeighted>
      <QtyInPackage>1</QtyInPackage>
      <ItemPrice>24.90</ItemPrice>
      <UnitOfMeasurePrice>2.49</UnitOfMeasurePrice>
      <AllowDiscount>0</AllowDiscount>
      <itemStatus>1</itemStatus>
      <LastUpdateDate />
      <LastUpdateTime />
    </Product>
    <Product>
      <PriceUpdateDate>2014/11/09 13:55</PriceUpdateDate>
      <ItemCode>7290000074764</ItemCode>
      <ItemType>1</ItemType>
      <ItemName>קרקר זהב אסם (900 גרם)</ItemName>
      <ManufactureName>קבוצת אסם סחר שות. מוגבלת</ManufactureName>
      <ManufactureCountry />
      <ManufactureItemDescription />
      <UnitQty>יח`</UnitQty>
      <Quantity>900</Quantity>
      <UnitMeasure>גרם</UnitMeasure>
      <BisWeighted>0</BisWeighted>
      <QtyInPackage>1</QtyInPackage>
      <ItemPrice>27.90</ItemPrice>
      <UnitOfMeasurePrice>3.10</UnitOfMeasurePrice>
      <AllowDiscount>0</AllowDiscount>
      <itemStatus>1</itemStatus>
      <LastUpdateDate />
      <LastUpdateTime />
    </Product>
    <Product>
      <PriceUpdateDate>2013/06/09 19:06</PriceUpdateDate>
      <ItemCode>7290000075143</ItemCode>
      <ItemType>1</ItemType>
      <ItemName>עוגיות שוקוצ`יפס אסם (200 גרם)</ItemName>
      <ManufactureName>קבוצת אסם סחר שות. מוגבלת</ManufactureName>
      <ManufactureCountry />
      <ManufactureItemDescription />
      <UnitQty>יח`</UnitQty>
      <Quantity>200</Quantity>
      <UnitMeasure>גרם</UnitMeasure>
      <BisWeighted>0</BisWeighted>
      <QtyInPackage>1</QtyInPackage>
      <ItemPrice>11.90</ItemPrice>
      <UnitOfMeasurePrice>5.95</UnitOfMeasurePrice>
      <AllowDiscount>1</AllowDiscount>
      <itemStatus>1</itemStatus>
      <LastUpdateDate />
      <LastUpdateTime />
    </Product>
    <Product>
      <PriceUpdateDate>2014/07/06 08:09</PriceUpdateDate>
      <ItemCode>7290000075204</ItemCode>
      <ItemType>1</ItemType>
      <ItemName>קרקר לחמית חיטה מלאה אסם (250 גרם)</ItemName>
      <ManufactureName>קבוצת אסם סחר שות. מוגבלת</ManufactureName>
      <ManufactureCountry />
      <ManufactureItemDescription />
      <UnitQty>יח`</UnitQty>
      <Quantity>250</Quantity>
      <UnitMeasure>גרם</UnitMeasure>
      <BisWeighted>0</BisWeighted>
      <QtyInPackage>1</QtyInPackage>
      <ItemPrice>8.90</ItemPrice>
      <UnitOfMeasurePrice>3.56</UnitOfMeasurePrice>
      <AllowDiscount>1</AllowDiscount>
      <itemStatus>1</itemStatus>
      <LastUpdateDate />
      <LastUpdateTime />
    </Product>
    <Product>
      <PriceUpdateDate>2015/10/11 08:55</PriceUpdateDate>
      <ItemCode>7290000075693</ItemCode>
      <ItemType>1</ItemType>
      <ItemName>עוגת הבית שמרים בריוש שוקולד 360 גר`</ItemName>
      <ManufactureName>קבוצת אסם סחר שות. מוגבלת</ManufactureName>
      <ManufactureCountry />
      <ManufactureItemDescription />
      <UnitQty>יח`</UnitQty>
      <Quantity>360</Quantity>
      <UnitMeasure>גרם</UnitMeasure>
      <BisWeighted>0</BisWeighted>
      <QtyInPackage>1</QtyInPackage>
      <ItemPrice>17.90</ItemPrice>
      <UnitOfMeasurePrice>4.97</UnitOfMeasurePrice>
      <AllowDiscount>0</AllowDiscount>
      <itemStatus>1</itemStatus>
      <LastUpdateDate />
      <LastUpdateTime />
    </Product>
    <Product>
      <PriceUpdateDate>2014/11/09 13:55</PriceUpdateDate>
      <ItemCode>7290000076126</ItemCode>
      <ItemType>1</ItemType>
      <ItemName>בייגלה שמיניות עם מלח אסם (80 גרם)</ItemName>
      <ManufactureName>קבוצת אסם סחר שות. מוגבלת</ManufactureName>
      <ManufactureCountry />
      <ManufactureItemDescription />
      <UnitQty>יח`</UnitQty>
      <Quantity>80</Quantity>
      <UnitMeasure>גרם</UnitMeasure>
      <BisWeighted>0</BisWeighted>
      <QtyInPackage>1</QtyInPackage>
      <ItemPrice>2.90</ItemPrice>
      <UnitOfMeasurePrice>3.63</UnitOfMeasurePrice>
      <AllowDiscount>0</AllowDiscount>
      <itemStatus>1</itemStatus>
      <LastUpdateDate />
      <LastUpdateTime />
    </Product>
    <Product>
      <PriceUpdateDate>2015/05/13 08:34</PriceUpdateDate>
      <ItemCode>7290000076133</ItemCode>
      <ItemType>1</ItemType>
      <ItemName>בייגלה שמיניות עם מלח אסם (400 גרם)</ItemName>
      <ManufactureName>קבוצת אסם סחר שות. מוגבלת</ManufactureName>
      <ManufactureCountry />
      <ManufactureItemDescription />
      <UnitQty>יח`</UnitQty>
      <Quantity>400</Quantity>
      <UnitMeasure>גרם</UnitMeasure>
      <BisWeighted>0</BisWeighted>
      <QtyInPackage>1</QtyInPackage>
      <ItemPrice>9.90</ItemPrice>
      <UnitOfMeasurePrice>2.48</UnitOfMeasurePrice>
      <AllowDiscount>0</AllowDiscount>
      <itemStatus>1</itemStatus>
      <LastUpdateDate />
      <LastUpdateTime />
    </Product>
    <Product>
      <PriceUpdateDate>2013/11/14 11:51</PriceUpdateDate>
      <ItemCode>7290000076645</ItemCode>
      <ItemType>1</ItemType>
      <ItemName>טוסטעים חיטה מלאה אסם (100 גרם)</ItemName>
      <ManufactureName>קבוצת אסם סחר שות. מוגבלת</ManufactureName>
      <ManufactureCountry />
      <ManufactureItemDescription />
      <UnitQty>יח`</UnitQty>
      <Quantity>100</Quantity>
      <UnitMeasure>גרם</UnitMeasure>
      <BisWeighted>0</BisWeighted>
      <QtyInPackage>1</QtyInPackage>
      <ItemPrice>9.90</ItemPrice>
      <UnitOfMeasurePrice>9.90</UnitOfMeasurePrice>
      <AllowDiscount>0</AllowDiscount>
      <itemStatus>1</itemStatus>
      <LastUpdateDate />
      <LastUpdateTime />
    </Product>
    <Product>
      <PriceUpdateDate>2013/06/09 19:06</PriceUpdateDate>
      <ItemCode>7290000077017</ItemCode>
      <ItemType>1</ItemType>
      <ItemName>קרמוגית משהו שוקולוד</ItemName>
      <ManufactureName>קבוצת אסם סחר שות. מוגבלת</ManufactureName>
      <ManufactureCountry />
      <ManufactureItemDescription />
      <UnitQty>יח`</UnitQty>
      <Quantity>200</Quantity>
      <UnitMeasure>גרם</UnitMeasure>
      <BisWeighted>0</BisWeighted>
      <QtyInPackage>1</QtyInPackage>
      <ItemPrice>11.90</ItemPrice>
      <UnitOfMeasurePrice>5.95</UnitOfMeasurePrice>
      <AllowDiscount>0</AllowDiscount>
      <itemStatus>1</itemStatus>
      <LastUpdateDate />
      <LastUpdateTime />
    </Product>
    <Product>
      <PriceUpdateDate>2014/04/13 13:35</PriceUpdateDate>
      <ItemCode>7290000077253</ItemCode>
      <ItemType>1</ItemType>
      <ItemName>קרקר לחמית כפרית אסם (190 גרם)</ItemName>
      <ManufactureName>קבוצת אסם סחר שות. מוגבלת</ManufactureName>
      <ManufactureCountry />
      <ManufactureItemDescription />
      <UnitQty>יח`</UnitQty>
      <Quantity>190</Quantity>
      <UnitMeasure>גרם</UnitMeasure>
      <BisWeighted>0</BisWeighted>
      <QtyInPackage>1</QtyInPackage>
      <ItemPrice>10.90</ItemPrice>
      <UnitOfMeasurePrice>5.74</UnitOfMeasurePrice>
      <AllowDiscount>1</AllowDiscount>
      <itemStatus>1</itemStatus>
      <LastUpdateDate />
      <LastUpdateTime />
    </Product>
    <Product>
      <PriceUpdateDate>2013/11/14 11:51</PriceUpdateDate>
      <ItemCode>7290000077925</ItemCode>
      <ItemType>1</ItemType>
      <ItemName>טוסטעים צנימים מחיטה מלאה 125 גר`</ItemName>
      <ManufactureName>קבוצת אסם סחר שות. מוגבלת</ManufactureName>
      <ManufactureCountry />
      <ManufactureItemDescription />
      <UnitQty>יח`</UnitQty>
      <Quantity>125</Quantity>
      <UnitMeasure>גרם</UnitMeasure>
      <BisWeighted>0</BisWeighted>
      <QtyInPackage>1</QtyInPackage>
      <ItemPrice>9.90</ItemPrice>
      <UnitOfMeasurePrice>7.92</UnitOfMeasurePrice>
      <AllowDiscount>0</AllowDiscount>
      <itemStatus>1</itemStatus>
      <LastUpdateDate />
      <LastUpdateTime />
    </Product>
    <Product>
      <PriceUpdateDate>2014/11/09 13:55</PriceUpdateDate>
      <ItemCode>7290000078212</ItemCode>
      <ItemType>1</ItemType>
      <ItemName>קרוטונים מתובלים למרק אסם (250 גרם)</ItemName>
      <ManufactureName>קבוצת אסם סחר שות. מוגבלת</ManufactureName>
      <ManufactureCountry />
      <ManufactureItemDescription />
      <UnitQty>יח`</UnitQty>
      <Quantity>250</Quantity>
      <UnitMeasure>גרם</UnitMeasure>
      <BisWeighted>0</BisWeighted>
      <QtyInPackage>1</QtyInPackage>
      <ItemPrice>15.90</ItemPrice>
      <UnitOfMeasurePrice>6.36</UnitOfMeasurePrice>
      <AllowDiscount>0</AllowDiscount>
      <itemStatus>1</itemStatus>
      <LastUpdateDate />
      <LastUpdateTime />
    </Product>
    <Product>
      <PriceUpdateDate>2015/04/12 18:16</PriceUpdateDate>
      <ItemCode>7290000078762</ItemCode>
      <ItemType>1</ItemType>
      <ItemName>פריכונים בדבש מאורז מלא אסם (80 גרם)</ItemName>
      <ManufactureName>קבוצת אסם סחר שות. מוגבלת</ManufactureName>
      <ManufactureCountry />
      <ManufactureItemDescription />
      <UnitQty>יח`</UnitQty>
      <Quantity>80</Quantity>
      <UnitMeasure>גרם</UnitMeasure>
      <BisWeighted>0</BisWeighted>
      <QtyInPackage>1</QtyInPackage>
      <ItemPrice>7.90</ItemPrice>
      <UnitOfMeasurePrice>9.88</UnitOfMeasurePrice>
      <AllowDiscount>0</AllowDiscount>
      <itemStatus>1</itemStatus>
      <LastUpdateDate />
      <LastUpdateTime />
    </Product>
    <Product>
      <PriceUpdateDate>2014/11/09 13:55</PriceUpdateDate>
      <ItemCode>7290000079233</ItemCode>
      <ItemType>1</ItemType>
      <ItemName>קרם קרקר דל נתרן אסם (250 גרם)</ItemName>
      <ManufactureName>קבוצת אסם סחר שות. מוגבלת</ManufactureName>
      <ManufactureCountry />
      <ManufactureItemDescription />
      <UnitQty>יח`</UnitQty>
      <Quantity>250</Quantity>
      <UnitMeasure>גרם</UnitMeasure>
      <BisWeighted>0</BisWeighted>
      <QtyInPackage>1</QtyInPackage>
      <ItemPrice>10.90</ItemPrice>
      <UnitOfMeasurePrice>4.36</UnitOfMeasurePrice>
      <AllowDiscount>1</AllowDiscount>
      <itemStatus>1</itemStatus>
      <LastUpdateDate />
      <LastUpdateTime />
    </Product>
    <Product>
      <PriceUpdateDate>2013/11/14 11:51</PriceUpdateDate>
      <ItemCode>7290000080758</ItemCode>
      <ItemType>1</ItemType>
      <ItemName>פת קלויה טוסטעים אסם (100 גרם)</ItemName>
      <ManufactureName>קבוצת אסם סחר שות. מוגבלת</ManufactureName>
      <ManufactureCountry />
      <ManufactureItemDescription />
      <UnitQty>יח`</UnitQty>
      <Quantity>100</Quantity>
      <UnitMeasure>גרם</UnitMeasure>
      <BisWeighted>0</BisWeighted>
      <QtyInPackage>1</QtyInPackage>
      <ItemPrice>9.90</ItemPrice>
      <UnitOfMeasurePrice>9.90</UnitOfMeasurePrice>
      <AllowDiscount>0</AllowDiscount>
      <itemStatus>1</itemStatus>
      <LastUpdateDate />
      <LastUpdateTime />
    </Product>
    <Product>
      <PriceUpdateDate>2013/11/14 11:51</PriceUpdateDate>
      <ItemCode>7290000080765</ItemCode>
      <ItemType>1</ItemType>
      <ItemName>פת קלויה טוסטעים עם שומשום אסם (100 גרם)</ItemName>
      <ManufactureName>קבוצת אסם סחר שות. מוגבלת</ManufactureName>
      <ManufactureCountry />
      <ManufactureItemDescription />
      <UnitQty>יח`</UnitQty>
      <Quantity>100</Quantity>
      <UnitMeasure>גרם</UnitMeasure>
      <BisWeighted>0</BisWeighted>
      <QtyInPackage>1</QtyInPackage>
      <ItemPrice>9.90</ItemPrice>
      <UnitOfMeasurePrice>9.90</UnitOfMeasurePrice>
      <AllowDiscount>0</AllowDiscount>
      <itemStatus>1</itemStatus>
      <LastUpdateDate />
      <LastUpdateTime />
    </Product>
    <Product>
      <PriceUpdateDate>2015/05/13 08:34</PriceUpdateDate>
      <ItemCode>7290000081663</ItemCode>
      <ItemType>1</ItemType>
      <ItemName>בייגלה טבעות עם שומשום אסם (300 גרם)</ItemName>
      <ManufactureName>קבוצת אסם סחר שות. מוגבלת</ManufactureName>
      <ManufactureCountry />
      <ManufactureItemDescription />
      <UnitQty>יח`</UnitQty>
      <Quantity>300</Quantity>
      <UnitMeasure>גרם</UnitMeasure>
      <BisWeighted>0</BisWeighted>
      <QtyInPackage>1</QtyInPackage>
      <ItemPrice>9.90</ItemPrice>
      <UnitOfMeasurePrice>3.30</UnitOfMeasurePrice>
      <AllowDiscount>0</AllowDiscount>
      <itemStatus>1</itemStatus>
      <LastUpdateDate />
      <LastUpdateTime />
    </Product>
    <Product>
      <PriceUpdateDate>2015/05/28 08:52</PriceUpdateDate>
      <ItemCode>7290000089188</ItemCode>
      <ItemType>1</ItemType>
      <ItemName>פומפדיתא יין אדום מתוק 1 ליטר</ItemName>
      <ManufactureName>ויטה -פרי גליל (החדשה) בעמ</ManufactureName>
      <ManufactureCountry />
      <ManufactureItemDescription />
      <UnitQty>יח`</UnitQty>
      <Quantity>1</Quantity>
      <UnitMeasure>1 ליטר</UnitMeasure>
      <BisWeighted>0</BisWeighted>
      <QtyInPackage>1</QtyInPackage>
      <ItemPrice>17.90</ItemPrice>
      <UnitOfMeasurePrice>17.90</UnitOfMeasurePrice>
      <AllowDiscount>0</AllowDiscount>
      <itemStatus>1</itemStatus>
      <LastUpdateDate />
      <LastUpdateTime />
    </Product>
    <Product>
      <PriceUpdateDate>2018/06/06 10:37</PriceUpdateDate>
      <ItemCode>7290000100128</ItemCode>
      <ItemType>1</ItemType>
      <ItemName>פירות קפואים תות 300 גר` סנפרוסט</ItemName>
      <ManufactureName>תנובה קפואים</ManufactureName>
      <ManufactureCountry />
      <ManufactureItemDescription />
      <UnitQty>יח`</UnitQty>
      <Quantity>300</Quantity>
      <UnitMeasure>גרם</UnitMeasure>
      <BisWeighted>0</BisWeighted>
      <QtyInPackage>1</QtyInPackage>
      <ItemPrice>15.90</ItemPrice>
      <UnitOfMeasurePrice>5.30</UnitOfMeasurePrice>
      <AllowDiscount>1</AllowDiscount>
      <itemStatus>1</itemStatus>
      <LastUpdateDate />
      <LastUpdateTime />
    </Product>
    <Product>
      <PriceUpdateDate>2018/06/06 10:37</PriceUpdateDate>
      <ItemCode>7290000100135</ItemCode>
      <ItemType>1</ItemType>
      <ItemName>פירות קפואים דובדבן 300 גר` סנפרוסט</ItemName>
      <ManufactureName>תנובה קפואים</ManufactureName>
      <ManufactureCountry />
      <ManufactureItemDescription />
      <UnitQty>יח`</UnitQty>
      <Quantity>300</Quantity>
      <UnitMeasure>גרם</UnitMeasure>
      <BisWeighted>0</BisWeighted>
      <QtyInPackage>1</QtyInPackage>
      <ItemPrice>15.90</ItemPrice>
      <UnitOfMeasurePrice>5.30</UnitOfMeasurePrice>
      <AllowDiscount>1</AllowDiscount>
      <itemStatus>1</itemStatus>
      <LastUpdateDate />
      <LastUpdateTime />
    </Product>
    <Product>
      <PriceUpdateDate>2018/05/11 14:04</PriceUpdateDate>
      <ItemCode>7290000100142</ItemCode>
      <ItemType>1</ItemType>
      <ItemName>סמוטיז צהוב 300 גר` SMOOTHIE</ItemName>
      <ManufactureName>תנובה קפואים</ManufactureName>
      <ManufactureCountry />
      <ManufactureItemDescription />
      <UnitQty>יח`</UnitQty>
      <Quantity>300</Quantity>
      <UnitMeasure>גרם</UnitMeasure>
      <BisWeighted>0</BisWeighted>
      <QtyInPackage>1</QtyInPackage>
      <ItemPrice>15.90</ItemPrice>
      <UnitOfMeasurePrice>5.30</UnitOfMeasurePrice>
      <AllowDiscount>1</AllowDiscount>
      <itemStatus>1</itemStatus>
      <LastUpdateDate />
      <LastUpdateTime />
    </Product>
    <Product>
      <PriceUpdateDate>2018/05/11 14:04</PriceUpdateDate>
      <ItemCode>7290000100166</ItemCode>
      <ItemType>1</ItemType>
      <ItemName>סמוטיז אדום 300 גר` SMOOTHIE</ItemName>
      <ManufactureName>תנובה קפואים</ManufactureName>
      <ManufactureCountry />
      <ManufactureItemDescription />
      <UnitQty>יח`</UnitQty>
      <Quantity>300</Quantity>
      <UnitMeasure>גרם</UnitMeasure>
      <BisWeighted>0</BisWeighted>
      <QtyInPackage>1</QtyInPackage>
      <ItemPrice>15.90</ItemPrice>
      <UnitOfMeasurePrice>5.30</UnitOfMeasurePrice>
      <AllowDiscount>1</AllowDiscount>
      <itemStatus>1</itemStatus>
      <LastUpdateDate />
      <LastUpdateTime />
    </Product>
    <Product>
      <PriceUpdateDate>2017/06/26 11:16</PriceUpdateDate>
      <ItemCode>7290000101927</ItemCode>
      <ItemType>1</ItemType>
      <ItemName>אוכמניות כחולות מקופאים 300 גר סנפרוסט</ItemName>
      <ManufactureName>תנובה קפואים</ManufactureName>
      <ManufactureCountry />
      <ManufactureItemDescription />
      <UnitQty>יח`</UnitQty>
      <Quantity>300</Quantity>
      <UnitMeasure>גרם</UnitMeasure>
      <BisWeighted>0</BisWeighted>
      <QtyInPackage>1</QtyInPackage>
      <ItemPrice>15.90</ItemPrice>
      <UnitOfMeasurePrice>5.30</UnitOfMeasurePrice>
      <AllowDiscount>1</AllowDiscount>
      <itemStatus>1</itemStatus>
      <LastUpdateDate />
      <LastUpdateTime />
    </Product>
    <Product>
      <PriceUpdateDate>2017/06/26 11:16</PriceUpdateDate>
      <ItemCode>7290000101934</ItemCode>
      <ItemType>1</ItemType>
      <ItemName>מיקס פירות יער מוקפאים 300 גר סנפרוסט</ItemName>
      <ManufactureName>תנובה קפואים</ManufactureName>
      <ManufactureCountry />
      <ManufactureItemDescription />
      <UnitQty>יח`</UnitQty>
      <Quantity>300</Quantity>
      <UnitMeasure>גרם</UnitMeasure>
      <BisWeighted>0</BisWeighted>
      <QtyInPackage>1</QtyInPackage>
      <ItemPrice>15.90</ItemPrice>
      <UnitOfMeasurePrice>5.30</UnitOfMeasurePrice>
      <AllowDiscount>1</AllowDiscount>
      <itemStatus>1</itemStatus>
      <LastUpdateDate />
      <LastUpdateTime />
    </Product>
    <Product>
      <PriceUpdateDate>2017/06/26 11:16</PriceUpdateDate>
      <ItemCode>7290000101941</ItemCode>
      <ItemType>1</ItemType>
      <ItemName>אננס חתוך מוקפא סנפרוסט (300 גרם)</ItemName>
      <ManufactureName>תנובה קפואים</ManufactureName>
      <ManufactureCountry />
      <ManufactureItemDescription />
      <UnitQty>יח`</UnitQty>
      <Quantity>300</Quantity>
      <UnitMeasure>גרם</UnitMeasure>
      <BisWeighted>0</BisWeighted>
      <QtyInPackage>1</QtyInPackage>
      <ItemPrice>15.90</ItemPrice>
      <UnitOfMeasurePrice>5.30</UnitOfMeasurePrice>
      <AllowDiscount>1</AllowDiscount>
      <itemStatus>1</itemStatus>
      <LastUpdateDate />
      <LastUpdateTime />
    </Product>
    <Product>
      <PriceUpdateDate>2017/06/26 11:16</PriceUpdateDate>
      <ItemCode>7290000101958</ItemCode>
      <ItemType>1</ItemType>
      <ItemName>מנגו חתוך מוקפא סנפרוסט (300 גרם)</ItemName>
      <ManufactureName>תנובה קפואים</ManufactureName>
      <ManufactureCountry />
      <ManufactureItemDescription />
      <UnitQty>יח`</UnitQty>
      <Quantity>300</Quantity>
      <UnitMeasure>גרם</UnitMeasure>
      <BisWeighted>0</BisWeighted>
      <QtyInPackage>1</QtyInPackage>
      <ItemPrice>15.90</ItemPrice>
      <UnitOfMeasurePrice>5.30</UnitOfMeasurePrice>
      <AllowDiscount>1</AllowDiscount>
      <itemStatus>1</itemStatus>
      <LastUpdateDate />
      <LastUpdateTime />
    </Product>
    <Product>
      <PriceUpdateDate>2017/06/26 11:16</PriceUpdateDate>
      <ItemCode>7290000101965</ItemCode>
      <ItemType>1</ItemType>
      <ItemName>פטל שחור מוקפא סנפרוסט (300 גרם)</ItemName>
      <ManufactureName>תנובה קפואים</ManufactureName>
      <ManufactureCountry />
      <ManufactureItemDescription />
      <UnitQty>יח`</UnitQty>
      <Quantity>300</Quantity>
      <UnitMeasure>גרם</UnitMeasure>
      <BisWeighted>0</BisWeighted>
      <QtyInPackage>1</QtyInPackage>
      <ItemPrice>15.90</ItemPrice>
      <UnitOfMeasurePrice>5.30</UnitOfMeasurePrice>
      <AllowDiscount>1</AllowDiscount>
      <itemStatus>1</itemStatus>
      <LastUpdateDate />
      <LastUpdateTime />
    </Product>
    <Product>
      <PriceUpdateDate>2015/05/27 18:21</PriceUpdateDate>
      <ItemCode>7290000103730</ItemCode>
      <ItemType>1</ItemType>
      <ItemName>לקט ירקןת להקפצה עם פסטה 800 גר` סנפרוסט</ItemName>
      <ManufactureName>תנובה קפואים</ManufactureName>
      <ManufactureCountry />
      <ManufactureItemDescription />
      <UnitQty>יח`</UnitQty>
      <Quantity>800</Quantity>
      <UnitMeasure>גרם</UnitMeasure>
      <BisWeighted>0</BisWeighted>
      <QtyInPackage>1</QtyInPackage>
      <ItemPrice>24</ItemPrice>
      <UnitOfMeasurePrice>3</UnitOfMeasurePrice>
      <AllowDiscount>0</AllowDiscount>
      <itemStatus>1</itemStatus>
      <LastUpdateDate />
      <LastUpdateTime />
    </Product>
    <Product>
      <PriceUpdateDate>2016/12/12 08:18</PriceUpdateDate>
      <ItemCode>7290000104072</ItemCode>
      <ItemType>1</ItemType>
      <ItemName>עדשים ירוקות מבושלות סנפרוסט (800 גרם)</ItemName>
      <ManufactureName>תנובה קפואים</ManufactureName>
      <ManufactureCountry />
      <ManufactureItemDescription />
      <UnitQty>יח`</UnitQty>
      <Quantity>800</Quantity>
      <UnitMeasure>גרם</UnitMeasure>
      <BisWeighted>0</BisWeighted>
      <QtyInPackage>1</QtyInPackage>
      <ItemPrice>20.90</ItemPrice>
      <UnitOfMeasurePrice>2.61</UnitOfMeasurePrice>
      <AllowDiscount>0</AllowDiscount>
      <itemStatus>1</itemStatus>
      <LastUpdateDate />
      <LastUpdateTime />
    </Product>
    <Product>
      <PriceUpdateDate>2016/10/09 08:53</PriceUpdateDate>
      <ItemCode>7290000104218</ItemCode>
      <ItemType>1</ItemType>
      <ItemName>במיה 600 גר` סנפרוסט</ItemName>
      <ManufactureName>תנובה קפואים</ManufactureName>
      <ManufactureCountry />
      <ManufactureItemDescription />
      <UnitQty>יח`</UnitQty>
      <Quantity>600</Quantity>
      <UnitMeasure>גרם</UnitMeasure>
      <BisWeighted>0</BisWeighted>
      <QtyInPackage>1</QtyInPackage>
      <ItemPrice>18.90</ItemPrice>
      <UnitOfMeasurePrice>3.15</UnitOfMeasurePrice>
      <AllowDiscount>0</AllowDiscount>
      <itemStatus>1</itemStatus>
      <LastUpdateDate />
      <LastUpdateTime />
    </Product>
    <Product>
      <PriceUpdateDate>2015/05/27 18:21</PriceUpdateDate>
      <ItemCode>7290000104287</ItemCode>
      <ItemType>1</ItemType>
      <ItemName>לקט לפשטידה 800 גר` סנפרוסט</ItemName>
      <ManufactureName>תנובה קפואים</ManufactureName>
      <ManufactureCountry />
      <ManufactureItemDescription />
      <UnitQty>יח`</UnitQty>
      <Quantity>800</Quantity>
      <UnitMeasure>גרם</UnitMeasure>
      <BisWeighted>0</BisWeighted>
      <QtyInPackage>1</QtyInPackage>
      <ItemPrice>20.90</ItemPrice>
      <UnitOfMeasurePrice>2.61</UnitOfMeasurePrice>
      <AllowDiscount>1</AllowDiscount>
      <itemStatus>1</itemStatus>
      <LastUpdateDate />
      <LastUpdateTime />
    </Product>
    <Product>
      <PriceUpdateDate>2019/04/24 12:09</PriceUpdateDate>
      <ItemCode>7290000104676</ItemCode>
      <ItemType>1</ItemType>
      <ItemName>אפונה 800 גר` סנפרוסט</ItemName>
      <ManufactureName>תנובה קפואים</ManufactureName>
      <ManufactureCountry />
      <ManufactureItemDescription />
      <UnitQty>יח`</UnitQty>
      <Quantity>800</Quantity>
      <UnitMeasure>גרם</UnitMeasure>
      <BisWeighted>0</BisWeighted>
      <QtyInPackage>1</QtyInPackage>
      <ItemPrice>15.90</ItemPrice>
      <UnitOfMeasurePrice>1.99</UnitOfMeasurePrice>
      <AllowDiscount>0</AllowDiscount>
      <itemStatus>1</itemStatus>
      <LastUpdateDate />
      <LastUpdateTime />
    </Product>
    <Product>
      <PriceUpdateDate>2016/10/09 08:53</PriceUpdateDate>
      <ItemCode>7290000104690</ItemCode>
      <ItemType>1</ItemType>
      <ItemName>גרעיני תירס מוקפאים סנפרוסט (800 גרם)</ItemName>
      <ManufactureName>תנובה קפואים</ManufactureName>
      <ManufactureCountry />
      <ManufactureItemDescription />
      <UnitQty>יח`</UnitQty>
      <Quantity>800</Quantity>
      <UnitMeasure>גרם</UnitMeasure>
      <BisWeighted>0</BisWeighted>
      <QtyInPackage>1</QtyInPackage>
      <ItemPrice>17.90</ItemPrice>
      <UnitOfMeasurePrice>2.24</UnitOfMeasurePrice>
      <AllowDiscount>1</AllowDiscount>
      <itemStatus>1</itemStatus>
      <LastUpdateDate />
      <LastUpdateTime />
    </Product>
    <Product>
      <PriceUpdateDate>2016/10/09 08:53</PriceUpdateDate>
      <ItemCode>7290000104713</ItemCode>
      <ItemType>1</ItemType>
      <ItemName>פול ירוק 800 גר` סנפרוסט</ItemName>
      <ManufactureName>תנובה קפואים</ManufactureName>
      <ManufactureCountry />
      <ManufactureItemDescription />
      <UnitQty>יח`</UnitQty>
      <Quantity>800</Quantity>
      <UnitMeasure>גרם</UnitMeasure>
      <BisWeighted>0</BisWeighted>
      <QtyInPackage>1</QtyInPackage>
      <ItemPrice>24.90</ItemPrice>
      <UnitOfMeasurePrice>3.11</UnitOfMeasurePrice>
      <AllowDiscount>0</AllowDiscount>
      <itemStatus>1</itemStatus>
      <LastUpdateDate />
      <LastUpdateTime />
    </Product>
    <Product>
      <PriceUpdateDate>2016/12/12 08:18</PriceUpdateDate>
      <ItemCode>7290000104737</ItemCode>
      <ItemType>1</ItemType>
      <ItemName>שעועית צהובה 800 גר` סנפרוסט</ItemName>
      <ManufactureName>תנובה קפואים</ManufactureName>
      <ManufactureCountry />
      <ManufactureItemDescription />
      <UnitQty>יח`</UnitQty>
      <Quantity>800</Quantity>
      <UnitMeasure>גרם</UnitMeasure>
      <BisWeighted>0</BisWeighted>
      <QtyInPackage>1</QtyInPackage>
      <ItemPrice>19.90</ItemPrice>
      <UnitOfMeasurePrice>2.49</UnitOfMeasurePrice>
      <AllowDiscount>1</AllowDiscount>
      <itemStatus>1</itemStatus>
      <LastUpdateDate />
      <LastUpdateTime />
    </Product>
    <Product>
      <PriceUpdateDate>2016/10/09 08:53</PriceUpdateDate>
      <ItemCode>7290000104744</ItemCode>
      <ItemType>1</ItemType>
      <ItemName>כרובית מוקפאת סנפרוסט (800 גרם)</ItemName>
      <ManufactureName>תנובה קפואים</ManufactureName>
      <ManufactureCountry />
      <ManufactureItemDescription />
      <UnitQty>יח`</UnitQty>
      <Quantity>800</Quantity>
      <UnitMeasure>גרם</UnitMeasure>
      <BisWeighted>0</BisWeighted>
      <QtyInPackage>1</QtyInPackage>
      <ItemPrice>25</ItemPrice>
      <UnitOfMeasurePrice>3.13</UnitOfMeasurePrice>
      <AllowDiscount>0</AllowDiscount>
      <itemStatus>1</itemStatus>
      <LastUpdateDate />
      <LastUpdateTime />
    </Product>
    <Product>
      <PriceUpdateDate>2016/10/09 08:53</PriceUpdateDate>
      <ItemCode>7290000104751</ItemCode>
      <ItemType>1</ItemType>
      <ItemName>כרוב ניצנים סנפרוסט (800 גרם)</ItemName>
      <ManufactureName>תנובה קפואים</ManufactureName>
      <ManufactureCountry />
      <ManufactureItemDescription />
      <UnitQty>יח`</UnitQty>
      <Quantity>800</Quantity>
      <UnitMeasure>גרם</UnitMeasure>
      <BisWeighted>0</BisWeighted>
      <QtyInPackage>1</QtyInPackage>
      <ItemPrice>25</ItemPrice>
      <UnitOfMeasurePrice>3.13</UnitOfMeasurePrice>
      <AllowDiscount>0</AllowDiscount>
      <itemStatus>1</itemStatus>
      <LastUpdateDate />
      <LastUpdateTime />
    </Product>
    <Product>
      <PriceUpdateDate>2016/10/09 08:53</PriceUpdateDate>
      <ItemCode>7290000104768</ItemCode>
      <ItemType>1</ItemType>
      <ItemName>עלי תרד סנפרוסט (800 גרם)</ItemName>
      <ManufactureName>תנובה קפואים</ManufactureName>
      <ManufactureCountry />
      <ManufactureItemDescription />
      <UnitQty>יח`</UnitQty>
      <Quantity>800</Quantity>
      <UnitMeasure>גרם</UnitMeasure>
      <BisWeighted>0</BisWeighted>
      <QtyInPackage>1</QtyInPackage>
      <ItemPrice>26</ItemPrice>
      <UnitOfMeasurePrice>3.25</UnitOfMeasurePrice>
      <AllowDiscount>1</AllowDiscount>
      <itemStatus>1</itemStatus>
      <LastUpdateDate />
      <LastUpdateTime />
    </Product>
    <Product>
      <PriceUpdateDate>2016/10/09 08:53</PriceUpdateDate>
      <ItemCode>7290000104775</ItemCode>
      <ItemType>1</ItemType>
      <ItemName>מדליוני תרד סנפרוסט (800 גרם)</ItemName>
      <ManufactureName>תנובה קפואים</ManufactureName>
      <ManufactureCountry />
      <ManufactureItemDescription />
      <UnitQty>יח`</UnitQty>
      <Quantity>800</Quantity>
      <UnitMeasure>גרם</UnitMeasure>
      <BisWeighted>0</BisWeighted>
      <QtyInPackage>1</QtyInPackage>
      <ItemPrice>26</ItemPrice>
      <UnitOfMeasurePrice>3.25</UnitOfMeasurePrice>
      <AllowDiscount>1</AllowDiscount>
      <itemStatus>1</itemStatus>
      <LastUpdateDate />
      <LastUpdateTime />
    </Product>
    <Product>
      <PriceUpdateDate>2017/01/02 10:15</PriceUpdateDate>
      <ItemCode>7290000104799</ItemCode>
      <ItemType>1</ItemType>
      <ItemName>שעועית לבנה מבושלת סנפרוסט (800 גרם)</ItemName>
      <ManufactureName>תנובה קפואים</ManufactureName>
      <ManufactureCountry />
      <ManufactureItemDescription />
      <UnitQty>יח`</UnitQty>
      <Quantity>800</Quantity>
      <UnitMeasure>גרם</UnitMeasure>
      <BisWeighted>0</BisWeighted>
      <QtyInPackage>1</QtyInPackage>
      <ItemPrice>19.90</ItemPrice>
      <UnitOfMeasurePrice>2.49</UnitOfMeasurePrice>
      <AllowDiscount>1</AllowDiscount>
      <itemStatus>1</itemStatus>
      <LastUpdateDate />
      <LastUpdateTime />
    </Product>
    <Product>
      <PriceUpdateDate>2016/12/12 08:18</PriceUpdateDate>
      <ItemCode>7290000104805</ItemCode>
      <ItemType>1</ItemType>
      <ItemName>גרגרי חומוס מבושלים סנפרוסט (800 גרם)</ItemName>
      <ManufactureName>תנובה קפואים</ManufactureName>
      <ManufactureCountry />
      <ManufactureItemDescription />
      <UnitQty>יח`</UnitQty>
      <Quantity>800</Quantity>
      <UnitMeasure>גרם</UnitMeasure>
      <BisWeighted>0</BisWeighted>
      <QtyInPackage>1</QtyInPackage>
      <ItemPrice>19.90</ItemPrice>
      <UnitOfMeasurePrice>2.49</UnitOfMeasurePrice>
      <AllowDiscount>1</AllowDiscount>
      <itemStatus>1</itemStatus>
      <LastUpdateDate />
      <LastUpdateTime />
    </Product>
    <Product>
      <PriceUpdateDate>2015/04/29 15:24</PriceUpdateDate>
      <ItemCode>7290000104829</ItemCode>
      <ItemType>1</ItemType>
      <ItemName>קלחוני תירס 1 קג סנפרוסט</ItemName>
      <ManufactureName>תנובה קפואים</ManufactureName>
      <ManufactureCountry />
      <ManufactureItemDescription />
      <UnitQty>יח`</UnitQty>
      <Quantity>1</Quantity>
      <UnitMeasure>ק"ג</UnitMeasure>
      <BisWeighted>0</BisWeighted>
      <QtyInPackage>1</QtyInPackage>
      <ItemPrice>21</ItemPrice>
      <UnitOfMeasurePrice>21</UnitOfMeasurePrice>
      <AllowDiscount>1</AllowDiscount>
      <itemStatus>1</itemStatus>
      <LastUpdateDate />
      <LastUpdateTime />
    </Product>
    <Product>
      <PriceUpdateDate>2015/05/27 18:21</PriceUpdateDate>
      <ItemCode>7290000104874</ItemCode>
      <ItemType>1</ItemType>
      <ItemName>לקט מוקפא לקוסקוס סנפרוסט (800 גרם)</ItemName>
      <ManufactureName>תנובה קפואים</ManufactureName>
      <ManufactureCountry />
      <ManufactureItemDescription />
      <UnitQty>יח`</UnitQty>
      <Quantity>800</Quantity>
      <UnitMeasure>גרם</UnitMeasure>
      <BisWeighted>0</BisWeighted>
      <QtyInPackage>1</QtyInPackage>
      <ItemPrice>23</ItemPrice>
      <UnitOfMeasurePrice>2.88</UnitOfMeasurePrice>
      <AllowDiscount>0</AllowDiscount>
      <itemStatus>1</itemStatus>
      <LastUpdateDate />
      <LastUpdateTime />
    </Product>
    <Product>
      <PriceUpdateDate>2015/05/27 18:21</PriceUpdateDate>
      <ItemCode>7290000104881</ItemCode>
      <ItemType>1</ItemType>
      <ItemName>לקט אפונה וגזר מוקפאים סנפרוסט (800 גרם)</ItemName>
      <ManufactureName>תנובה קפואים</ManufactureName>
      <ManufactureCountry />
      <ManufactureItemDescription />
      <UnitQty>יח`</UnitQty>
      <Quantity>800</Quantity>
      <UnitMeasure>גרם</UnitMeasure>
      <BisWeighted>0</BisWeighted>
      <QtyInPackage>1</QtyInPackage>
      <ItemPrice>16.90</ItemPrice>
      <UnitOfMeasurePrice>2.11</UnitOfMeasurePrice>
      <AllowDiscount>1</AllowDiscount>
      <itemStatus>1</itemStatus>
      <LastUpdateDate />
      <LastUpdateTime />
    </Product>
    <Product>
      <PriceUpdateDate>2015/05/27 18:21</PriceUpdateDate>
      <ItemCode>7290000104904</ItemCode>
      <ItemType>1</ItemType>
      <ItemName>לקט ירקות מעורבים 800  גר`סנפרוסט</ItemName>
      <ManufactureName>תנובה קפואים</ManufactureName>
      <ManufactureCountry />
      <ManufactureItemDescription />
      <UnitQty>יח`</UnitQty>
      <Quantity>800</Quantity>
      <UnitMeasure>גרם</UnitMeasure>
      <BisWeighted>0</BisWeighted>
      <QtyInPackage>1</QtyInPackage>
      <ItemPrice>23</ItemPrice>
      <UnitOfMeasurePrice>2.88</UnitOfMeasurePrice>
      <AllowDiscount>0</AllowDiscount>
      <itemStatus>1</itemStatus>
      <LastUpdateDate />
      <LastUpdateTime />
    </Product>
    <Product>
      <PriceUpdateDate>2019/10/29 07:44</PriceUpdateDate>
      <ItemCode>7290000104911</ItemCode>
      <ItemType>1</ItemType>
      <ItemName>לקט נורמנדי מוקפא סנפרוסט (800 גרם)</ItemName>
      <ManufactureName>תנובה קפואים</ManufactureName>
      <ManufactureCountry />
      <ManufactureItemDescription />
      <UnitQty>יח`</UnitQty>
      <Quantity>800</Quantity>
      <UnitMeasure>גרם</UnitMeasure>
      <BisWeighted>0</BisWeighted>
      <QtyInPackage>1</QtyInPackage>
      <ItemPrice>16.90</ItemPrice>
      <UnitOfMeasurePrice>2.11</UnitOfMeasurePrice>
      <AllowDiscount>1</AllowDiscount>
      <itemStatus>1</itemStatus>
      <LastUpdateDate />
      <LastUpdateTime />
    </Product>
    <Product>
      <PriceUpdateDate>2019/06/12 14:19</PriceUpdateDate>
      <ItemCode>7290000106526</ItemCode>
      <ItemType>1</ItemType>
      <ItemName>חגיגה ירוקה להקפצה 800 גר` סנפרוסט</ItemName>
      <ManufactureName>תנובה קפואים</ManufactureName>
      <ManufactureCountry />
      <ManufactureItemDescription />
      <UnitQty>יח`</UnitQty>
      <Quantity>800</Quantity>
      <UnitMeasure>גרם</UnitMeasure>
      <BisWeighted>0</BisWeighted>
      <QtyInPackage>1</QtyInPackage>
      <ItemPrice>24</ItemPrice>
      <UnitOfMeasurePrice>3</UnitOfMeasurePrice>
      <AllowDiscount>0</AllowDiscount>
      <itemStatus>1</itemStatus>
      <LastUpdateDate />
      <LastUpdateTime />
    </Product>
    <Product>
      <PriceUpdateDate>2019/06/23 08:24</PriceUpdateDate>
      <ItemCode>7290000106533</ItemCode>
      <ItemType>1</ItemType>
      <ItemName>קינואה עדשים וירקות 800 גר` סנפרוסט</ItemName>
      <ManufactureName>תנובה קפואים</ManufactureName>
      <ManufactureCountry />
      <ManufactureItemDescription />
      <UnitQty>יח`</UnitQty>
      <Quantity>800</Quantity>
      <UnitMeasure>גרם</UnitMeasure>
      <BisWeighted>0</BisWeighted>
      <QtyInPackage>1</QtyInPackage>
      <ItemPrice>23</ItemPrice>
      <UnitOfMeasurePrice>2.88</UnitOfMeasurePrice>
      <AllowDiscount>0</AllowDiscount>
      <itemStatus>1</itemStatus>
      <LastUpdateDate />
      <LastUpdateTime />
    </Product>
    <Product>
      <PriceUpdateDate>2015/04/12 14:48</PriceUpdateDate>
      <ItemCode>7290000107165</ItemCode>
      <ItemType>1</ItemType>
      <ItemName>חטיף סויה אדממה סנפרוסט (400 גרם)</ItemName>
      <ManufactureName>תנובה קפואים</ManufactureName>
      <ManufactureCountry />
      <ManufactureItemDescription />
      <UnitQty>יח`</UnitQty>
      <Quantity>400</Quantity>
      <UnitMeasure>גרם</UnitMeasure>
      <BisWeighted>0</BisWeighted>
      <QtyInPackage>1</QtyInPackage>
      <ItemPrice>14</ItemPrice>
      <UnitOfMeasurePrice>3.50</UnitOfMeasurePrice>
      <AllowDiscount>0</AllowDiscount>
      <itemStatus>1</itemStatus>
      <LastUpdateDate />
      <LastUpdateTime />
    </Product>
    <Product>
      <PriceUpdateDate>2015/04/12 14:48</PriceUpdateDate>
      <ItemCode>7290000107189</ItemCode>
      <ItemType>1</ItemType>
      <ItemName>תחתיות ארטישוק סנפרוסט (400 גרם)</ItemName>
      <ManufactureName>תנובה קפואים</ManufactureName>
      <ManufactureCountry />
      <ManufactureItemDescription />
      <UnitQty>יח`</UnitQty>
      <Quantity>400</Quantity>
      <UnitMeasure>גרם</UnitMeasure>
      <BisWeighted>0</BisWeighted>
      <QtyInPackage>1</QtyInPackage>
      <ItemPrice>22.90</ItemPrice>
      <UnitOfMeasurePrice>5.73</UnitOfMeasurePrice>
      <AllowDiscount>1</AllowDiscount>
      <itemStatus>1</itemStatus>
      <LastUpdateDate />
      <LastUpdateTime />
    </Product>
    <Product>
      <PriceUpdateDate>2016/10/09 08:53</PriceUpdateDate>
      <ItemCode>7290000107295</ItemCode>
      <ItemType>1</ItemType>
      <ItemName>ברוקולי סנפרוסט (800 גרם)</ItemName>
      <ManufactureName>תנובה קפואים</ManufactureName>
      <ManufactureCountry />
      <ManufactureItemDescription />
      <UnitQty>יח`</UnitQty>
      <Quantity>800</Quantity>
      <UnitMeasure>גרם</UnitMeasure>
      <BisWeighted>0</BisWeighted>
      <QtyInPackage>1</QtyInPackage>
      <ItemPrice>24.90</ItemPrice>
      <UnitOfMeasurePrice>3.11</UnitOfMeasurePrice>
      <AllowDiscount>1</AllowDiscount>
      <itemStatus>1</itemStatus>
      <LastUpdateDate />
      <LastUpdateTime />
    </Product>
    <Product>
      <PriceUpdateDate>2019/06/23 08:24</PriceUpdateDate>
      <ItemCode>7290000107615</ItemCode>
      <ItemType>1</ItemType>
      <ItemName>מנה אסייטית צבעונית ועשירה 800 גר` סנפרו</ItemName>
      <ManufactureName>תנובה קפואים</ManufactureName>
      <ManufactureCountry />
      <ManufactureItemDescription />
      <UnitQty>יח`</UnitQty>
      <Quantity>800</Quantity>
      <UnitMeasure>גרם</UnitMeasure>
      <BisWeighted>0</BisWeighted>
      <QtyInPackage>1</QtyInPackage>
      <ItemPrice>23</ItemPrice>
      <UnitOfMeasurePrice>2.88</UnitOfMeasurePrice>
      <AllowDiscount>0</AllowDiscount>
      <itemStatus>1</itemStatus>
      <LastUpdateDate />
      <LastUpdateTime />
    </Product>
    <Product>
      <PriceUpdateDate>2019/06/23 08:24</PriceUpdateDate>
      <ItemCode>7290000107622</ItemCode>
      <ItemType>1</ItemType>
      <ItemName>פסטה וירקות אל איטליה 800 גר` סנפרוסט</ItemName>
      <ManufactureName>תנובה קפואים</ManufactureName>
      <ManufactureCountry />
      <ManufactureItemDescription />
      <UnitQty>יח`</UnitQty>
      <Quantity>800</Quantity>
      <UnitMeasure>גרם</UnitMeasure>
      <BisWeighted>0</BisWeighted>
      <QtyInPackage>1</QtyInPackage>
      <ItemPrice>23</ItemPrice>
      <UnitOfMeasurePrice>2.88</UnitOfMeasurePrice>
      <AllowDiscount>0</AllowDiscount>
      <itemStatus>1</itemStatus>
      <LastUpdateDate />
      <LastUpdateTime />
    </Product>
    <Product>
      <PriceUpdateDate>2016/10/30 08:39</PriceUpdateDate>
      <ItemCode>7290000107677</ItemCode>
      <ItemType>1</ItemType>
      <ItemName>שעועית צהובה עדינה שלמה 600  גר`סנפרוסט</ItemName>
      <ManufactureName>תנובה קפואים</ManufactureName>
      <ManufactureCountry />
      <ManufactureItemDescription />
      <UnitQty>יח`</UnitQty>
      <Quantity>600</Quantity>
      <UnitMeasure>גרם</UnitMeasure>
      <BisWeighted>0</BisWeighted>
      <QtyInPackage>1</QtyInPackage>
      <ItemPrice>23</ItemPrice>
      <UnitOfMeasurePrice>3.83</UnitOfMeasurePrice>
      <AllowDiscount>0</AllowDiscount>
      <itemStatus>1</itemStatus>
      <LastUpdateDate />
      <LastUpdateTime />
    </Product>
    <Product>
      <PriceUpdateDate>2018/02/05 10:23</PriceUpdateDate>
      <ItemCode>7290000110844</ItemCode>
      <ItemType>1</ItemType>
      <ItemName>כיפלי 70 גר` גריל</ItemName>
      <ManufactureName>יוניליוור ישראל שיווק בעמ</ManufactureName>
      <ManufactureCountry />
      <ManufactureItemDescription />
      <UnitQty>יח`</UnitQty>
      <Quantity>70</Quantity>
      <UnitMeasure>גרם</UnitMeasure>
      <BisWeighted>0</BisWeighted>
      <QtyInPackage>1</QtyInPackage>
      <ItemPrice>5.90</ItemPrice>
      <UnitOfMeasurePrice>8.43</UnitOfMeasurePrice>
      <AllowDiscount>1</AllowDiscount>
      <itemStatus>1</itemStatus>
      <LastUpdateDate />
      <LastUpdateTime />
    </Product>
    <Product>
      <PriceUpdateDate>2019/11/25 10:09</PriceUpdateDate>
      <ItemCode>7290000110851</ItemCode>
      <ItemType>1</ItemType>
      <ItemName>כיפלי חטיף בטעם בצל מהדרין תלמה (70 גרם)</ItemName>
      <ManufactureName>יוניליוור ישראל שיווק בעמ</ManufactureName>
      <ManufactureCountry />
      <ManufactureItemDescription />
      <UnitQty>יח`</UnitQty>
      <Quantity>70</Quantity>
      <UnitMeasure>גרם</UnitMeasure>
      <BisWeighted>0</BisWeighted>
      <QtyInPackage>1</QtyInPackage>
      <ItemPrice>5.90</ItemPrice>
      <UnitOfMeasurePrice>8.43</UnitOfMeasurePrice>
      <AllowDiscount>1</AllowDiscount>
      <itemStatus>1</itemStatus>
      <LastUpdateDate />
      <LastUpdateTime />
    </Product>
    <Product>
      <PriceUpdateDate>2015/01/13 10:53</PriceUpdateDate>
      <ItemCode>7290000111063</ItemCode>
      <ItemType>1</ItemType>
      <ItemName>מיונז אמיתי תלמה (250 גרם)</ItemName>
      <ManufactureName>יוניליוור ישראל שיווק בעמ</ManufactureName>
      <ManufactureCountry />
      <ManufactureItemDescription />
      <UnitQty>יח`</UnitQty>
      <Quantity>250</Quantity>
      <UnitMeasure>גרם</UnitMeasure>
      <BisWeighted>0</BisWeighted>
      <QtyInPackage>1</QtyInPackage>
      <ItemPrice>5.90</ItemPrice>
      <UnitOfMeasurePrice>2.36</UnitOfMeasurePrice>
      <AllowDiscount>0</AllowDiscount>
      <itemStatus>1</itemStatus>
      <LastUpdateDate />
      <LastUpdateTime />
    </Product>
    <Product>
      <PriceUpdateDate>2019/08/18 06:57</PriceUpdateDate>
      <ItemCode>7290000111117</ItemCode>
      <ItemType>1</ItemType>
      <ItemName>מרכך כביסה לבן בדין (4 ליטר)</ItemName>
      <ManufactureName>יוניליוור ישראל שיווק בעמ</ManufactureName>
      <ManufactureCountry />
      <ManufactureItemDescription />
      <UnitQty>יח`</UnitQty>
      <Quantity>4</Quantity>
      <UnitMeasure>1 ליטר</UnitMeasure>
      <BisWeighted>0</BisWeighted>
      <QtyInPackage>1</QtyInPackage>
      <ItemPrice>19.90</ItemPrice>
      <UnitOfMeasurePrice>4.98</UnitOfMeasurePrice>
      <AllowDiscount>0</AllowDiscount>
      <itemStatus>1</itemStatus>
      <LastUpdateDate />
      <LastUpdateTime />
    </Product>
    <Product>
      <PriceUpdateDate>2019/07/17 12:53</PriceUpdateDate>
      <ItemCode>7290000111186</ItemCode>
      <ItemType>1</ItemType>
      <ItemName>מיונז אמיתי תלמה (500 גרם)</ItemName>
      <ManufactureName>יוניליוור ישראל שיווק בעמ</ManufactureName>
      <ManufactureCountry />
      <ManufactureItemDescription />
      <UnitQty>יח`</UnitQty>
      <Quantity>500</Quantity>
      <UnitMeasure>גרם</UnitMeasure>
      <BisWeighted>0</BisWeighted>
      <QtyInPackage>1</QtyInPackage>
      <ItemPrice>9.90</ItemPrice>
      <UnitOfMeasurePrice>1.98</UnitOfMeasurePrice>
      <AllowDiscount>0</AllowDiscount>
      <itemStatus>1</itemStatus>
      <LastUpdateDate />
      <LastUpdateTime />
    </Product>
    <Product>
      <PriceUpdateDate>2019/08/05 09:27</PriceUpdateDate>
      <ItemCode>7290000111353</ItemCode>
      <ItemType>1</ItemType>
      <ItemName>מיונז אמיתי תלמה (1 קג)</ItemName>
      <ManufactureName>יוניליוור ישראל שיווק בעמ</ManufactureName>
      <ManufactureCountry />
      <ManufactureItemDescription />
      <UnitQty>יח`</UnitQty>
      <Quantity>1</Quantity>
      <UnitMeasure>ק"ג</UnitMeasure>
      <BisWeighted>0</BisWeighted>
      <QtyInPackage>1</QtyInPackage>
      <ItemPrice>17.90</ItemPrice>
      <UnitOfMeasurePrice>17.90</UnitOfMeasurePrice>
      <AllowDiscount>0</AllowDiscount>
      <itemStatus>1</itemStatus>
      <LastUpdateDate />
      <LastUpdateTime />
    </Product>
    <Product>
      <PriceUpdateDate>2015/12/01 10:59</PriceUpdateDate>
      <ItemCode>7290000111360</ItemCode>
      <ItemType>1</ItemType>
      <ItemName>חרדל אמיתי תלמה (250 גרם)</ItemName>
      <ManufactureName>יוניליוור ישראל שיווק בעמ</ManufactureName>
      <ManufactureCountry />
      <ManufactureItemDescription />
      <UnitQty>יח`</UnitQty>
      <Quantity>250</Quantity>
      <UnitMeasure>גרם</UnitMeasure>
      <BisWeighted>0</BisWeighted>
      <QtyInPackage>1</QtyInPackage>
      <ItemPrice>6.90</ItemPrice>
      <UnitOfMeasurePrice>2.76</UnitOfMeasurePrice>
      <AllowDiscount>0</AllowDiscount>
      <itemStatus>1</itemStatus>
      <LastUpdateDate />
      <LastUpdateTime />
    </Product>
    <Product>
      <PriceUpdateDate>2015/12/20 09:26</PriceUpdateDate>
      <ItemCode>7290000112237</ItemCode>
      <ItemType>1</ItemType>
      <ItemName>טחינה 100% שומשום טהור בארכה (1 קג)</ItemName>
      <ManufactureName>קבוצת אסם סחר שות. מוגבלת</ManufactureName>
      <ManufactureCountry />
      <ManufactureItemDescription />
      <UnitQty>יח`</UnitQty>
      <Quantity>1000</Quantity>
      <UnitMeasure>גרם</UnitMeasure>
      <BisWeighted>0</BisWeighted>
      <QtyInPackage>1</QtyInPackage>
      <ItemPrice>24.90</ItemPrice>
      <UnitOfMeasurePrice>2.49</UnitOfMeasurePrice>
      <AllowDiscount>0</AllowDiscount>
      <itemStatus>1</itemStatus>
      <LastUpdateDate />
      <LastUpdateTime />
    </Product>
    <Product>
      <PriceUpdateDate>2017/10/30 08:21</PriceUpdateDate>
      <ItemCode>7290000112619</ItemCode>
      <ItemType>1</ItemType>
      <ItemName>מרק עוף אמיתי בשרי קנור (400 גרם)</ItemName>
      <ManufactureName>יוניליוור ישראל שיווק בעמ</ManufactureName>
      <ManufactureCountry />
      <ManufactureItemDescription />
      <UnitQty>יח`</UnitQty>
      <Quantity>400</Quantity>
      <UnitMeasure>גרם</UnitMeasure>
      <BisWeighted>0</BisWeighted>
      <QtyInPackage>1</QtyInPackage>
      <ItemPrice>25.90</ItemPrice>
      <UnitOfMeasurePrice>6.48</UnitOfMeasurePrice>
      <AllowDiscount>1</AllowDiscount>
      <itemStatus>1</itemStatus>
      <LastUpdateDate />
      <LastUpdateTime />
    </Product>
    <Product>
      <PriceUpdateDate>2018/02/05 10:23</PriceUpdateDate>
      <ItemCode>7290000113180</ItemCode>
      <ItemType>1</ItemType>
      <ItemName>כיפלי צ`יפסים מהדרין תלמה (50 גרם)</ItemName>
      <ManufactureName>יוניליוור ישראל שיווק בעמ</ManufactureName>
      <ManufactureCountry />
      <ManufactureItemDescription />
      <UnitQty>יח`</UnitQty>
      <Quantity>50</Quantity>
      <UnitMeasure>גרם</UnitMeasure>
      <BisWeighted>0</BisWeighted>
      <QtyInPackage>1</QtyInPackage>
      <ItemPrice>5.90</ItemPrice>
      <UnitOfMeasurePrice>11.80</UnitOfMeasurePrice>
      <AllowDiscount>1</AllowDiscount>
      <itemStatus>1</itemStatus>
      <LastUpdateDate />
      <LastUpdateTime />
    </Product>
    <Product>
      <PriceUpdateDate>2018/02/05 10:23</PriceUpdateDate>
      <ItemCode>7290000113203</ItemCode>
      <ItemType>1</ItemType>
      <ItemName>כיפלי צ`יפסים קטשופ תלמה (50 גרם)</ItemName>
      <ManufactureName>יוניליוור ישראל שיווק בעמ</ManufactureName>
      <ManufactureCountry />
      <ManufactureItemDescription />
      <UnitQty>יח`</UnitQty>
      <Quantity>50</Quantity>
      <UnitMeasure>גרם</UnitMeasure>
      <BisWeighted>0</BisWeighted>
      <QtyInPackage>1</QtyInPackage>
      <ItemPrice>5.90</ItemPrice>
      <UnitOfMeasurePrice>11.80</UnitOfMeasurePrice>
      <AllowDiscount>1</AllowDiscount>
      <itemStatus>1</itemStatus>
      <LastUpdateDate />
      <LastUpdateTime />
    </Product>
    <Product>
      <PriceUpdateDate>2014/09/16 12:24</PriceUpdateDate>
      <ItemCode>7290000114118</ItemCode>
      <ItemType>1</ItemType>
      <ItemName>סובין שיבולת שועל תלמה (400 גרם)</ItemName>
      <ManufactureName>יוניליוור ישראל שיווק בעמ</ManufactureName>
      <ManufactureCountry />
      <ManufactureItemDescription />
      <UnitQty>יח`</UnitQty>
      <Quantity>400</Quantity>
      <UnitMeasure>גרם</UnitMeasure>
      <BisWeighted>0</BisWeighted>
      <QtyInPackage>1</QtyInPackage>
      <ItemPrice>22.90</ItemPrice>
      <UnitOfMeasurePrice>5.73</UnitOfMeasurePrice>
      <AllowDiscount>1</AllowDiscount>
      <itemStatus>1</itemStatus>
      <LastUpdateDate />
      <LastUpdateTime />
    </Product>
    <Product>
      <PriceUpdateDate>2014/09/16 12:24</PriceUpdateDate>
      <ItemCode>7290000114255</ItemCode>
      <ItemType>1</ItemType>
      <ItemName>שיבולת שועל תלמה (500 גרם)</ItemName>
      <ManufactureName>יוניליוור ישראל שיווק בעמ</ManufactureName>
      <ManufactureCountry />
      <ManufactureItemDescription />
      <UnitQty>יח`</UnitQty>
      <Quantity>500</Quantity>
      <UnitMeasure>גרם</UnitMeasure>
      <BisWeighted>0</BisWeighted>
      <QtyInPackage>1</QtyInPackage>
      <ItemPrice>13.90</ItemPrice>
      <UnitOfMeasurePrice>2.78</UnitOfMeasurePrice>
      <AllowDiscount>1</AllowDiscount>
      <itemStatus>1</itemStatus>
      <LastUpdateDate />
      <LastUpdateTime />
    </Product>
    <Product>
      <PriceUpdateDate>2017/06/06 08:30</PriceUpdateDate>
      <ItemCode>7290000116204</ItemCode>
      <ItemType>1</ItemType>
      <ItemName>מרק דגש זך טעם עוף קנור (1 קג)</ItemName>
      <ManufactureName>יוניליוור ישראל שיווק בעמ</ManufactureName>
      <ManufactureCountry />
      <ManufactureItemDescription />
      <UnitQty>יח`</UnitQty>
      <Quantity>1000</Quantity>
      <UnitMeasure>גרם</UnitMeasure>
      <BisWeighted>0</BisWeighted>
      <QtyInPackage>1</QtyInPackage>
      <ItemPrice>17.90</ItemPrice>
      <UnitOfMeasurePrice>1.79</UnitOfMeasurePrice>
      <AllowDiscount>1</AllowDiscount>
      <itemStatus>1</itemStatus>
      <LastUpdateDate />
      <LastUpdateTime />
    </Product>
    <Product>
      <PriceUpdateDate>2015/06/29 11:11</PriceUpdateDate>
      <ItemCode>7290000116884</ItemCode>
      <ItemType>1</ItemType>
      <ItemName>רוטב ברביקיו קנור (300 מל)</ItemName>
      <ManufactureName>יוניליוור ישראל שיווק בעמ</ManufactureName>
      <ManufactureCountry />
      <ManufactureItemDescription />
      <UnitQty>יח`</UnitQty>
      <Quantity>200</Quantity>
      <UnitMeasure>מ"ל</UnitMeasure>
      <BisWeighted>0</BisWeighted>
      <QtyInPackage>1</QtyInPackage>
      <ItemPrice>12.90</ItemPrice>
      <UnitOfMeasurePrice>6.45</UnitOfMeasurePrice>
      <AllowDiscount>1</AllowDiscount>
      <itemStatus>1</itemStatus>
      <LastUpdateDate />
      <LastUpdateTime />
    </Product>
    <Product>
      <PriceUpdateDate>2015/06/29 11:11</PriceUpdateDate>
      <ItemCode>7290000116921</ItemCode>
      <ItemType>1</ItemType>
      <ItemName>רוטב צ`ילי מתוק קנור (300 מל)</ItemName>
      <ManufactureName>יוניליוור ישראל שיווק בעמ</ManufactureName>
      <ManufactureCountry />
      <ManufactureItemDescription />
      <UnitQty>יח`</UnitQty>
      <Quantity>340</Quantity>
      <UnitMeasure>מ"ל</UnitMeasure>
      <BisWeighted>0</BisWeighted>
      <QtyInPackage>1</QtyInPackage>
      <ItemPrice>12.90</ItemPrice>
      <UnitOfMeasurePrice>3.79</UnitOfMeasurePrice>
      <AllowDiscount>1</AllowDiscount>
      <itemStatus>1</itemStatus>
      <LastUpdateDate />
      <LastUpdateTime />
    </Product>
    <Product>
      <PriceUpdateDate>2015/06/29 11:11</PriceUpdateDate>
      <ItemCode>7290000116945</ItemCode>
      <ItemType>1</ItemType>
      <ItemName>רוטב סויה קלאסי קנור (300 מל)</ItemName>
      <ManufactureName>יוניליוור ישראל שיווק בעמ</ManufactureName>
      <ManufactureCountry />
      <ManufactureItemDescription />
      <UnitQty>יח`</UnitQty>
      <Quantity>300</Quantity>
      <UnitMeasure>מ"ל</UnitMeasure>
      <BisWeighted>0</BisWeighted>
      <QtyInPackage>1</QtyInPackage>
      <ItemPrice>13.90</ItemPrice>
      <UnitOfMeasurePrice>4.63</UnitOfMeasurePrice>
      <AllowDiscount>0</AllowDiscount>
      <itemStatus>1</itemStatus>
      <LastUpdateDate />
      <LastUpdateTime />
    </Product>
    <Product>
      <PriceUpdateDate>2015/01/13 10:53</PriceUpdateDate>
      <ItemCode>7290000117171</ItemCode>
      <ItemType>1</ItemType>
      <ItemName>נמס בכוס מרק עוף דל קל</ItemName>
      <ManufactureName>יוניליוור ישראל שיווק בעמ</ManufactureName>
      <ManufactureCountry />
      <ManufactureItemDescription />
      <UnitQty>יח`</UnitQty>
      <Quantity>46</Quantity>
      <UnitMeasure>גרם</UnitMeasure>
      <BisWeighted>0</BisWeighted>
      <QtyInPackage>1</QtyInPackage>
      <ItemPrice>6.90</ItemPrice>
      <UnitOfMeasurePrice>15</UnitOfMeasurePrice>
      <AllowDiscount>0</AllowDiscount>
      <itemStatus>1</itemStatus>
      <LastUpdateDate />
      <LastUpdateTime />
    </Product>
    <Product>
      <PriceUpdateDate>2016/09/13 08:44</PriceUpdateDate>
      <ItemCode>7290000117720</ItemCode>
      <ItemType>1</ItemType>
      <ItemName>מרק נמס בכוס פטריות קנור (21.5x2 גרם)</ItemName>
      <ManufactureName>יוניליוור ישראל שיווק בעמ</ManufactureName>
      <ManufactureCountry />
      <ManufactureItemDescription />
      <UnitQty>יח`</UnitQty>
      <Quantity>43</Quantity>
      <UnitMeasure>גרם</UnitMeasure>
      <BisWeighted>0</BisWeighted>
      <QtyInPackage>1</QtyInPackage>
      <ItemPrice>6.90</ItemPrice>
      <UnitOfMeasurePrice>16.05</UnitOfMeasurePrice>
      <AllowDiscount>0</AllowDiscount>
      <itemStatus>1</itemStatus>
      <LastUpdateDate />
      <LastUpdateTime />
    </Product>
    <Product>
      <PriceUpdateDate>2015/12/01 10:59</PriceUpdateDate>
      <ItemCode>7290000118307</ItemCode>
      <ItemType>1</ItemType>
      <ItemName>אבקת להכנת סחלב תלמה (56x2 גרם)</ItemName>
      <ManufactureName>יוניליוור ישראל שיווק בעמ</ManufactureName>
      <ManufactureCountry />
      <ManufactureItemDescription />
      <UnitQty>יח`</UnitQty>
      <Quantity>112</Quantity>
      <UnitMeasure>גרם</UnitMeasure>
      <BisWeighted>0</BisWeighted>
      <QtyInPackage>1</QtyInPackage>
      <ItemPrice>13.90</ItemPrice>
      <UnitOfMeasurePrice>12.41</UnitOfMeasurePrice>
      <AllowDiscount>0</AllowDiscount>
      <itemStatus>1</itemStatus>
      <LastUpdateDate />
      <LastUpdateTime />
    </Product>
    <Product>
      <PriceUpdateDate>2015/05/28 11:51</PriceUpdateDate>
      <ItemCode>7290000120874</ItemCode>
      <ItemType>1</ItemType>
      <ItemName>מיונז לייט הלמנס (424 גרם)</ItemName>
      <ManufactureName>יוניליוור ישראל שיווק בעמ</ManufactureName>
      <ManufactureCountry />
      <ManufactureItemDescription />
      <UnitQty>יח`</UnitQty>
      <Quantity>476</Quantity>
      <UnitMeasure>גרם</UnitMeasure>
      <BisWeighted>0</BisWeighted>
      <QtyInPackage>1</QtyInPackage>
      <ItemPrice>12.90</ItemPrice>
      <UnitOfMeasurePrice>2.71</UnitOfMeasurePrice>
      <AllowDiscount>1</AllowDiscount>
      <itemStatus>1</itemStatus>
      <LastUpdateDate />
      <LastUpdateTime />
    </Product>
    <Product>
      <PriceUpdateDate>2015/01/19 10:52</PriceUpdateDate>
      <ItemCode>7290000121031</ItemCode>
      <ItemType>1</ItemType>
      <ItemName>גבינה חתול 120ג</ItemName>
      <ManufactureName>נטו מלינדה סחר בעמ</ManufactureName>
      <ManufactureCountry />
      <ManufactureItemDescription />
      <UnitQty>יח`</UnitQty>
      <Quantity>120</Quantity>
      <UnitMeasure>גרם</UnitMeasure>
      <BisWeighted>0</BisWeighted>
      <QtyInPackage>1</QtyInPackage>
      <ItemPrice>10.90</ItemPrice>
      <UnitOfMeasurePrice>9.08</UnitOfMeasurePrice>
      <AllowDiscount>1</AllowDiscount>
      <itemStatus>1</itemStatus>
      <LastUpdateDate />
      <LastUpdateTime />
    </Product>
    <Product>
      <PriceUpdateDate>2014/05/29 11:57</PriceUpdateDate>
      <ItemCode>7290000121093</ItemCode>
      <ItemType>1</ItemType>
      <ItemName>מון בלאן שויצרית</ItemName>
      <ManufactureName>נטו מלינדה סחר בעמ</ManufactureName>
      <ManufactureCountry />
      <ManufactureItemDescription />
      <UnitQty>יח`</UnitQty>
      <Quantity>120</Quantity>
      <UnitMeasure>גרם</UnitMeasure>
      <BisWeighted>0</BisWeighted>
      <QtyInPackage>1</QtyInPackage>
      <ItemPrice>11.60</ItemPrice>
      <UnitOfMeasurePrice>9.67</UnitOfMeasurePrice>
      <AllowDiscount>1</AllowDiscount>
      <itemStatus>1</itemStatus>
      <LastUpdateDate />
      <LastUpdateTime />
    </Product>
    <Product>
      <PriceUpdateDate>2015/06/29 11:11</PriceUpdateDate>
      <ItemCode>7290000122687</ItemCode>
      <ItemType>1</ItemType>
      <ItemName>סירופ בטעם שוקולד אפיכל (600 גרם)</ItemName>
      <ManufactureName>יוניליוור ישראל שיווק בעמ</ManufactureName>
      <ManufactureCountry />
      <ManufactureItemDescription />
      <UnitQty>יח`</UnitQty>
      <Quantity>600</Quantity>
      <UnitMeasure>מ"ל</UnitMeasure>
      <BisWeighted>0</BisWeighted>
      <QtyInPackage>1</QtyInPackage>
      <ItemPrice>14.90</ItemPrice>
      <UnitOfMeasurePrice>2.48</UnitOfMeasurePrice>
      <AllowDiscount>0</AllowDiscount>
      <itemStatus>1</itemStatus>
      <LastUpdateDate />
      <LastUpdateTime />
    </Product>
    <Product>
      <PriceUpdateDate>2015/04/12 19:04</PriceUpdateDate>
      <ItemCode>7290000124841</ItemCode>
      <ItemType>1</ItemType>
      <ItemName>שוקולד חלב ורד הגליל (100x3 גרם)</ItemName>
      <ManufactureName>יוניליוור ישראל שיווק בעמ</ManufactureName>
      <ManufactureCountry />
      <ManufactureItemDescription />
      <UnitQty>יח`</UnitQty>
      <Quantity>300</Quantity>
      <UnitMeasure>גרם</UnitMeasure>
      <BisWeighted>0</BisWeighted>
      <QtyInPackage>1</QtyInPackage>
      <ItemPrice>14.90</ItemPrice>
      <UnitOfMeasurePrice>4.97</UnitOfMeasurePrice>
      <AllowDiscount>0</AllowDiscount>
      <itemStatus>1</itemStatus>
      <LastUpdateDate />
      <LastUpdateTime />
    </Product>
    <Product>
      <PriceUpdateDate>2017/03/30 07:23</PriceUpdateDate>
      <ItemCode>7290000129099</ItemCode>
      <ItemType>1</ItemType>
      <ItemName>תיבולית עישבי תיבול קנור</ItemName>
      <ManufactureName>יוניליוור ישראל שיווק בעמ</ManufactureName>
      <ManufactureCountry />
      <ManufactureItemDescription />
      <UnitQty>יח`</UnitQty>
      <Quantity>72</Quantity>
      <UnitMeasure>גרם</UnitMeasure>
      <BisWeighted>0</BisWeighted>
      <QtyInPackage>1</QtyInPackage>
      <ItemPrice>9.90</ItemPrice>
      <UnitOfMeasurePrice>13.75</UnitOfMeasurePrice>
      <AllowDiscount>1</AllowDiscount>
      <itemStatus>1</itemStatus>
      <LastUpdateDate />
      <LastUpdateTime />
    </Product>
    <Product>
      <PriceUpdateDate>2015/11/29 15:17</PriceUpdateDate>
      <ItemCode>7290000129457</ItemCode>
      <ItemType>1</ItemType>
      <ItemName>רוטב פטריות קנור (28 גרם)</ItemName>
      <ManufactureName>יוניליוור ישראל שיווק בעמ</ManufactureName>
      <ManufactureCountry />
      <ManufactureItemDescription />
      <UnitQty>יח`</UnitQty>
      <Quantity>28</Quantity>
      <UnitMeasure>גרם</UnitMeasure>
      <BisWeighted>0</BisWeighted>
      <QtyInPackage>1</QtyInPackage>
      <ItemPrice>4.90</ItemPrice>
      <UnitOfMeasurePrice>17.50</UnitOfMeasurePrice>
      <AllowDiscount>0</AllowDiscount>
      <itemStatus>1</itemStatus>
      <LastUpdateDate />
      <LastUpdateTime />
    </Product>
    <Product>
      <PriceUpdateDate>2019/08/18 06:57</PriceUpdateDate>
      <ItemCode>7290000129785</ItemCode>
      <ItemType>1</ItemType>
      <ItemName>מרכך כביסה ירוק בדין (4 ליטר)</ItemName>
      <ManufactureName>יוניליוור ישראל שיווק בעמ</ManufactureName>
      <ManufactureCountry />
      <ManufactureItemDescription />
      <UnitQty>יח`</UnitQty>
      <Quantity>4</Quantity>
      <UnitMeasure>1 ליטר</UnitMeasure>
      <BisWeighted>0</BisWeighted>
      <QtyInPackage>1</QtyInPackage>
      <ItemPrice>19.90</ItemPrice>
      <UnitOfMeasurePrice>4.98</UnitOfMeasurePrice>
      <AllowDiscount>0</AllowDiscount>
      <itemStatus>1</itemStatus>
      <LastUpdateDate />
      <LastUpdateTime />
    </Product>
    <Product>
      <PriceUpdateDate>2018/01/07 07:32</PriceUpdateDate>
      <ItemCode>7290000133645</ItemCode>
      <ItemType>1</ItemType>
      <ItemName>מש.שיניים אורביטול שלישיה</ItemName>
      <ManufactureName>החברה הדרומית לשיווק בעמ</ManufactureName>
      <ManufactureCountry />
      <ManufactureItemDescription />
      <UnitQty>יח`</UnitQty>
      <Quantity>435</Quantity>
      <UnitMeasure>גרם</UnitMeasure>
      <BisWeighted>0</BisWeighted>
      <QtyInPackage>1</QtyInPackage>
      <ItemPrice>19.90</ItemPrice>
      <UnitOfMeasurePrice>4.57</UnitOfMeasurePrice>
      <AllowDiscount>1</AllowDiscount>
      <itemStatus>1</itemStatus>
      <LastUpdateDate />
      <LastUpdateTime />
    </Product>
    <Product>
      <PriceUpdateDate>2018/02/14 09:07</PriceUpdateDate>
      <ItemCode>7290000134147</ItemCode>
      <ItemType>1</ItemType>
      <ItemName>מוסקט טחון 40 גר`</ItemName>
      <ManufactureName>תבליני טעם וריח בעמ</ManufactureName>
      <ManufactureCountry />
      <ManufactureItemDescription />
      <UnitQty>יח`</UnitQty>
      <Quantity>40</Quantity>
      <UnitMeasure>גרם</UnitMeasure>
      <BisWeighted>0</BisWeighted>
      <QtyInPackage>1</QtyInPackage>
      <ItemPrice>12.90</ItemPrice>
      <UnitOfMeasurePrice>32.25</UnitOfMeasurePrice>
      <AllowDiscount>0</AllowDiscount>
      <itemStatus>1</itemStatus>
      <LastUpdateDate />
      <LastUpdateTime />
    </Product>
    <Product>
      <PriceUpdateDate>2018/02/14 09:07</PriceUpdateDate>
      <ItemCode>7290000134307</ItemCode>
      <ItemType>1</ItemType>
      <ItemName>קינמון טחון 50 גר`</ItemName>
      <ManufactureName>תבליני טעם וריח בעמ</ManufactureName>
      <ManufactureCountry />
      <ManufactureItemDescription />
      <UnitQty>יח`</UnitQty>
      <Quantity>50</Quantity>
      <UnitMeasure>גרם</UnitMeasure>
      <BisWeighted>0</BisWeighted>
      <QtyInPackage>1</QtyInPackage>
      <ItemPrice>5.90</ItemPrice>
      <UnitOfMeasurePrice>11.80</UnitOfMeasurePrice>
      <AllowDiscount>1</AllowDiscount>
      <itemStatus>1</itemStatus>
      <LastUpdateDate />
      <LastUpdateTime />
    </Product>
    <Product>
      <PriceUpdateDate>2018/02/14 12:16</PriceUpdateDate>
      <ItemCode>7290000134314</ItemCode>
      <ItemType>1</ItemType>
      <ItemName>תיבול לפיצה 120 גר`</ItemName>
      <ManufactureName>תבליני טעם וריח בעמ</ManufactureName>
      <ManufactureCountry />
      <ManufactureItemDescription />
      <UnitQty>יח`</UnitQty>
      <Quantity>120</Quantity>
      <UnitMeasure>גרם</UnitMeasure>
      <BisWeighted>0</BisWeighted>
      <QtyInPackage>1</QtyInPackage>
      <ItemPrice>8.90</ItemPrice>
      <UnitOfMeasurePrice>7.42</UnitOfMeasurePrice>
      <AllowDiscount>0</AllowDiscount>
      <itemStatus>1</itemStatus>
      <LastUpdateDate />
      <LastUpdateTime />
    </Product>
    <Product>
      <PriceUpdateDate>2018/02/14 12:16</PriceUpdateDate>
      <ItemCode>7290000134352</ItemCode>
      <ItemType>1</ItemType>
      <ItemName>קינמון טחון 90 גר`</ItemName>
      <ManufactureName>תבליני טעם וריח בעמ</ManufactureName>
      <ManufactureCountry />
      <ManufactureItemDescription />
      <UnitQty>יח`</UnitQty>
      <Quantity>90</Quantity>
      <UnitMeasure>גרם</UnitMeasure>
      <BisWeighted>0</BisWeighted>
      <QtyInPackage>1</QtyInPackage>
      <ItemPrice>8.90</ItemPrice>
      <UnitOfMeasurePrice>9.89</UnitOfMeasurePrice>
      <AllowDiscount>0</AllowDiscount>
      <itemStatus>1</itemStatus>
      <LastUpdateDate />
      <LastUpdateTime />
    </Product>
    <Product>
      <PriceUpdateDate>2018/02/14 09:07</PriceUpdateDate>
      <ItemCode>7290000134376</ItemCode>
      <ItemType>1</ItemType>
      <ItemName>פפריקה בשמן 90 גר`</ItemName>
      <ManufactureName>תבליני טעם וריח בעמ</ManufactureName>
      <ManufactureCountry />
      <ManufactureItemDescription />
      <UnitQty>יח`</UnitQty>
      <Quantity>90</Quantity>
      <UnitMeasure>גרם</UnitMeasure>
      <BisWeighted>0</BisWeighted>
      <QtyInPackage>1</QtyInPackage>
      <ItemPrice>8.90</ItemPrice>
      <UnitOfMeasurePrice>9.89</UnitOfMeasurePrice>
      <AllowDiscount>0</AllowDiscount>
      <itemStatus>1</itemStatus>
      <LastUpdateDate />
      <LastUpdateTime />
    </Product>
    <Product>
      <PriceUpdateDate>2018/02/14 09:07</PriceUpdateDate>
      <ItemCode>7290000134550</ItemCode>
      <ItemType>1</ItemType>
      <ItemName>עלי דפנה 20 גר`</ItemName>
      <ManufactureName>תבליני טעם וריח בעמ</ManufactureName>
      <ManufactureCountry />
      <ManufactureItemDescription />
      <UnitQty>יח`</UnitQty>
      <Quantity>20</Quantity>
      <UnitMeasure>גרם</UnitMeasure>
      <BisWeighted>0</BisWeighted>
      <QtyInPackage>1</QtyInPackage>
      <ItemPrice>5.90</ItemPrice>
      <UnitOfMeasurePrice>29.50</UnitOfMeasurePrice>
      <AllowDiscount>1</AllowDiscount>
      <itemStatus>1</itemStatus>
      <LastUpdateDate />
      <LastUpdateTime />
    </Product>
    <Product>
      <PriceUpdateDate>2018/02/14 09:07</PriceUpdateDate>
      <ItemCode>7290000134680</ItemCode>
      <ItemType>1</ItemType>
      <ItemName>קימל שלם 40 גר`</ItemName>
      <ManufactureName>תבליני טעם וריח בעמ</ManufactureName>
      <ManufactureCountry />
      <ManufactureItemDescription />
      <UnitQty>יח`</UnitQty>
      <Quantity>40</Quantity>
      <UnitMeasure>גרם</UnitMeasure>
      <BisWeighted>0</BisWeighted>
      <QtyInPackage>1</QtyInPackage>
      <ItemPrice>5.90</ItemPrice>
      <UnitOfMeasurePrice>14.75</UnitOfMeasurePrice>
      <AllowDiscount>0</AllowDiscount>
      <itemStatus>1</itemStatus>
      <LastUpdateDate />
      <LastUpdateTime />
    </Product>
    <Product>
      <PriceUpdateDate>2018/02/14 12:16</PriceUpdateDate>
      <ItemCode>7290000134758</ItemCode>
      <ItemType>1</ItemType>
      <ItemName>תיבול לתפוא 100 גר`</ItemName>
      <ManufactureName>תבליני טעם וריח בעמ</ManufactureName>
      <ManufactureCountry />
      <ManufactureItemDescription />
      <UnitQty>יח`</UnitQty>
      <Quantity>100</Quantity>
      <UnitMeasure>גרם</UnitMeasure>
      <BisWeighted>0</BisWeighted>
      <QtyInPackage>1</QtyInPackage>
      <ItemPrice>8.90</ItemPrice>
      <UnitOfMeasurePrice>8.90</UnitOfMeasurePrice>
      <AllowDiscount>0</AllowDiscount>
      <itemStatus>1</itemStatus>
      <LastUpdateDate />
      <LastUpdateTime />
    </Product>
    <Product>
      <PriceUpdateDate>2018/02/14 09:07</PriceUpdateDate>
      <ItemCode>7290000134826</ItemCode>
      <ItemType>1</ItemType>
      <ItemName>זעתר מעורב 100 גר`</ItemName>
      <ManufactureName>תבליני טעם וריח בעמ</ManufactureName>
      <ManufactureCountry />
      <ManufactureItemDescription />
      <UnitQty>יח`</UnitQty>
      <Quantity>100</Quantity>
      <UnitMeasure>גרם</UnitMeasure>
      <BisWeighted>0</BisWeighted>
      <QtyInPackage>1</QtyInPackage>
      <ItemPrice>8.90</ItemPrice>
      <UnitOfMeasurePrice>8.90</UnitOfMeasurePrice>
      <AllowDiscount>0</AllowDiscount>
      <itemStatus>1</itemStatus>
      <LastUpdateDate />
      <LastUpdateTime />
    </Product>
    <Product>
      <PriceUpdateDate>2018/02/14 09:07</PriceUpdateDate>
      <ItemCode>7290000134833</ItemCode>
      <ItemType>1</ItemType>
      <ItemName>כמון טחון 100 גר`</ItemName>
      <ManufactureName>תבליני טעם וריח בעמ</ManufactureName>
      <ManufactureCountry />
      <ManufactureItemDescription />
      <UnitQty>יח`</UnitQty>
      <Quantity>100</Quantity>
      <UnitMeasure>גרם</UnitMeasure>
      <BisWeighted>0</BisWeighted>
      <QtyInPackage>1</QtyInPackage>
      <ItemPrice>8.90</ItemPrice>
      <UnitOfMeasurePrice>8.90</UnitOfMeasurePrice>
      <AllowDiscount>0</AllowDiscount>
      <itemStatus>1</itemStatus>
      <LastUpdateDate />
      <LastUpdateTime />
    </Product>
    <Product>
      <PriceUpdateDate>2018/02/14 12:16</PriceUpdateDate>
      <ItemCode>7290000134857</ItemCode>
      <ItemType>1</ItemType>
      <ItemName>פפריקה מתוקה 100 גר`</ItemName>
      <ManufactureName>תבליני טעם וריח בעמ</ManufactureName>
      <ManufactureCountry />
      <ManufactureItemDescription />
      <UnitQty>יח`</UnitQty>
      <Quantity>100</Quantity>
      <UnitMeasure>גרם</UnitMeasure>
      <BisWeighted>0</BisWeighted>
      <QtyInPackage>1</QtyInPackage>
      <ItemPrice>8.90</ItemPrice>
      <UnitOfMeasurePrice>8.90</UnitOfMeasurePrice>
      <AllowDiscount>0</AllowDiscount>
      <itemStatus>1</itemStatus>
      <LastUpdateDate />
      <LastUpdateTime />
    </Product>
    <Product>
      <PriceUpdateDate>2018/02/14 12:16</PriceUpdateDate>
      <ItemCode>7290000134871</ItemCode>
      <ItemType>1</ItemType>
      <ItemName>פלפל שחור טחון 100 גר`</ItemName>
      <ManufactureName>תבליני טעם וריח בעמ</ManufactureName>
      <ManufactureCountry />
      <ManufactureItemDescription />
      <UnitQty>יח`</UnitQty>
      <Quantity>100</Quantity>
      <UnitMeasure>גרם</UnitMeasure>
      <BisWeighted>0</BisWeighted>
      <QtyInPackage>1</QtyInPackage>
      <ItemPrice>11.90</ItemPrice>
      <UnitOfMeasurePrice>11.90</UnitOfMeasurePrice>
      <AllowDiscount>0</AllowDiscount>
      <itemStatus>1</itemStatus>
      <LastUpdateDate />
      <LastUpdateTime />
    </Product>
    <Product>
      <PriceUpdateDate>2018/02/14 09:07</PriceUpdateDate>
      <ItemCode>7290000134970</ItemCode>
      <ItemType>1</ItemType>
      <ItemName>חוואיג` 100 גר`</ItemName>
      <ManufactureName>תבליני טעם וריח בעמ</ManufactureName>
      <ManufactureCountry />
      <ManufactureItemDescription />
      <UnitQty>יח`</UnitQty>
      <Quantity>100</Quantity>
      <UnitMeasure>גרם</UnitMeasure>
      <BisWeighted>0</BisWeighted>
      <QtyInPackage>1</QtyInPackage>
      <ItemPrice>8.90</ItemPrice>
      <UnitOfMeasurePrice>8.90</UnitOfMeasurePrice>
      <AllowDiscount>0</AllowDiscount>
      <itemStatus>1</itemStatus>
      <LastUpdateDate />
      <LastUpdateTime />
    </Product>
    <Product>
      <PriceUpdateDate>2018/02/14 09:07</PriceUpdateDate>
      <ItemCode>7290000134987</ItemCode>
      <ItemType>1</ItemType>
      <ItemName>פלפל שחור גרוס 90 גר`</ItemName>
      <ManufactureName>תבליני טעם וריח בעמ</ManufactureName>
      <ManufactureCountry />
      <ManufactureItemDescription />
      <UnitQty>יח`</UnitQty>
      <Quantity>90</Quantity>
      <UnitMeasure>גרם</UnitMeasure>
      <BisWeighted>0</BisWeighted>
      <QtyInPackage>1</QtyInPackage>
      <ItemPrice>11.90</ItemPrice>
      <UnitOfMeasurePrice>13.22</UnitOfMeasurePrice>
      <AllowDiscount>0</AllowDiscount>
      <itemStatus>1</itemStatus>
      <LastUpdateDate />
      <LastUpdateTime />
    </Product>
    <Product>
      <PriceUpdateDate>2018/02/14 09:07</PriceUpdateDate>
      <ItemCode>7290000134994</ItemCode>
      <ItemType>1</ItemType>
      <ItemName>טימין 20 גר`</ItemName>
      <ManufactureName>תבליני טעם וריח בעמ</ManufactureName>
      <ManufactureCountry />
      <ManufactureItemDescription />
      <UnitQty>יח`</UnitQty>
      <Quantity>20</Quantity>
      <UnitMeasure>גרם</UnitMeasure>
      <BisWeighted>0</BisWeighted>
      <QtyInPackage>1</QtyInPackage>
      <ItemPrice>5.90</ItemPrice>
      <UnitOfMeasurePrice>29.50</UnitOfMeasurePrice>
      <AllowDiscount>0</AllowDiscount>
      <itemStatus>1</itemStatus>
      <LastUpdateDate />
      <LastUpdateTime />
    </Product>
    <Product>
      <PriceUpdateDate>2019/04/09 12:40</PriceUpdateDate>
      <ItemCode>7290000135052</ItemCode>
      <ItemType>1</ItemType>
      <ItemName>משקה אנרגיה מנגו אקסל (250 מל) TEN</ItemName>
      <ManufactureName>טמפו משקאות בעמ</ManufactureName>
      <ManufactureCountry />
      <ManufactureItemDescription />
      <UnitQty>יח`</UnitQty>
      <Quantity>250</Quantity>
      <UnitMeasure>מ"ל</UnitMeasure>
      <BisWeighted>0</BisWeighted>
      <QtyInPackage>1</QtyInPackage>
      <ItemPrice>4.50</ItemPrice>
      <UnitOfMeasurePrice>1.68</UnitOfMeasurePrice>
      <AllowDiscount>1</AllowDiscount>
      <itemStatus>1</itemStatus>
      <LastUpdateDate />
      <LastUpdateTime />
    </Product>
    <Product>
      <PriceUpdateDate>2016/01/24 12:05</PriceUpdateDate>
      <ItemCode>7290000136721</ItemCode>
      <ItemType>1</ItemType>
      <ItemName>משקה קל תפוזים ג`אמפ (1.5 ליטר)</ItemName>
      <ManufactureName>טמפו משקאות בעמ</ManufactureName>
      <ManufactureCountry />
      <ManufactureItemDescription />
      <UnitQty>יח`</UnitQty>
      <Quantity>1500</Quantity>
      <UnitMeasure>מ"ל</UnitMeasure>
      <BisWeighted>0</BisWeighted>
      <QtyInPackage>1</QtyInPackage>
      <ItemPrice>5.50</ItemPrice>
      <UnitOfMeasurePrice>0.37</UnitOfMeasurePrice>
      <AllowDiscount>1</AllowDiscount>
      <itemStatus>1</itemStatus>
      <LastUpdateDate />
      <LastUpdateTime />
    </Product>
    <Product>
      <PriceUpdateDate>2016/01/24 12:05</PriceUpdateDate>
      <ItemCode>7290000136738</ItemCode>
      <ItemType>1</ItemType>
      <ItemName>משקה קל אשכוליות ג`אמפ (1.5 ליטר)</ItemName>
      <ManufactureName>טמפו משקאות בעמ</ManufactureName>
      <ManufactureCountry />
      <ManufactureItemDescription />
      <UnitQty>יח`</UnitQty>
      <Quantity>1500</Quantity>
      <UnitMeasure>מ"ל</UnitMeasure>
      <BisWeighted>0</BisWeighted>
      <QtyInPackage>1</QtyInPackage>
      <ItemPrice>5.50</ItemPrice>
      <UnitOfMeasurePrice>0.37</UnitOfMeasurePrice>
      <AllowDiscount>1</AllowDiscount>
      <itemStatus>1</itemStatus>
      <LastUpdateDate />
      <LastUpdateTime />
    </Product>
    <Product>
      <PriceUpdateDate>2016/01/24 12:05</PriceUpdateDate>
      <ItemCode>7290000136745</ItemCode>
      <ItemType>1</ItemType>
      <ItemName>משקה קל תות בננה ג`אמפ (1.5 ליטר)</ItemName>
      <ManufactureName>טמפו משקאות בעמ</ManufactureName>
      <ManufactureCountry />
      <ManufactureItemDescription />
      <UnitQty>יח`</UnitQty>
      <Quantity>1500</Quantity>
      <UnitMeasure>מ"ל</UnitMeasure>
      <BisWeighted>0</BisWeighted>
      <QtyInPackage>1</QtyInPackage>
      <ItemPrice>5.50</ItemPrice>
      <UnitOfMeasurePrice>0.37</UnitOfMeasurePrice>
      <AllowDiscount>1</AllowDiscount>
      <itemStatus>1</itemStatus>
      <LastUpdateDate />
      <LastUpdateTime />
    </Product>
    <Product>
      <PriceUpdateDate>2015/06/29 08:29</PriceUpdateDate>
      <ItemCode>7290000137513</ItemCode>
      <ItemType>1</ItemType>
      <ItemName>קרמיסימו גלידונית 60 יח`</ItemName>
      <ManufactureName>גלידות שטראוס בעמ</ManufactureName>
      <ManufactureCountry />
      <ManufactureItemDescription />
      <UnitQty>יח`</UnitQty>
      <Quantity>700</Quantity>
      <UnitMeasure>גרם</UnitMeasure>
      <BisWeighted>0</BisWeighted>
      <QtyInPackage>1</QtyInPackage>
      <ItemPrice>47.90</ItemPrice>
      <UnitOfMeasurePrice>6.84</UnitOfMeasurePrice>
      <AllowDiscount>1</AllowDiscount>
      <itemStatus>1</itemStatus>
      <LastUpdateDate />
      <LastUpdateTime />
    </Product>
    <Product>
      <PriceUpdateDate>2017/03/30 07:47</PriceUpdateDate>
      <ItemCode>7290000143187</ItemCode>
      <ItemType>1</ItemType>
      <ItemName>שמפו ומרכך לגבר הוואי (700 מל)</ItemName>
      <ManufactureName>הנקל סוד בעמ</ManufactureName>
      <ManufactureCountry />
      <ManufactureItemDescription />
      <UnitQty>יח`</UnitQty>
      <Quantity>700</Quantity>
      <UnitMeasure>מ"ל</UnitMeasure>
      <BisWeighted>0</BisWeighted>
      <QtyInPackage>1</QtyInPackage>
      <ItemPrice>8.90</ItemPrice>
      <UnitOfMeasurePrice>1.27</UnitOfMeasurePrice>
      <AllowDiscount>0</AllowDiscount>
      <itemStatus>1</itemStatus>
      <LastUpdateDate />
      <LastUpdateTime />
    </Product>
    <Product>
      <PriceUpdateDate>2017/03/30 07:47</PriceUpdateDate>
      <ItemCode>7290000143200</ItemCode>
      <ItemType>1</ItemType>
      <ItemName>מרכך לשיער יבש הוואי (700 מל)</ItemName>
      <ManufactureName>הנקל סוד בעמ</ManufactureName>
      <ManufactureCountry />
      <ManufactureItemDescription />
      <UnitQty>יח`</UnitQty>
      <Quantity>700</Quantity>
      <UnitMeasure>מ"ל</UnitMeasure>
      <BisWeighted>0</BisWeighted>
      <QtyInPackage>1</QtyInPackage>
      <ItemPrice>8.90</ItemPrice>
      <UnitOfMeasurePrice>1.27</UnitOfMeasurePrice>
      <AllowDiscount>0</AllowDiscount>
      <itemStatus>1</itemStatus>
      <LastUpdateDate />
      <LastUpdateTime />
    </Product>
    <Product>
      <PriceUpdateDate>2017/03/30 07:47</PriceUpdateDate>
      <ItemCode>7290000143217</ItemCode>
      <ItemType>1</ItemType>
      <ItemName>הוואי שמפו לשיער יבש 700 מל כחול</ItemName>
      <ManufactureName>הנקל סוד בעמ</ManufactureName>
      <ManufactureCountry />
      <ManufactureItemDescription />
      <UnitQty>יח`</UnitQty>
      <Quantity>700</Quantity>
      <UnitMeasure>מ"ל</UnitMeasure>
      <BisWeighted>0</BisWeighted>
      <QtyInPackage>1</QtyInPackage>
      <ItemPrice>8.90</ItemPrice>
      <UnitOfMeasurePrice>1.27</UnitOfMeasurePrice>
      <AllowDiscount>0</AllowDiscount>
      <itemStatus>1</itemStatus>
      <LastUpdateDate />
      <LastUpdateTime />
    </Product>
    <Product>
      <PriceUpdateDate>2017/03/30 07:47</PriceUpdateDate>
      <ItemCode>7290000143255</ItemCode>
      <ItemType>1</ItemType>
      <ItemName>הוואי שמפו לשיער רגיל 700 מל ירוק</ItemName>
      <ManufactureName>הנקל סוד בעמ</ManufactureName>
      <ManufactureCountry />
      <ManufactureItemDescription />
      <UnitQty>יח`</UnitQty>
      <Quantity>700</Quantity>
      <UnitMeasure>מ"ל</UnitMeasure>
      <BisWeighted>0</BisWeighted>
      <QtyInPackage>1</QtyInPackage>
      <ItemPrice>8.90</ItemPrice>
      <UnitOfMeasurePrice>1.27</UnitOfMeasurePrice>
      <AllowDiscount>0</AllowDiscount>
      <itemStatus>1</itemStatus>
      <LastUpdateDate />
      <LastUpdateTime />
    </Product>
    <Product>
      <PriceUpdateDate>2017/03/30 07:47</PriceUpdateDate>
      <ItemCode>7290000143262</ItemCode>
      <ItemType>1</ItemType>
      <ItemName>הוואי שמפו 700 מל ילדים</ItemName>
      <ManufactureName>הנקל סוד בעמ</ManufactureName>
      <ManufactureCountry />
      <ManufactureItemDescription />
      <UnitQty>יח`</UnitQty>
      <Quantity>700</Quantity>
      <UnitMeasure>מ"ל</UnitMeasure>
      <BisWeighted>0</BisWeighted>
      <QtyInPackage>1</QtyInPackage>
      <ItemPrice>8.90</ItemPrice>
      <UnitOfMeasurePrice>1.27</UnitOfMeasurePrice>
      <AllowDiscount>0</AllowDiscount>
      <itemStatus>1</itemStatus>
      <LastUpdateDate />
      <LastUpdateTime />
    </Product>
    <Product>
      <PriceUpdateDate>2017/03/30 07:47</PriceUpdateDate>
      <ItemCode>7290000143279</ItemCode>
      <ItemType>1</ItemType>
      <ItemName>שמפו למניעת קשקשים הוואי (700 מל)</ItemName>
      <ManufactureName>הנקל סוד בעמ</ManufactureName>
      <ManufactureCountry />
      <ManufactureItemDescription />
      <UnitQty>יח`</UnitQty>
      <Quantity>700</Quantity>
      <UnitMeasure>מ"ל</UnitMeasure>
      <BisWeighted>0</BisWeighted>
      <QtyInPackage>1</QtyInPackage>
      <ItemPrice>8.90</ItemPrice>
      <UnitOfMeasurePrice>1.27</UnitOfMeasurePrice>
      <AllowDiscount>0</AllowDiscount>
      <itemStatus>1</itemStatus>
      <LastUpdateDate />
      <LastUpdateTime />
    </Product>
    <Product>
      <PriceUpdateDate>2017/03/30 07:47</PriceUpdateDate>
      <ItemCode>7290000143286</ItemCode>
      <ItemType>1</ItemType>
      <ItemName>הוואי מרכך לשיער רגיל 700 מל ירוק</ItemName>
      <ManufactureName>הנקל סוד בעמ</ManufactureName>
      <ManufactureCountry />
      <ManufactureItemDescription />
      <UnitQty>יח`</UnitQty>
      <Quantity>700</Quantity>
      <UnitMeasure>מ"ל</UnitMeasure>
      <BisWeighted>0</BisWeighted>
      <QtyInPackage>1</QtyInPackage>
      <ItemPrice>8.90</ItemPrice>
      <UnitOfMeasurePrice>1.27</UnitOfMeasurePrice>
      <AllowDiscount>0</AllowDiscount>
      <itemStatus>1</itemStatus>
      <LastUpdateDate />
      <LastUpdateTime />
    </Product>
    <Product>
      <PriceUpdateDate>2015/12/02 08:48</PriceUpdateDate>
      <ItemCode>7290000144160</ItemCode>
      <ItemType>1</ItemType>
      <ItemName>שמן זית כתית מעולה 750 מל עץ הזית</ItemName>
      <ManufactureName>שמן תעשיות בעמ</ManufactureName>
      <ManufactureCountry />
      <ManufactureItemDescription />
      <UnitQty>יח`</UnitQty>
      <Quantity>750</Quantity>
      <UnitMeasure>מ"ל</UnitMeasure>
      <BisWeighted>0</BisWeighted>
      <QtyInPackage>1</QtyInPackage>
      <ItemPrice>34.90</ItemPrice>
      <UnitOfMeasurePrice>4.65</UnitOfMeasurePrice>
      <AllowDiscount>1</AllowDiscount>
      <itemStatus>1</itemStatus>
      <LastUpdateDate />
      <LastUpdateTime />
    </Product>
    <Product>
      <PriceUpdateDate>2015/03/03 08:06</PriceUpdateDate>
      <ItemCode>7290000144467</ItemCode>
      <ItemType>1</ItemType>
      <ItemName>שמן חמניות מזוכך עץ הזית (1 ליטר)</ItemName>
      <ManufactureName>שמן תעשיות בעמ</ManufactureName>
      <ManufactureCountry />
      <ManufactureItemDescription />
      <UnitQty>יח`</UnitQty>
      <Quantity>1</Quantity>
      <UnitMeasure>1 ליטר</UnitMeasure>
      <BisWeighted>0</BisWeighted>
      <QtyInPackage>1</QtyInPackage>
      <ItemPrice>16.90</ItemPrice>
      <UnitOfMeasurePrice>16.90</UnitOfMeasurePrice>
      <AllowDiscount>0</AllowDiscount>
      <itemStatus>1</itemStatus>
      <LastUpdateDate />
      <LastUpdateTime />
    </Product>
    <Product>
      <PriceUpdateDate>2015/04/13 13:04</PriceUpdateDate>
      <ItemCode>7290000144474</ItemCode>
      <ItemType>1</ItemType>
      <ItemName>שמן קנולה מזוכך עץ הזית (1 ליטר)</ItemName>
      <ManufactureName>שמן תעשיות בעמ</ManufactureName>
      <ManufactureCountry />
      <ManufactureItemDescription />
      <UnitQty>יח`</UnitQty>
      <Quantity>1</Quantity>
      <UnitMeasure>1 ליטר</UnitMeasure>
      <BisWeighted>0</BisWeighted>
      <QtyInPackage>1</QtyInPackage>
      <ItemPrice>13.90</ItemPrice>
      <UnitOfMeasurePrice>13.90</UnitOfMeasurePrice>
      <AllowDiscount>0</AllowDiscount>
      <itemStatus>1</itemStatus>
      <LastUpdateDate />
      <LastUpdateTime />
    </Product>
    <Product>
      <PriceUpdateDate>2015/03/03 08:06</PriceUpdateDate>
      <ItemCode>7290000144825</ItemCode>
      <ItemType>1</ItemType>
      <ItemName>שמן קנולה פלוס אומגה 9 עץ הזית (1 ליטר)</ItemName>
      <ManufactureName>שמן תעשיות בעמ</ManufactureName>
      <ManufactureCountry />
      <ManufactureItemDescription />
      <UnitQty>יח`</UnitQty>
      <Quantity>1000</Quantity>
      <UnitMeasure>מ"ל</UnitMeasure>
      <BisWeighted>0</BisWeighted>
      <QtyInPackage>1</QtyInPackage>
      <ItemPrice>15.90</ItemPrice>
      <UnitOfMeasurePrice>1.59</UnitOfMeasurePrice>
      <AllowDiscount>0</AllowDiscount>
      <itemStatus>1</itemStatus>
      <LastUpdateDate />
      <LastUpdateTime />
    </Product>
    <Product>
      <PriceUpdateDate>2017/12/13 08:50</PriceUpdateDate>
      <ItemCode>7290000146645</ItemCode>
      <ItemType>1</ItemType>
      <ItemName>הוואי סבון מוצק שחור מסתורי 100  גר`רביע</ItemName>
      <ManufactureName>הנקל סוד בעמ</ManufactureName>
      <ManufactureCountry />
      <ManufactureItemDescription />
      <UnitQty>יח`</UnitQty>
      <Quantity>400</Quantity>
      <UnitMeasure>גרם</UnitMeasure>
      <BisWeighted>0</BisWeighted>
      <QtyInPackage>1</QtyInPackage>
      <ItemPrice>11.90</ItemPrice>
      <UnitOfMeasurePrice>2.98</UnitOfMeasurePrice>
      <AllowDiscount>0</AllowDiscount>
      <itemStatus>1</itemStatus>
      <LastUpdateDate />
      <LastUpdateTime />
    </Product>
    <Product>
      <PriceUpdateDate>2017/12/13 08:50</PriceUpdateDate>
      <ItemCode>7290000146669</ItemCode>
      <ItemType>1</ItemType>
      <ItemName>הוואי סבון מוצק שמים כחולים 100  גר`רביע</ItemName>
      <ManufactureName>הנקל סוד בעמ</ManufactureName>
      <ManufactureCountry />
      <ManufactureItemDescription />
      <UnitQty>יח`</UnitQty>
      <Quantity>400</Quantity>
      <UnitMeasure>גרם</UnitMeasure>
      <BisWeighted>0</BisWeighted>
      <QtyInPackage>1</QtyInPackage>
      <ItemPrice>11.90</ItemPrice>
      <UnitOfMeasurePrice>2.98</UnitOfMeasurePrice>
      <AllowDiscount>0</AllowDiscount>
      <itemStatus>1</itemStatus>
      <LastUpdateDate />
      <LastUpdateTime />
    </Product>
    <Product>
      <PriceUpdateDate>2017/12/13 08:50</PriceUpdateDate>
      <ItemCode>7290000146683</ItemCode>
      <ItemType>1</ItemType>
      <ItemName>הוואי סבון מוצק 100  גר`רביעייה</ItemName>
      <ManufactureName>הנקל סוד בעמ</ManufactureName>
      <ManufactureCountry />
      <ManufactureItemDescription />
      <UnitQty>יח`</UnitQty>
      <Quantity>400</Quantity>
      <UnitMeasure>גרם</UnitMeasure>
      <BisWeighted>0</BisWeighted>
      <QtyInPackage>1</QtyInPackage>
      <ItemPrice>11.90</ItemPrice>
      <UnitOfMeasurePrice>2.98</UnitOfMeasurePrice>
      <AllowDiscount>0</AllowDiscount>
      <itemStatus>1</itemStatus>
      <LastUpdateDate />
      <LastUpdateTime />
    </Product>
    <Product>
      <PriceUpdateDate>2018/02/06 08:44</PriceUpdateDate>
      <ItemCode>7290000146928</ItemCode>
      <ItemType>1</ItemType>
      <ItemName>משחת שיניים טום וג`רי 60 גר`</ItemName>
      <ManufactureName>הנקל סוד בעמ</ManufactureName>
      <ManufactureCountry />
      <ManufactureItemDescription />
      <UnitQty>יח`</UnitQty>
      <Quantity>60</Quantity>
      <UnitMeasure>גרם</UnitMeasure>
      <BisWeighted>0</BisWeighted>
      <QtyInPackage>1</QtyInPackage>
      <ItemPrice>8.90</ItemPrice>
      <UnitOfMeasurePrice>14.83</UnitOfMeasurePrice>
      <AllowDiscount>1</AllowDiscount>
      <itemStatus>1</itemStatus>
      <LastUpdateDate />
      <LastUpdateTime />
    </Product>
    <Product>
      <PriceUpdateDate>2018/02/06 08:44</PriceUpdateDate>
      <ItemCode>7290000146997</ItemCode>
      <ItemType>1</ItemType>
      <ItemName>משחת שיניים לילדים טום וג`רי (50 מל)</ItemName>
      <ManufactureName>הנקל סוד בעמ</ManufactureName>
      <ManufactureCountry />
      <ManufactureItemDescription />
      <UnitQty>יח`</UnitQty>
      <Quantity>60</Quantity>
      <UnitMeasure>גרם</UnitMeasure>
      <BisWeighted>0</BisWeighted>
      <QtyInPackage>1</QtyInPackage>
      <ItemPrice>8.90</ItemPrice>
      <UnitOfMeasurePrice>14.83</UnitOfMeasurePrice>
      <AllowDiscount>1</AllowDiscount>
      <itemStatus>1</itemStatus>
      <LastUpdateDate />
      <LastUpdateTime />
    </Product>
    <Product>
      <PriceUpdateDate>2015/05/12 10:20</PriceUpdateDate>
      <ItemCode>7290000148298</ItemCode>
      <ItemType>1</ItemType>
      <ItemName>מיץ סחוט תפוזים טבעי פריגת (2 ליטר)</ItemName>
      <ManufactureName>החב` המרכזית - טרה</ManufactureName>
      <ManufactureCountry />
      <ManufactureItemDescription />
      <UnitQty>יח`</UnitQty>
      <Quantity>2000</Quantity>
      <UnitMeasure>מ"ל</UnitMeasure>
      <BisWeighted>0</BisWeighted>
      <QtyInPackage>1</QtyInPackage>
      <ItemPrice>27.90</ItemPrice>
      <UnitOfMeasurePrice>1.40</UnitOfMeasurePrice>
      <AllowDiscount>1</AllowDiscount>
      <itemStatus>1</itemStatus>
      <LastUpdateDate />
      <LastUpdateTime />
    </Product>
    <Product>
      <PriceUpdateDate>2014/12/07 10:29</PriceUpdateDate>
      <ItemCode>7290000148380</ItemCode>
      <ItemType>1</ItemType>
      <ItemName>פיסטוקים קלויים קליית גת (200 גרם)</ItemName>
      <ManufactureName>ליימן שליסל בעמ</ManufactureName>
      <ManufactureCountry />
      <ManufactureItemDescription />
      <UnitQty>יח`</UnitQty>
      <Quantity>200</Quantity>
      <UnitMeasure>גרם</UnitMeasure>
      <BisWeighted>0</BisWeighted>
      <QtyInPackage>1</QtyInPackage>
      <ItemPrice>22.90</ItemPrice>
      <UnitOfMeasurePrice>11.45</UnitOfMeasurePrice>
      <AllowDiscount>0</AllowDiscount>
      <itemStatus>1</itemStatus>
      <LastUpdateDate />
      <LastUpdateTime />
    </Product>
    <Product>
      <PriceUpdateDate>2019/04/16 14:59</PriceUpdateDate>
      <ItemCode>7290000148618</ItemCode>
      <ItemType>1</ItemType>
      <ItemName>קשיו מטוגן שקית 200 גר</ItemName>
      <ManufactureName>ליימן שליסל בעמ</ManufactureName>
      <ManufactureCountry />
      <ManufactureItemDescription />
      <UnitQty>יח`</UnitQty>
      <Quantity>200</Quantity>
      <UnitMeasure>גרם</UnitMeasure>
      <BisWeighted>0</BisWeighted>
      <QtyInPackage>1</QtyInPackage>
      <ItemPrice>19.90</ItemPrice>
      <UnitOfMeasurePrice>9.95</UnitOfMeasurePrice>
      <AllowDiscount>1</AllowDiscount>
      <itemStatus>1</itemStatus>
      <LastUpdateDate />
      <LastUpdateTime />
    </Product>
    <Product>
      <PriceUpdateDate>2014/12/07 10:29</PriceUpdateDate>
      <ItemCode>7290000148748</ItemCode>
      <ItemType>1</ItemType>
      <ItemName>גרעיני חמניה 200 גר`</ItemName>
      <ManufactureName>ליימן שליסל בעמ</ManufactureName>
      <ManufactureCountry />
      <ManufactureItemDescription />
      <UnitQty>יח`</UnitQty>
      <Quantity>200</Quantity>
      <UnitMeasure>גרם</UnitMeasure>
      <BisWeighted>0</BisWeighted>
      <QtyInPackage>1</QtyInPackage>
      <ItemPrice>6.90</ItemPrice>
      <UnitOfMeasurePrice>3.45</UnitOfMeasurePrice>
      <AllowDiscount>1</AllowDiscount>
      <itemStatus>1</itemStatus>
      <LastUpdateDate />
      <LastUpdateTime />
    </Product>
    <Product>
      <PriceUpdateDate>2017/03/02 09:56</PriceUpdateDate>
      <ItemCode>7290000148939</ItemCode>
      <ItemType>1</ItemType>
      <ItemName>שקדים קלויים קליית גת (200 גרם)</ItemName>
      <ManufactureName>ליימן שליסל בעמ</ManufactureName>
      <ManufactureCountry />
      <ManufactureItemDescription />
      <UnitQty>יח`</UnitQty>
      <Quantity>200</Quantity>
      <UnitMeasure>גרם</UnitMeasure>
      <BisWeighted>0</BisWeighted>
      <QtyInPackage>1</QtyInPackage>
      <ItemPrice>22.90</ItemPrice>
      <UnitOfMeasurePrice>11.45</UnitOfMeasurePrice>
      <AllowDiscount>0</AllowDiscount>
      <itemStatus>1</itemStatus>
      <LastUpdateDate />
      <LastUpdateTime />
    </Product>
    <Product>
      <PriceUpdateDate>2018/01/07 07:32</PriceUpdateDate>
      <ItemCode>7290000149615</ItemCode>
      <ItemType>1</ItemType>
      <ItemName>סבון מוצק לתינוק נקה 7 (100x4 גרם)</ItemName>
      <ManufactureName>החברה הדרומית לשיווק בעמ</ManufactureName>
      <ManufactureCountry />
      <ManufactureItemDescription />
      <UnitQty>יח`</UnitQty>
      <Quantity>400</Quantity>
      <UnitMeasure>גרם</UnitMeasure>
      <BisWeighted>0</BisWeighted>
      <QtyInPackage>1</QtyInPackage>
      <ItemPrice>11.90</ItemPrice>
      <UnitOfMeasurePrice>2.98</UnitOfMeasurePrice>
      <AllowDiscount>1</AllowDiscount>
      <itemStatus>1</itemStatus>
      <LastUpdateDate />
      <LastUpdateTime />
    </Product>
    <Product>
      <PriceUpdateDate>2017/04/18 09:22</PriceUpdateDate>
      <ItemCode>7290000149837</ItemCode>
      <ItemType>1</ItemType>
      <ItemName>סינטבון לימון</ItemName>
      <ManufactureName>החברה הדרומית לשיווק בעמ</ManufactureName>
      <ManufactureCountry />
      <ManufactureItemDescription />
      <UnitQty>יח`</UnitQty>
      <Quantity>230</Quantity>
      <UnitMeasure>גרם</UnitMeasure>
      <BisWeighted>0</BisWeighted>
      <QtyInPackage>1</QtyInPackage>
      <ItemPrice>6.90</ItemPrice>
      <UnitOfMeasurePrice>3</UnitOfMeasurePrice>
      <AllowDiscount>0</AllowDiscount>
      <itemStatus>1</itemStatus>
      <LastUpdateDate />
      <LastUpdateTime />
    </Product>
    <Product>
      <PriceUpdateDate>2014/08/17 11:24</PriceUpdateDate>
      <ItemCode>7290000149905</ItemCode>
      <ItemType>1</ItemType>
      <ItemName>טקסטיל שמפו נוזל</ItemName>
      <ManufactureName>החברה הדרומית לשיווק בעמ</ManufactureName>
      <ManufactureCountry />
      <ManufactureItemDescription />
      <UnitQty>יח`</UnitQty>
      <Quantity>1</Quantity>
      <UnitMeasure>1 ליטר</UnitMeasure>
      <BisWeighted>0</BisWeighted>
      <QtyInPackage>1</QtyInPackage>
      <ItemPrice>13.90</ItemPrice>
      <UnitOfMeasurePrice>13.90</UnitOfMeasurePrice>
      <AllowDiscount>0</AllowDiscount>
      <itemStatus>1</itemStatus>
      <LastUpdateDate />
      <LastUpdateTime />
    </Product>
    <Product>
      <PriceUpdateDate>2015/01/18 13:44</PriceUpdateDate>
      <ItemCode>7290000149943</ItemCode>
      <ItemType>1</ItemType>
      <ItemName>שמפו טקסטיל בשקית</ItemName>
      <ManufactureName>החברה הדרומית לשיווק בעמ</ManufactureName>
      <ManufactureCountry />
      <ManufactureItemDescription />
      <UnitQty>יח`</UnitQty>
      <Quantity>1</Quantity>
      <UnitMeasure>ק"ג</UnitMeasure>
      <BisWeighted>0</BisWeighted>
      <QtyInPackage>1</QtyInPackage>
      <ItemPrice>12.90</ItemPrice>
      <UnitOfMeasurePrice>12.90</UnitOfMeasurePrice>
      <AllowDiscount>0</AllowDiscount>
      <itemStatus>1</itemStatus>
      <LastUpdateDate />
      <LastUpdateTime />
    </Product>
    <Product>
      <PriceUpdateDate>2016/02/28 10:43</PriceUpdateDate>
      <ItemCode>7290000153469</ItemCode>
      <ItemType>1</ItemType>
      <ItemName>קציצות עוף קלאסיות 600  גר`עוף טוב</ItemName>
      <ManufactureName>קבוצת אסם סחר שות. מוגבלת</ManufactureName>
      <ManufactureCountry />
      <ManufactureItemDescription />
      <UnitQty>יח`</UnitQty>
      <Quantity>600</Quantity>
      <UnitMeasure>גרם</UnitMeasure>
      <BisWeighted>0</BisWeighted>
      <QtyInPackage>1</QtyInPackage>
      <ItemPrice>28.90</ItemPrice>
      <UnitOfMeasurePrice>4.82</UnitOfMeasurePrice>
      <AllowDiscount>0</AllowDiscount>
      <itemStatus>1</itemStatus>
      <LastUpdateDate />
      <LastUpdateTime />
    </Product>
    <Product>
      <PriceUpdateDate>2016/02/28 10:43</PriceUpdateDate>
      <ItemCode>7290000158105</ItemCode>
      <ItemType>1</ItemType>
      <ItemName>שניצל עוף מיני דיזוזאור 700 גר` עוף טוב</ItemName>
      <ManufactureName>קבוצת אסם סחר שות. מוגבלת</ManufactureName>
      <ManufactureCountry />
      <ManufactureItemDescription />
      <UnitQty>יח`</UnitQty>
      <Quantity>700</Quantity>
      <UnitMeasure>גרם</UnitMeasure>
      <BisWeighted>0</BisWeighted>
      <QtyInPackage>1</QtyInPackage>
      <ItemPrice>34.90</ItemPrice>
      <UnitOfMeasurePrice>4.99</UnitOfMeasurePrice>
      <AllowDiscount>1</AllowDiscount>
      <itemStatus>1</itemStatus>
      <LastUpdateDate />
      <LastUpdateTime />
    </Product>
    <Product>
      <PriceUpdateDate>2016/04/04 13:02</PriceUpdateDate>
      <ItemCode>7290000158211</ItemCode>
      <ItemType>1</ItemType>
      <ItemName>שניצל עוף דקיק ענקיסטי 700 עוף טוב</ItemName>
      <ManufactureName>קבוצת אסם סחר שות. מוגבלת</ManufactureName>
      <ManufactureCountry />
      <ManufactureItemDescription />
      <UnitQty>יח`</UnitQty>
      <Quantity>700</Quantity>
      <UnitMeasure>גרם</UnitMeasure>
      <BisWeighted>0</BisWeighted>
      <QtyInPackage>1</QtyInPackage>
      <ItemPrice>35.90</ItemPrice>
      <UnitOfMeasurePrice>5.13</UnitOfMeasurePrice>
      <AllowDiscount>1</AllowDiscount>
      <itemStatus>1</itemStatus>
      <LastUpdateDate />
      <LastUpdateTime />
    </Product>
    <Product>
      <PriceUpdateDate>2016/04/04 13:02</PriceUpdateDate>
      <ItemCode>7290000158235</ItemCode>
      <ItemType>1</ItemType>
      <ItemName>שניצל עוף דקיק עם צ`יפס שמח 700 גר` עוף</ItemName>
      <ManufactureName>קבוצת אסם סחר שות. מוגבלת</ManufactureName>
      <ManufactureCountry />
      <ManufactureItemDescription />
      <UnitQty>יח`</UnitQty>
      <Quantity>700</Quantity>
      <UnitMeasure>גרם</UnitMeasure>
      <BisWeighted>0</BisWeighted>
      <QtyInPackage>1</QtyInPackage>
      <ItemPrice>35.90</ItemPrice>
      <UnitOfMeasurePrice>5.13</UnitOfMeasurePrice>
      <AllowDiscount>1</AllowDiscount>
      <itemStatus>1</itemStatus>
      <LastUpdateDate />
      <LastUpdateTime />
    </Product>
    <Product>
      <PriceUpdateDate>2016/04/04 13:02</PriceUpdateDate>
      <ItemCode>7290000158273</ItemCode>
      <ItemType>1</ItemType>
      <ItemName>שניצל ביתי עדין כזה 700 גר` עוף טוב</ItemName>
      <ManufactureName>קבוצת אסם סחר שות. מוגבלת</ManufactureName>
      <ManufactureCountry />
      <ManufactureItemDescription />
      <UnitQty>יח`</UnitQty>
      <Quantity>700</Quantity>
      <UnitMeasure>גרם</UnitMeasure>
      <BisWeighted>0</BisWeighted>
      <QtyInPackage>1</QtyInPackage>
      <ItemPrice>43.90</ItemPrice>
      <UnitOfMeasurePrice>6.27</UnitOfMeasurePrice>
      <AllowDiscount>1</AllowDiscount>
      <itemStatus>1</itemStatus>
      <LastUpdateDate />
      <LastUpdateTime />
    </Product>
    <Product>
      <PriceUpdateDate>2016/02/28 10:43</PriceUpdateDate>
      <ItemCode>7290000159010</ItemCode>
      <ItemType>1</ItemType>
      <ItemName>שניצל עוף מיני דובונים 700 גר` עוף טוב</ItemName>
      <ManufactureName>קבוצת אסם סחר שות. מוגבלת</ManufactureName>
      <ManufactureCountry />
      <ManufactureItemDescription />
      <UnitQty>יח`</UnitQty>
      <Quantity>700</Quantity>
      <UnitMeasure>גרם</UnitMeasure>
      <BisWeighted>0</BisWeighted>
      <QtyInPackage>1</QtyInPackage>
      <ItemPrice>35.90</ItemPrice>
      <UnitOfMeasurePrice>5.13</UnitOfMeasurePrice>
      <AllowDiscount>1</AllowDiscount>
      <itemStatus>1</itemStatus>
      <LastUpdateDate />
      <LastUpdateTime />
    </Product>
    <Product>
      <PriceUpdateDate>2014/09/29 10:51</PriceUpdateDate>
      <ItemCode>7290000159096</ItemCode>
      <ItemType>1</ItemType>
      <ItemName>חזה עוף בתיבול 500 גר` BBQ עוף טוב</ItemName>
      <ManufactureName>קבוצת אסם סחר שות. מוגבלת</ManufactureName>
      <ManufactureCountry />
      <ManufactureItemDescription />
      <UnitQty>יח`</UnitQty>
      <Quantity>500</Quantity>
      <UnitMeasure>גרם</UnitMeasure>
      <BisWeighted>0</BisWeighted>
      <QtyInPackage>1</QtyInPackage>
      <ItemPrice>39.90</ItemPrice>
      <UnitOfMeasurePrice>7.98</UnitOfMeasurePrice>
      <AllowDiscount>1</AllowDiscount>
      <itemStatus>1</itemStatus>
      <LastUpdateDate />
      <LastUpdateTime />
    </Product>
    <Product>
      <PriceUpdateDate>2015/12/01 10:59</PriceUpdateDate>
      <ItemCode>7290000165219</ItemCode>
      <ItemType>1</ItemType>
      <ItemName>קרם קרקר 210 גר`</ItemName>
      <ManufactureName>יוניליוור ישראל שיווק בעמ</ManufactureName>
      <ManufactureCountry />
      <ManufactureItemDescription />
      <UnitQty>יח`</UnitQty>
      <Quantity>210</Quantity>
      <UnitMeasure>גרם</UnitMeasure>
      <BisWeighted>0</BisWeighted>
      <QtyInPackage>1</QtyInPackage>
      <ItemPrice>8.90</ItemPrice>
      <UnitOfMeasurePrice>4.24</UnitOfMeasurePrice>
      <AllowDiscount>1</AllowDiscount>
      <itemStatus>1</itemStatus>
      <LastUpdateDate />
      <LastUpdateTime />
    </Product>
    <Product>
      <PriceUpdateDate>2016/05/03 15:25</PriceUpdateDate>
      <ItemCode>7290000166605</ItemCode>
      <ItemType>1</ItemType>
      <ItemName>סיף פנטסטיק 4 ליטר כללי יסמין</ItemName>
      <ManufactureName>יוניליוור ישראל שיווק בעמ</ManufactureName>
      <ManufactureCountry />
      <ManufactureItemDescription />
      <UnitQty>יח`</UnitQty>
      <Quantity>4000</Quantity>
      <UnitMeasure>מ"ל</UnitMeasure>
      <BisWeighted>0</BisWeighted>
      <QtyInPackage>1</QtyInPackage>
      <ItemPrice>24.90</ItemPrice>
      <UnitOfMeasurePrice>0.62</UnitOfMeasurePrice>
      <AllowDiscount>1</AllowDiscount>
      <itemStatus>1</itemStatus>
      <LastUpdateDate />
      <LastUpdateTime />
    </Product>
    <Product>
      <PriceUpdateDate>2016/02/28 12:16</PriceUpdateDate>
      <ItemCode>7290000168173</ItemCode>
      <ItemType>1</ItemType>
      <ItemName>ברנפלקס קרנצ`ים 375 גר` בדצ</ItemName>
      <ManufactureName>יוניליוור ישראל שיווק בעמ</ManufactureName>
      <ManufactureCountry />
      <ManufactureItemDescription />
      <UnitQty>יח`</UnitQty>
      <Quantity>375</Quantity>
      <UnitMeasure>גרם</UnitMeasure>
      <BisWeighted>0</BisWeighted>
      <QtyInPackage>1</QtyInPackage>
      <ItemPrice>22.90</ItemPrice>
      <UnitOfMeasurePrice>6.11</UnitOfMeasurePrice>
      <AllowDiscount>1</AllowDiscount>
      <itemStatus>1</itemStatus>
      <LastUpdateDate />
      <LastUpdateTime />
    </Product>
    <Product>
      <PriceUpdateDate>2017/04/30 11:56</PriceUpdateDate>
      <ItemCode>7290000168289</ItemCode>
      <ItemType>1</ItemType>
      <ItemName>שמפו מועשר בשמן מרוקאי פינוק (700 מל)</ItemName>
      <ManufactureName>יוניליוור ישראל שיווק בעמ</ManufactureName>
      <ManufactureCountry />
      <ManufactureItemDescription />
      <UnitQty>יח`</UnitQty>
      <Quantity>700</Quantity>
      <UnitMeasure>מ"ל</UnitMeasure>
      <BisWeighted>0</BisWeighted>
      <QtyInPackage>1</QtyInPackage>
      <ItemPrice>12.90</ItemPrice>
      <UnitOfMeasurePrice>1.84</UnitOfMeasurePrice>
      <AllowDiscount>1</AllowDiscount>
      <itemStatus>1</itemStatus>
      <LastUpdateDate />
      <LastUpdateTime />
    </Product>
    <Product>
      <PriceUpdateDate>2017/04/30 11:56</PriceUpdateDate>
      <ItemCode>7290000169798</ItemCode>
      <ItemType>1</ItemType>
      <ItemName>עוגי מופחת סוכר 500גר</ItemName>
      <ManufactureName>יוניליוור ישראל שיווק בעמ</ManufactureName>
      <ManufactureCountry />
      <ManufactureItemDescription />
      <UnitQty>יח`</UnitQty>
      <Quantity>500</Quantity>
      <UnitMeasure>גרם</UnitMeasure>
      <BisWeighted>0</BisWeighted>
      <QtyInPackage>1</QtyInPackage>
      <ItemPrice>18.90</ItemPrice>
      <UnitOfMeasurePrice>3.78</UnitOfMeasurePrice>
      <AllowDiscount>1</AllowDiscount>
      <itemStatus>1</itemStatus>
      <LastUpdateDate />
      <LastUpdateTime />
    </Product>
    <Product>
      <PriceUpdateDate>2017/03/30 07:47</PriceUpdateDate>
      <ItemCode>7290000170053</ItemCode>
      <ItemType>1</ItemType>
      <ItemName>שוקולד פרה חלב עלית (100 גרם)</ItemName>
      <ManufactureName>שטראוס גרופ בעמ</ManufactureName>
      <ManufactureCountry />
      <ManufactureItemDescription />
      <UnitQty>יח`</UnitQty>
      <Quantity>100</Quantity>
      <UnitMeasure>גרם</UnitMeasure>
      <BisWeighted>0</BisWeighted>
      <QtyInPackage>1</QtyInPackage>
      <ItemPrice>4.90</ItemPrice>
      <UnitOfMeasurePrice>4.90</UnitOfMeasurePrice>
      <AllowDiscount>1</AllowDiscount>
      <itemStatus>1</itemStatus>
      <LastUpdateDate />
      <LastUpdateTime />
    </Product>
    <Product>
      <PriceUpdateDate>2019/08/06 09:31</PriceUpdateDate>
      <ItemCode>7290000170077</ItemCode>
      <ItemType>1</ItemType>
      <ItemName>שוקולד פרה מריר פרווה עלית (100 גרם)</ItemName>
      <ManufactureName>שטראוס גרופ בעמ</ManufactureName>
      <ManufactureCountry />
      <ManufactureItemDescription />
      <UnitQty>יח`</UnitQty>
      <Quantity>100</Quantity>
      <UnitMeasure>גרם</UnitMeasure>
      <BisWeighted>0</BisWeighted>
      <QtyInPackage>1</QtyInPackage>
      <ItemPrice>4.90</ItemPrice>
      <UnitOfMeasurePrice>4.90</UnitOfMeasurePrice>
      <AllowDiscount>1</AllowDiscount>
      <itemStatus>1</itemStatus>
      <LastUpdateDate />
      <LastUpdateTime />
    </Product>
    <Product>
      <PriceUpdateDate>2017/03/30 07:47</PriceUpdateDate>
      <ItemCode>7290000170275</ItemCode>
      <ItemType>1</ItemType>
      <ItemName>טבלאות פרה במילוי קרם נוגט</ItemName>
      <ManufactureName>שטראוס גרופ בעמ</ManufactureName>
      <ManufactureCountry />
      <ManufactureItemDescription />
      <UnitQty>יח`</UnitQty>
      <Quantity>100</Quantity>
      <UnitMeasure>גרם</UnitMeasure>
      <BisWeighted>0</BisWeighted>
      <QtyInPackage>1</QtyInPackage>
      <ItemPrice>4.90</ItemPrice>
      <UnitOfMeasurePrice>4.90</UnitOfMeasurePrice>
      <AllowDiscount>1</AllowDiscount>
      <itemStatus>1</itemStatus>
      <LastUpdateDate />
      <LastUpdateTime />
    </Product>
    <Product>
      <PriceUpdateDate>2013/12/31 09:51</PriceUpdateDate>
      <ItemCode>7290000171470</ItemCode>
      <ItemType>1</ItemType>
      <ItemName>חטיף כיף כף עלית (45 גרם)</ItemName>
      <ManufactureName>שטראוס גרופ בעמ</ManufactureName>
      <ManufactureCountry />
      <ManufactureItemDescription />
      <UnitQty>יח`</UnitQty>
      <Quantity>45</Quantity>
      <UnitMeasure>גרם</UnitMeasure>
      <BisWeighted>0</BisWeighted>
      <QtyInPackage>1</QtyInPackage>
      <ItemPrice>3.90</ItemPrice>
      <UnitOfMeasurePrice>8.67</UnitOfMeasurePrice>
      <AllowDiscount>1</AllowDiscount>
      <itemStatus>1</itemStatus>
      <LastUpdateDate />
      <LastUpdateTime />
    </Product>
    <Product>
      <PriceUpdateDate>2016/12/18 08:11</PriceUpdateDate>
      <ItemCode>7290000174037</ItemCode>
      <ItemType>1</ItemType>
      <ItemName>בפלות בטעם לימון עלית (500 גרם)</ItemName>
      <ManufactureName>שטראוס גרופ בעמ</ManufactureName>
      <ManufactureCountry />
      <ManufactureItemDescription />
      <UnitQty>יח`</UnitQty>
      <Quantity>500</Quantity>
      <UnitMeasure>גרם</UnitMeasure>
      <BisWeighted>0</BisWeighted>
      <QtyInPackage>1</QtyInPackage>
      <ItemPrice>12.90</ItemPrice>
      <UnitOfMeasurePrice>2.58</UnitOfMeasurePrice>
      <AllowDiscount>0</AllowDiscount>
      <itemStatus>1</itemStatus>
      <LastUpdateDate />
      <LastUpdateTime />
    </Product>
    <Product>
      <PriceUpdateDate>2018/12/18 06:26</PriceUpdateDate>
      <ItemCode>7290000174099</ItemCode>
      <ItemType>1</ItemType>
      <ItemName>בפלות בטעם שוקולד עלית (4 יח` - 500 גרם)</ItemName>
      <ManufactureName>שטראוס גרופ בעמ</ManufactureName>
      <ManufactureCountry />
      <ManufactureItemDescription />
      <UnitQty>יח`</UnitQty>
      <Quantity>500</Quantity>
      <UnitMeasure>גרם</UnitMeasure>
      <BisWeighted>0</BisWeighted>
      <QtyInPackage>1</QtyInPackage>
      <ItemPrice>12.90</ItemPrice>
      <UnitOfMeasurePrice>2.58</UnitOfMeasurePrice>
      <AllowDiscount>0</AllowDiscount>
      <itemStatus>1</itemStatus>
      <LastUpdateDate />
      <LastUpdateTime />
    </Product>
    <Product>
      <PriceUpdateDate>2017/03/30 07:47</PriceUpdateDate>
      <ItemCode>7290000174723</ItemCode>
      <ItemType>1</ItemType>
      <ItemName>שוקולית אבקת שוקו עלית (500 גרם)</ItemName>
      <ManufactureName>שטראוס גרופ בעמ</ManufactureName>
      <ManufactureCountry />
      <ManufactureItemDescription />
      <UnitQty>יח`</UnitQty>
      <Quantity>500</Quantity>
      <UnitMeasure>גרם</UnitMeasure>
      <BisWeighted>0</BisWeighted>
      <QtyInPackage>1</QtyInPackage>
      <ItemPrice>11.90</ItemPrice>
      <UnitOfMeasurePrice>2.38</UnitOfMeasurePrice>
      <AllowDiscount>0</AllowDiscount>
      <itemStatus>1</itemStatus>
      <LastUpdateDate />
      <LastUpdateTime />
    </Product>
    <Product>
      <PriceUpdateDate>2014/04/13 19:46</PriceUpdateDate>
      <ItemCode>7290000175027</ItemCode>
      <ItemType>1</ItemType>
      <ItemName>ממרחית בטעם שוקולד עלית (500 גרם)</ItemName>
      <ManufactureName>שטראוס גרופ בעמ</ManufactureName>
      <ManufactureCountry />
      <ManufactureItemDescription />
      <UnitQty>יח`</UnitQty>
      <Quantity>500</Quantity>
      <UnitMeasure>גרם</UnitMeasure>
      <BisWeighted>0</BisWeighted>
      <QtyInPackage>1</QtyInPackage>
      <ItemPrice>11.90</ItemPrice>
      <UnitOfMeasurePrice>2.38</UnitOfMeasurePrice>
      <AllowDiscount>0</AllowDiscount>
      <itemStatus>1</itemStatus>
      <LastUpdateDate />
      <LastUpdateTime />
    </Product>
    <Product>
      <PriceUpdateDate>2019/01/30 09:04</PriceUpdateDate>
      <ItemCode>7290000176079</ItemCode>
      <ItemType>1</ItemType>
      <ItemName>קפה טורקי עם הל עלית (100 גרם)</ItemName>
      <ManufactureName>שטראוס גרופ בעמ</ManufactureName>
      <ManufactureCountry />
      <ManufactureItemDescription />
      <UnitQty>יח`</UnitQty>
      <Quantity>100</Quantity>
      <UnitMeasure>גרם</UnitMeasure>
      <BisWeighted>0</BisWeighted>
      <QtyInPackage>1</QtyInPackage>
      <ItemPrice>8.90</ItemPrice>
      <UnitOfMeasurePrice>8.90</UnitOfMeasurePrice>
      <AllowDiscount>0</AllowDiscount>
      <itemStatus>1</itemStatus>
      <LastUpdateDate />
      <LastUpdateTime />
    </Product>
    <Product>
      <PriceUpdateDate>2019/02/06 08:58</PriceUpdateDate>
      <ItemCode>7290000176093</ItemCode>
      <ItemType>1</ItemType>
      <ItemName>קפה טורקי אלדין עלית (200 גרם)</ItemName>
      <ManufactureName>שטראוס גרופ בעמ</ManufactureName>
      <ManufactureCountry />
      <ManufactureItemDescription />
      <UnitQty>יח`</UnitQty>
      <Quantity>200</Quantity>
      <UnitMeasure>גרם</UnitMeasure>
      <BisWeighted>0</BisWeighted>
      <QtyInPackage>1</QtyInPackage>
      <ItemPrice>17.90</ItemPrice>
      <UnitOfMeasurePrice>8.95</UnitOfMeasurePrice>
      <AllowDiscount>0</AllowDiscount>
      <itemStatus>1</itemStatus>
      <LastUpdateDate />
      <LastUpdateTime />
    </Product>
    <Product>
      <PriceUpdateDate>2014/07/13 13:52</PriceUpdateDate>
      <ItemCode>7290000176116</ItemCode>
      <ItemType>1</ItemType>
      <ItemName>קפה טורקי בוואקום עלית (1 קג)</ItemName>
      <ManufactureName>שטראוס גרופ בעמ</ManufactureName>
      <ManufactureCountry />
      <ManufactureItemDescription />
      <UnitQty>יח`</UnitQty>
      <Quantity>1</Quantity>
      <UnitMeasure>ק"ג</UnitMeasure>
      <BisWeighted>0</BisWeighted>
      <QtyInPackage>1</QtyInPackage>
      <ItemPrice>74.90</ItemPrice>
      <UnitOfMeasurePrice>74.90</UnitOfMeasurePrice>
      <AllowDiscount>0</AllowDiscount>
      <itemStatus>1</itemStatus>
      <LastUpdateDate />
      <LastUpdateTime />
    </Product>
    <Product>
      <PriceUpdateDate>2013/06/09 19:11</PriceUpdateDate>
      <ItemCode>7290000176192</ItemCode>
      <ItemType>1</ItemType>
      <ItemName>קפה טורקי האג נטול קפאין עלית (200 גרם)</ItemName>
      <ManufactureName>שטראוס גרופ בעמ</ManufactureName>
      <ManufactureCountry />
      <ManufactureItemDescription />
      <UnitQty>יח`</UnitQty>
      <Quantity>200</Quantity>
      <UnitMeasure>גרם</UnitMeasure>
      <BisWeighted>0</BisWeighted>
      <QtyInPackage>1</QtyInPackage>
      <ItemPrice>26.70</ItemPrice>
      <UnitOfMeasurePrice>13.35</UnitOfMeasurePrice>
      <AllowDiscount>0</AllowDiscount>
      <itemStatus>1</itemStatus>
      <LastUpdateDate />
      <LastUpdateTime />
    </Product>
    <Product>
      <PriceUpdateDate>2014/04/13 19:46</PriceUpdateDate>
      <ItemCode>7290000176413</ItemCode>
      <ItemType>1</ItemType>
      <ItemName>נס קפה קטן פח</ItemName>
      <ManufactureName>שטראוס גרופ בעמ</ManufactureName>
      <ManufactureCountry />
      <ManufactureItemDescription />
      <UnitQty>יח`</UnitQty>
      <Quantity>50</Quantity>
      <UnitMeasure>גרם</UnitMeasure>
      <BisWeighted>0</BisWeighted>
      <QtyInPackage>1</QtyInPackage>
      <ItemPrice>9.90</ItemPrice>
      <UnitOfMeasurePrice>19.80</UnitOfMeasurePrice>
      <AllowDiscount>0</AllowDiscount>
      <itemStatus>1</itemStatus>
      <LastUpdateDate />
      <LastUpdateTime />
    </Product>
    <Product>
      <PriceUpdateDate>2015/01/29 11:25</PriceUpdateDate>
      <ItemCode>7290000176420</ItemCode>
      <ItemType>1</ItemType>
      <ItemName>קפה נמס עלית (200 גרם)</ItemName>
      <ManufactureName>שטראוס גרופ בעמ</ManufactureName>
      <ManufactureCountry />
      <ManufactureItemDescription />
      <UnitQty>יח`</UnitQty>
      <Quantity>200</Quantity>
      <UnitMeasure>גרם</UnitMeasure>
      <BisWeighted>0</BisWeighted>
      <QtyInPackage>1</QtyInPackage>
      <ItemPrice>19.90</ItemPrice>
      <UnitOfMeasurePrice>9.95</UnitOfMeasurePrice>
      <AllowDiscount>0</AllowDiscount>
      <itemStatus>1</itemStatus>
      <LastUpdateDate />
      <LastUpdateTime />
    </Product>
    <Product>
      <PriceUpdateDate>2019/02/06 08:58</PriceUpdateDate>
      <ItemCode>7290000176475</ItemCode>
      <ItemType>1</ItemType>
      <ItemName>קפה נמס נטול קפאין האג עלית (200 גרם)</ItemName>
      <ManufactureName>שטראוס גרופ בעמ</ManufactureName>
      <ManufactureCountry />
      <ManufactureItemDescription />
      <UnitQty>יח`</UnitQty>
      <Quantity>200</Quantity>
      <UnitMeasure>גרם</UnitMeasure>
      <BisWeighted>0</BisWeighted>
      <QtyInPackage>1</QtyInPackage>
      <ItemPrice>34.90</ItemPrice>
      <UnitOfMeasurePrice>17.45</UnitOfMeasurePrice>
      <AllowDiscount>0</AllowDiscount>
      <itemStatus>1</itemStatus>
      <LastUpdateDate />
      <LastUpdateTime />
    </Product>
    <Product>
      <PriceUpdateDate>2017/03/27 12:24</PriceUpdateDate>
      <ItemCode>7290000178707</ItemCode>
      <ItemType>1</ItemType>
      <ItemName>חטיף צ`יפס בטעם טבעי תפוצ`יפס (50 גרם)</ItemName>
      <ManufactureName>שטראוס פריטו ליי בעמ</ManufactureName>
      <ManufactureCountry />
      <ManufactureItemDescription />
      <UnitQty>יח`</UnitQty>
      <Quantity>50</Quantity>
      <UnitMeasure>גרם</UnitMeasure>
      <BisWeighted>0</BisWeighted>
      <QtyInPackage>1</QtyInPackage>
      <ItemPrice>3.90</ItemPrice>
      <UnitOfMeasurePrice>7.80</UnitOfMeasurePrice>
      <AllowDiscount>0</AllowDiscount>
      <itemStatus>1</itemStatus>
      <LastUpdateDate />
      <LastUpdateTime />
    </Product>
    <Product>
      <PriceUpdateDate>2013/12/18 11:59</PriceUpdateDate>
      <ItemCode>7290000178721</ItemCode>
      <ItemType>1</ItemType>
      <ItemName>חטיף צ`יפס בטעם טבעי תפוצ`יפס (200 גרם)</ItemName>
      <ManufactureName>שטראוס פריטו ליי בעמ</ManufactureName>
      <ManufactureCountry />
      <ManufactureItemDescription />
      <UnitQty>יח`</UnitQty>
      <Quantity>200</Quantity>
      <UnitMeasure>גרם</UnitMeasure>
      <BisWeighted>0</BisWeighted>
      <QtyInPackage>1</QtyInPackage>
      <ItemPrice>10.90</ItemPrice>
      <UnitOfMeasurePrice>5.45</UnitOfMeasurePrice>
      <AllowDiscount>1</AllowDiscount>
      <itemStatus>1</itemStatus>
      <LastUpdateDate />
      <LastUpdateTime />
    </Product>
    <Product>
      <PriceUpdateDate>2017/03/30 07:47</PriceUpdateDate>
      <ItemCode>7290000180212</ItemCode>
      <ItemType>1</ItemType>
      <ItemName>שוקולד פרה מריר עם אגוזים עלית (100 גרם)</ItemName>
      <ManufactureName>שטראוס גרופ בעמ</ManufactureName>
      <ManufactureCountry />
      <ManufactureItemDescription />
      <UnitQty>יח`</UnitQty>
      <Quantity>100</Quantity>
      <UnitMeasure>גרם</UnitMeasure>
      <BisWeighted>0</BisWeighted>
      <QtyInPackage>1</QtyInPackage>
      <ItemPrice>4.90</ItemPrice>
      <UnitOfMeasurePrice>4.90</UnitOfMeasurePrice>
      <AllowDiscount>1</AllowDiscount>
      <itemStatus>1</itemStatus>
      <LastUpdateDate />
      <LastUpdateTime />
    </Product>
    <Product>
      <PriceUpdateDate>2015/12/01 11:26</PriceUpdateDate>
      <ItemCode>7290000181103</ItemCode>
      <ItemType>1</ItemType>
      <ItemName>ביסקוויט עד חצות חלבי 200 גר`</ItemName>
      <ManufactureName>שטראוס גרופ בעמ</ManufactureName>
      <ManufactureCountry />
      <ManufactureItemDescription />
      <UnitQty>יח`</UnitQty>
      <Quantity>200</Quantity>
      <UnitMeasure>גרם</UnitMeasure>
      <BisWeighted>0</BisWeighted>
      <QtyInPackage>1</QtyInPackage>
      <ItemPrice>13.90</ItemPrice>
      <UnitOfMeasurePrice>6.95</UnitOfMeasurePrice>
      <AllowDiscount>1</AllowDiscount>
      <itemStatus>1</itemStatus>
      <LastUpdateDate />
      <LastUpdateTime />
    </Product>
    <Product>
      <PriceUpdateDate>2020/02/04 12:48</PriceUpdateDate>
      <ItemCode>7290000186535</ItemCode>
      <ItemType>1</ItemType>
      <ItemName>נייר טואלט טריו לבן לילי (32)</ItemName>
      <ManufactureName>קימברלי קלארק ישראל שיווק בעמ</ManufactureName>
      <ManufactureCountry />
      <ManufactureItemDescription />
      <UnitQty>יח`</UnitQty>
      <Quantity>1</Quantity>
      <UnitMeasure />
      <BisWeighted>0</BisWeighted>
      <QtyInPackage>1</QtyInPackage>
      <ItemPrice>39.90</ItemPrice>
      <UnitOfMeasurePrice>39.90</UnitOfMeasurePrice>
      <AllowDiscount>0</AllowDiscount>
      <itemStatus>1</itemStatus>
      <LastUpdateDate />
      <LastUpdateTime />
    </Product>
    <Product>
      <PriceUpdateDate>2019/06/16 08:46</PriceUpdateDate>
      <ItemCode>7290000187860</ItemCode>
      <ItemType>1</ItemType>
      <ItemName>מגבוני טואלט לחים לילי) (40</ItemName>
      <ManufactureName>קימברלי קלארק ישראל שיווק בעמ</ManufactureName>
      <ManufactureCountry />
      <ManufactureItemDescription />
      <UnitQty>יח`</UnitQty>
      <Quantity>59</Quantity>
      <UnitMeasure>גרם</UnitMeasure>
      <BisWeighted>0</BisWeighted>
      <QtyInPackage>1</QtyInPackage>
      <ItemPrice>7.90</ItemPrice>
      <UnitOfMeasurePrice>13.39</UnitOfMeasurePrice>
      <AllowDiscount>0</AllowDiscount>
      <itemStatus>1</itemStatus>
      <LastUpdateDate />
      <LastUpdateTime />
    </Product>
    <Product>
      <PriceUpdateDate>2018/07/23 12:00</PriceUpdateDate>
      <ItemCode>7290000187921</ItemCode>
      <ItemType>1</ItemType>
      <ItemName>נייר טואלט קלאסיק לבן לילי (32)</ItemName>
      <ManufactureName>קימברלי קלארק ישראל שיווק בעמ</ManufactureName>
      <ManufactureCountry />
      <ManufactureItemDescription />
      <UnitQty>יח`</UnitQty>
      <Quantity>1969</Quantity>
      <UnitMeasure>גרם</UnitMeasure>
      <BisWeighted>0</BisWeighted>
      <QtyInPackage>1</QtyInPackage>
      <ItemPrice>37.90</ItemPrice>
      <UnitOfMeasurePrice>1.92</UnitOfMeasurePrice>
      <AllowDiscount>0</AllowDiscount>
      <itemStatus>1</itemStatus>
      <LastUpdateDate />
      <LastUpdateTime />
    </Product>
    <Product>
      <PriceUpdateDate>2018/12/18 12:52</PriceUpdateDate>
      <ItemCode>7290000187938</ItemCode>
      <ItemType>1</ItemType>
      <ItemName>נייר טואלט פסטל לילי 32 גלילים</ItemName>
      <ManufactureName>קימברלי קלארק ישראל שיווק בעמ</ManufactureName>
      <ManufactureCountry />
      <ManufactureItemDescription />
      <UnitQty>יח`</UnitQty>
      <Quantity>19.69</Quantity>
      <UnitMeasure>יח`</UnitMeasure>
      <BisWeighted>0</BisWeighted>
      <QtyInPackage>1</QtyInPackage>
      <ItemPrice>32.90</ItemPrice>
      <UnitOfMeasurePrice>1.67</UnitOfMeasurePrice>
      <AllowDiscount>0</AllowDiscount>
      <itemStatus>1</itemStatus>
      <LastUpdateDate />
      <LastUpdateTime />
    </Product>
    <Product>
      <PriceUpdateDate>2018/06/17 11:48</PriceUpdateDate>
      <ItemCode>7290000188355</ItemCode>
      <ItemType>1</ItemType>
      <ItemName>מגבת נייר ניקול (6)</ItemName>
      <ManufactureName>קימברלי קלארק ישראל שיווק בעמ</ManufactureName>
      <ManufactureCountry />
      <ManufactureItemDescription />
      <UnitQty>יח`</UnitQty>
      <Quantity>1</Quantity>
      <UnitMeasure />
      <BisWeighted>0</BisWeighted>
      <QtyInPackage>1</QtyInPackage>
      <ItemPrice>11.90</ItemPrice>
      <UnitOfMeasurePrice>11.90</UnitOfMeasurePrice>
      <AllowDiscount>1</AllowDiscount>
      <itemStatus>1</itemStatus>
      <LastUpdateDate />
      <LastUpdateTime />
    </Product>
    <Product>
      <PriceUpdateDate>2015/05/27 11:08</PriceUpdateDate>
      <ItemCode>7290000188560</ItemCode>
      <ItemType>1</ItemType>
      <ItemName>מגן תחתון לארג` קוטקס (52)</ItemName>
      <ManufactureName>קימברלי קלארק ישראל שיווק בעמ</ManufactureName>
      <ManufactureCountry />
      <ManufactureItemDescription />
      <UnitQty>יח`</UnitQty>
      <Quantity>1</Quantity>
      <UnitMeasure>יח`</UnitMeasure>
      <BisWeighted>0</BisWeighted>
      <QtyInPackage>1</QtyInPackage>
      <ItemPrice>19.90</ItemPrice>
      <UnitOfMeasurePrice>19.90</UnitOfMeasurePrice>
      <AllowDiscount>0</AllowDiscount>
      <itemStatus>1</itemStatus>
      <LastUpdateDate />
      <LastUpdateTime />
    </Product>
    <Product>
      <PriceUpdateDate>2014/08/17 10:15</PriceUpdateDate>
      <ItemCode>7290000189192</ItemCode>
      <ItemType>1</ItemType>
      <ItemName>מגבת רב שימושית ניקול</ItemName>
      <ManufactureName>קימברלי קלארק ישראל שיווק בעמ</ManufactureName>
      <ManufactureCountry />
      <ManufactureItemDescription />
      <UnitQty>יח`</UnitQty>
      <Quantity>1</Quantity>
      <UnitMeasure>יח`</UnitMeasure>
      <BisWeighted>0</BisWeighted>
      <QtyInPackage>1</QtyInPackage>
      <ItemPrice>19.90</ItemPrice>
      <UnitOfMeasurePrice>19.90</UnitOfMeasurePrice>
      <AllowDiscount>0</AllowDiscount>
      <itemStatus>1</itemStatus>
      <LastUpdateDate />
      <LastUpdateTime />
    </Product>
    <Product>
      <PriceUpdateDate>2014/08/17 10:15</PriceUpdateDate>
      <ItemCode>7290000189536</ItemCode>
      <ItemType>1</ItemType>
      <ItemName>אשפתון 40</ItemName>
      <ManufactureName>קימברלי קלארק ישראל שיווק בעמ</ManufactureName>
      <ManufactureCountry />
      <ManufactureItemDescription />
      <UnitQty>יח`</UnitQty>
      <Quantity>40</Quantity>
      <UnitMeasure>יח`</UnitMeasure>
      <BisWeighted>0</BisWeighted>
      <QtyInPackage>1</QtyInPackage>
      <ItemPrice>20.90</ItemPrice>
      <UnitOfMeasurePrice>0.52</UnitOfMeasurePrice>
      <AllowDiscount>1</AllowDiscount>
      <itemStatus>1</itemStatus>
      <LastUpdateDate />
      <LastUpdateTime />
    </Product>
    <Product>
      <PriceUpdateDate>2015/05/27 11:08</PriceUpdateDate>
      <ItemCode>7290000189550</ItemCode>
      <ItemType>1</ItemType>
      <ItemName>זוג אשפתון 90x78 ניקול) (10x2</ItemName>
      <ManufactureName>קימברלי קלארק ישראל שיווק בעמ</ManufactureName>
      <ManufactureCountry />
      <ManufactureItemDescription />
      <UnitQty>יח`</UnitQty>
      <Quantity>1</Quantity>
      <UnitMeasure>יח`</UnitMeasure>
      <BisWeighted>0</BisWeighted>
      <QtyInPackage>1</QtyInPackage>
      <ItemPrice>23.90</ItemPrice>
      <UnitOfMeasurePrice>23.90</UnitOfMeasurePrice>
      <AllowDiscount>0</AllowDiscount>
      <itemStatus>1</itemStatus>
      <LastUpdateDate />
      <LastUpdateTime />
    </Product>
    <Product>
      <PriceUpdateDate>2019/09/01 12:16</PriceUpdateDate>
      <ItemCode>7290000189598</ItemCode>
      <ItemType>1</ItemType>
      <ItemName>מטליות לחות לניקוי כללי ניקול (50)</ItemName>
      <ManufactureName>קימברלי קלארק ישראל שיווק בעמ</ManufactureName>
      <ManufactureCountry />
      <ManufactureItemDescription />
      <UnitQty>יח`</UnitQty>
      <Quantity>1</Quantity>
      <UnitMeasure>יח`</UnitMeasure>
      <BisWeighted>0</BisWeighted>
      <QtyInPackage>1</QtyInPackage>
      <ItemPrice>11.90</ItemPrice>
      <UnitOfMeasurePrice>11.90</UnitOfMeasurePrice>
      <AllowDiscount>1</AllowDiscount>
      <itemStatus>1</itemStatus>
      <LastUpdateDate />
      <LastUpdateTime />
    </Product>
    <Product>
      <PriceUpdateDate>2019/09/01 12:16</PriceUpdateDate>
      <ItemCode>7290000189659</ItemCode>
      <ItemType>1</ItemType>
      <ItemName>מטליות לחות לניקוי רצפה ניקול (10)</ItemName>
      <ManufactureName>קימברלי קלארק ישראל שיווק בעמ</ManufactureName>
      <ManufactureCountry />
      <ManufactureItemDescription />
      <UnitQty>יח`</UnitQty>
      <Quantity>1</Quantity>
      <UnitMeasure>יח`</UnitMeasure>
      <BisWeighted>0</BisWeighted>
      <QtyInPackage>1</QtyInPackage>
      <ItemPrice>13.90</ItemPrice>
      <UnitOfMeasurePrice>13.90</UnitOfMeasurePrice>
      <AllowDiscount>1</AllowDiscount>
      <itemStatus>1</itemStatus>
      <LastUpdateDate />
      <LastUpdateTime />
    </Product>
    <Product>
      <PriceUpdateDate>2015/01/12 14:23</PriceUpdateDate>
      <ItemCode>7290000189734</ItemCode>
      <ItemType>1</ItemType>
      <ItemName>מטליות לחות לניקוי פרקטים ניקול) (10</ItemName>
      <ManufactureName>קימברלי קלארק ישראל שיווק בעמ</ManufactureName>
      <ManufactureCountry />
      <ManufactureItemDescription />
      <UnitQty>יח`</UnitQty>
      <Quantity>1</Quantity>
      <UnitMeasure />
      <BisWeighted>0</BisWeighted>
      <QtyInPackage>1</QtyInPackage>
      <ItemPrice>21.90</ItemPrice>
      <UnitOfMeasurePrice>21.90</UnitOfMeasurePrice>
      <AllowDiscount>0</AllowDiscount>
      <itemStatus>1</itemStatus>
      <LastUpdateDate />
      <LastUpdateTime />
    </Product>
    <Product>
      <PriceUpdateDate>2020/03/10 10:13</PriceUpdateDate>
      <ItemCode>7290000189871</ItemCode>
      <ItemType>1</ItemType>
      <ItemName>שקיות אשפה לפח עם שרוך 64x52 ניקול (55)</ItemName>
      <ManufactureName>קימברלי קלארק ישראל שיווק בעמ</ManufactureName>
      <ManufactureCountry />
      <ManufactureItemDescription />
      <UnitQty>יח`</UnitQty>
      <Quantity>60</Quantity>
      <UnitMeasure>יח`</UnitMeasure>
      <BisWeighted>0</BisWeighted>
      <QtyInPackage>1</QtyInPackage>
      <ItemPrice>17.90</ItemPrice>
      <UnitOfMeasurePrice>0.30</UnitOfMeasurePrice>
      <AllowDiscount>0</AllowDiscount>
      <itemStatus>1</itemStatus>
      <LastUpdateDate />
      <LastUpdateTime />
    </Product>
    <Product>
      <PriceUpdateDate>2019/09/01 12:16</PriceUpdateDate>
      <ItemCode>7290000190198</ItemCode>
      <ItemType>1</ItemType>
      <ItemName>מטליות לניקוי וחיטוי ניקול</ItemName>
      <ManufactureName>קימברלי קלארק ישראל שיווק בעמ</ManufactureName>
      <ManufactureCountry />
      <ManufactureItemDescription />
      <UnitQty>יח`</UnitQty>
      <Quantity>1</Quantity>
      <UnitMeasure />
      <BisWeighted>0</BisWeighted>
      <QtyInPackage>1</QtyInPackage>
      <ItemPrice>11.90</ItemPrice>
      <UnitOfMeasurePrice>11.90</UnitOfMeasurePrice>
      <AllowDiscount>1</AllowDiscount>
      <itemStatus>1</itemStatus>
      <LastUpdateDate />
      <LastUpdateTime />
    </Product>
    <Product>
      <PriceUpdateDate>2015/08/16 11:21</PriceUpdateDate>
      <ItemCode>7290000191225</ItemCode>
      <ItemType>1</ItemType>
      <ItemName>חיתולי ליטל בייביס שלב 2 האגיס) (44</ItemName>
      <ManufactureName>קימברלי קלארק ישראל שיווק בעמ</ManufactureName>
      <ManufactureCountry />
      <ManufactureItemDescription />
      <UnitQty>יח`</UnitQty>
      <Quantity>1</Quantity>
      <UnitMeasure />
      <BisWeighted>0</BisWeighted>
      <QtyInPackage>1</QtyInPackage>
      <ItemPrice>34.90</ItemPrice>
      <UnitOfMeasurePrice>34.90</UnitOfMeasurePrice>
      <AllowDiscount>0</AllowDiscount>
      <itemStatus>1</itemStatus>
      <LastUpdateDate />
      <LastUpdateTime />
    </Product>
    <Product>
      <PriceUpdateDate>2019/10/23 09:02</PriceUpdateDate>
      <ItemCode>7290000191539</ItemCode>
      <ItemType>1</ItemType>
      <ItemName>ממחטות טישו לילי) (100x5</ItemName>
      <ManufactureName>קימברלי קלארק ישראל שיווק בעמ</ManufactureName>
      <ManufactureCountry />
      <ManufactureItemDescription />
      <UnitQty>יח`</UnitQty>
      <Quantity>593</Quantity>
      <UnitMeasure>גרם</UnitMeasure>
      <BisWeighted>0</BisWeighted>
      <QtyInPackage>1</QtyInPackage>
      <ItemPrice>12.90</ItemPrice>
      <UnitOfMeasurePrice>2.18</UnitOfMeasurePrice>
      <AllowDiscount>0</AllowDiscount>
      <itemStatus>1</itemStatus>
      <LastUpdateDate />
      <LastUpdateTime />
    </Product>
    <Product>
      <PriceUpdateDate>2014/08/17 10:15</PriceUpdateDate>
      <ItemCode>7290000191546</ItemCode>
      <ItemType>1</ItemType>
      <ItemName>מגבוני לילי צבעוני שלישייה</ItemName>
      <ManufactureName>קימברלי קלארק ישראל שיווק בעמ</ManufactureName>
      <ManufactureCountry />
      <ManufactureItemDescription />
      <UnitQty>יח`</UnitQty>
      <Quantity>420</Quantity>
      <UnitMeasure>גרם</UnitMeasure>
      <BisWeighted>0</BisWeighted>
      <QtyInPackage>1</QtyInPackage>
      <ItemPrice>10.90</ItemPrice>
      <UnitOfMeasurePrice>2.60</UnitOfMeasurePrice>
      <AllowDiscount>0</AllowDiscount>
      <itemStatus>1</itemStatus>
      <LastUpdateDate />
      <LastUpdateTime />
    </Product>
    <Product>
      <PriceUpdateDate>2014/10/29 12:31</PriceUpdateDate>
      <ItemCode>7290000193014</ItemCode>
      <ItemType>1</ItemType>
      <ItemName>מגן תחתון לילי (50)</ItemName>
      <ManufactureName>קימברלי קלארק ישראל שיווק בעמ</ManufactureName>
      <ManufactureCountry />
      <ManufactureItemDescription />
      <UnitQty>יח`</UnitQty>
      <Quantity>1</Quantity>
      <UnitMeasure />
      <BisWeighted>0</BisWeighted>
      <QtyInPackage>1</QtyInPackage>
      <ItemPrice>10.90</ItemPrice>
      <UnitOfMeasurePrice>10.90</UnitOfMeasurePrice>
      <AllowDiscount>1</AllowDiscount>
      <itemStatus>1</itemStatus>
      <LastUpdateDate />
      <LastUpdateTime />
    </Product>
    <Product>
      <PriceUpdateDate>2014/10/29 12:31</PriceUpdateDate>
      <ItemCode>7290000193083</ItemCode>
      <ItemType>1</ItemType>
      <ItemName>תחבושות נובה-לי לילי (28)</ItemName>
      <ManufactureName>קימברלי קלארק ישראל שיווק בעמ</ManufactureName>
      <ManufactureCountry />
      <ManufactureItemDescription />
      <UnitQty>יח`</UnitQty>
      <Quantity>1</Quantity>
      <UnitMeasure />
      <BisWeighted>0</BisWeighted>
      <QtyInPackage>1</QtyInPackage>
      <ItemPrice>10.90</ItemPrice>
      <UnitOfMeasurePrice>10.90</UnitOfMeasurePrice>
      <AllowDiscount>1</AllowDiscount>
      <itemStatus>1</itemStatus>
      <LastUpdateDate />
      <LastUpdateTime />
    </Product>
    <Product>
      <PriceUpdateDate>2015/05/27 11:08</PriceUpdateDate>
      <ItemCode>7290000193205</ItemCode>
      <ItemType>1</ItemType>
      <ItemName>תח` לילי נטורל לילה</ItemName>
      <ManufactureName>קימברלי קלארק ישראל שיווק בעמ</ManufactureName>
      <ManufactureCountry />
      <ManufactureItemDescription />
      <UnitQty>יח`</UnitQty>
      <Quantity>1</Quantity>
      <UnitMeasure>יח`</UnitMeasure>
      <BisWeighted>0</BisWeighted>
      <QtyInPackage>1</QtyInPackage>
      <ItemPrice>18.90</ItemPrice>
      <UnitOfMeasurePrice>18.90</UnitOfMeasurePrice>
      <AllowDiscount>1</AllowDiscount>
      <itemStatus>1</itemStatus>
      <LastUpdateDate />
      <LastUpdateTime />
    </Product>
    <Product>
      <PriceUpdateDate>2015/05/27 11:08</PriceUpdateDate>
      <ItemCode>7290000193472</ItemCode>
      <ItemType>1</ItemType>
      <ItemName>מגן תחתון נטורל נורמל לילי (60)</ItemName>
      <ManufactureName>קימברלי קלארק ישראל שיווק בעמ</ManufactureName>
      <ManufactureCountry />
      <ManufactureItemDescription />
      <UnitQty>יח`</UnitQty>
      <Quantity>1</Quantity>
      <UnitMeasure>יח`</UnitMeasure>
      <BisWeighted>0</BisWeighted>
      <QtyInPackage>1</QtyInPackage>
      <ItemPrice>18.90</ItemPrice>
      <UnitOfMeasurePrice>18.90</UnitOfMeasurePrice>
      <AllowDiscount>1</AllowDiscount>
      <itemStatus>1</itemStatus>
      <LastUpdateDate />
      <LastUpdateTime />
    </Product>
    <Product>
      <PriceUpdateDate>2015/05/27 11:08</PriceUpdateDate>
      <ItemCode>7290000193540</ItemCode>
      <ItemType>1</ItemType>
      <ItemName>מגן תחתון נטורל לונג לילי (52)</ItemName>
      <ManufactureName>קימברלי קלארק ישראל שיווק בעמ</ManufactureName>
      <ManufactureCountry />
      <ManufactureItemDescription />
      <UnitQty>יח`</UnitQty>
      <Quantity>1</Quantity>
      <UnitMeasure>יח`</UnitMeasure>
      <BisWeighted>0</BisWeighted>
      <QtyInPackage>1</QtyInPackage>
      <ItemPrice>18.90</ItemPrice>
      <UnitOfMeasurePrice>18.90</UnitOfMeasurePrice>
      <AllowDiscount>1</AllowDiscount>
      <itemStatus>1</itemStatus>
      <LastUpdateDate />
      <LastUpdateTime />
    </Product>
    <Product>
      <PriceUpdateDate>2015/05/27 11:08</PriceUpdateDate>
      <ItemCode>7290000193618</ItemCode>
      <ItemType>1</ItemType>
      <ItemName>מגן תחתון נטורל לייט לילי (62)</ItemName>
      <ManufactureName>קימברלי קלארק ישראל שיווק בעמ</ManufactureName>
      <ManufactureCountry />
      <ManufactureItemDescription />
      <UnitQty>יח`</UnitQty>
      <Quantity>1</Quantity>
      <UnitMeasure>יח`</UnitMeasure>
      <BisWeighted>0</BisWeighted>
      <QtyInPackage>1</QtyInPackage>
      <ItemPrice>18.90</ItemPrice>
      <UnitOfMeasurePrice>18.90</UnitOfMeasurePrice>
      <AllowDiscount>1</AllowDiscount>
      <itemStatus>1</itemStatus>
      <LastUpdateDate />
      <LastUpdateTime />
    </Product>
    <Product>
      <PriceUpdateDate>2015/05/27 11:08</PriceUpdateDate>
      <ItemCode>7290000193649</ItemCode>
      <ItemType>1</ItemType>
      <ItemName>תחבושות נורמל עם כנפיים לילי (24)</ItemName>
      <ManufactureName>קימברלי קלארק ישראל שיווק בעמ</ManufactureName>
      <ManufactureCountry />
      <ManufactureItemDescription />
      <UnitQty>יח`</UnitQty>
      <Quantity>1</Quantity>
      <UnitMeasure>יח`</UnitMeasure>
      <BisWeighted>0</BisWeighted>
      <QtyInPackage>1</QtyInPackage>
      <ItemPrice>17.90</ItemPrice>
      <UnitOfMeasurePrice>17.90</UnitOfMeasurePrice>
      <AllowDiscount>1</AllowDiscount>
      <itemStatus>1</itemStatus>
      <LastUpdateDate />
      <LastUpdateTime />
    </Product>
    <Product>
      <PriceUpdateDate>2015/05/27 11:08</PriceUpdateDate>
      <ItemCode>7290000193793</ItemCode>
      <ItemType>1</ItemType>
      <ItemName>תחבושות לילי נטו</ItemName>
      <ManufactureName>קימברלי קלארק ישראל שיווק בעמ</ManufactureName>
      <ManufactureCountry />
      <ManufactureItemDescription />
      <UnitQty>יח`</UnitQty>
      <Quantity>1</Quantity>
      <UnitMeasure>יח`</UnitMeasure>
      <BisWeighted>0</BisWeighted>
      <QtyInPackage>1</QtyInPackage>
      <ItemPrice>17.90</ItemPrice>
      <UnitOfMeasurePrice>17.90</UnitOfMeasurePrice>
      <AllowDiscount>1</AllowDiscount>
      <itemStatus>1</itemStatus>
      <LastUpdateDate />
      <LastUpdateTime />
    </Product>
    <Product>
      <PriceUpdateDate>2018/02/05 10:23</PriceUpdateDate>
      <ItemCode>7290000194172</ItemCode>
      <ItemType>1</ItemType>
      <ItemName>מארז חטיפים ללא סוכר 250 גר`</ItemName>
      <ManufactureName>ממתקי השלום בעולם בעמ</ManufactureName>
      <ManufactureCountry />
      <ManufactureItemDescription />
      <UnitQty>יח`</UnitQty>
      <Quantity>250</Quantity>
      <UnitMeasure>גרם</UnitMeasure>
      <BisWeighted>0</BisWeighted>
      <QtyInPackage>1</QtyInPackage>
      <ItemPrice>11.90</ItemPrice>
      <UnitOfMeasurePrice>4.76</UnitOfMeasurePrice>
      <AllowDiscount>0</AllowDiscount>
      <itemStatus>1</itemStatus>
      <LastUpdateDate />
      <LastUpdateTime />
    </Product>
    <Product>
      <PriceUpdateDate>2018/12/30 14:48</PriceUpdateDate>
      <ItemCode>7290000194837</ItemCode>
      <ItemType>1</ItemType>
      <ItemName>שקיות מזון גדולות עם ידית ניקול (200)</ItemName>
      <ManufactureName>קימברלי קלארק ישראל שיווק בעמ</ManufactureName>
      <ManufactureCountry />
      <ManufactureItemDescription />
      <UnitQty>יח`</UnitQty>
      <Quantity>1</Quantity>
      <UnitMeasure />
      <BisWeighted>0</BisWeighted>
      <QtyInPackage>1</QtyInPackage>
      <ItemPrice>13.90</ItemPrice>
      <UnitOfMeasurePrice>13.90</UnitOfMeasurePrice>
      <AllowDiscount>1</AllowDiscount>
      <itemStatus>1</itemStatus>
      <LastUpdateDate />
      <LastUpdateTime />
    </Product>
    <Product>
      <PriceUpdateDate>2020/02/26 08:23</PriceUpdateDate>
      <ItemCode>7290000195537</ItemCode>
      <ItemType>1</ItemType>
      <ItemName>מגבוני האגיס רביעייה ללא בישום</ItemName>
      <ManufactureName>קימברלי קלארק ישראל שיווק בעמ</ManufactureName>
      <ManufactureCountry />
      <ManufactureItemDescription />
      <UnitQty>יח`</UnitQty>
      <Quantity>1</Quantity>
      <UnitMeasure />
      <BisWeighted>0</BisWeighted>
      <QtyInPackage>1</QtyInPackage>
      <ItemPrice>19.90</ItemPrice>
      <UnitOfMeasurePrice>19.90</UnitOfMeasurePrice>
      <AllowDiscount>1</AllowDiscount>
      <itemStatus>1</itemStatus>
      <LastUpdateDate />
      <LastUpdateTime />
    </Product>
    <Product>
      <PriceUpdateDate>2020/02/26 08:23</PriceUpdateDate>
      <ItemCode>7290000195544</ItemCode>
      <ItemType>1</ItemType>
      <ItemName>מגבונים לחים מבושמים האגיס (72x4)</ItemName>
      <ManufactureName>קימברלי קלארק ישראל שיווק בעמ</ManufactureName>
      <ManufactureCountry />
      <ManufactureItemDescription />
      <UnitQty>יח`</UnitQty>
      <Quantity>1</Quantity>
      <UnitMeasure />
      <BisWeighted>0</BisWeighted>
      <QtyInPackage>1</QtyInPackage>
      <ItemPrice>19.90</ItemPrice>
      <UnitOfMeasurePrice>19.90</UnitOfMeasurePrice>
      <AllowDiscount>1</AllowDiscount>
      <itemStatus>1</itemStatus>
      <LastUpdateDate />
      <LastUpdateTime />
    </Product>
    <Product>
      <PriceUpdateDate>2020/02/26 08:23</PriceUpdateDate>
      <ItemCode>7290000195773</ItemCode>
      <ItemType>1</ItemType>
      <ItemName>מגבוני האגיס רביעייה</ItemName>
      <ManufactureName>קימברלי קלארק ישראל שיווק בעמ</ManufactureName>
      <ManufactureCountry />
      <ManufactureItemDescription />
      <UnitQty>יח`</UnitQty>
      <Quantity>1</Quantity>
      <UnitMeasure />
      <BisWeighted>0</BisWeighted>
      <QtyInPackage>1</QtyInPackage>
      <ItemPrice>19.90</ItemPrice>
      <UnitOfMeasurePrice>19.90</UnitOfMeasurePrice>
      <AllowDiscount>1</AllowDiscount>
      <itemStatus>1</itemStatus>
      <LastUpdateDate />
      <LastUpdateTime />
    </Product>
    <Product>
      <PriceUpdateDate>2019/09/01 12:16</PriceUpdateDate>
      <ItemCode>7290000196039</ItemCode>
      <ItemType>1</ItemType>
      <ItemName>מפת שולחן 110*180 סמ ניקול (2)</ItemName>
      <ManufactureName>קימברלי קלארק ישראל שיווק בעמ</ManufactureName>
      <ManufactureCountry />
      <ManufactureItemDescription />
      <UnitQty>יח`</UnitQty>
      <Quantity>250</Quantity>
      <UnitMeasure>גרם</UnitMeasure>
      <BisWeighted>0</BisWeighted>
      <QtyInPackage>1</QtyInPackage>
      <ItemPrice>11.90</ItemPrice>
      <UnitOfMeasurePrice>4.76</UnitOfMeasurePrice>
      <AllowDiscount>1</AllowDiscount>
      <itemStatus>1</itemStatus>
      <LastUpdateDate />
      <LastUpdateTime />
    </Product>
    <Product>
      <PriceUpdateDate>2015/05/27 11:08</PriceUpdateDate>
      <ItemCode>7290000196763</ItemCode>
      <ItemType>1</ItemType>
      <ItemName>שקיות אשפה חזקות במיוחד 65x52 ניקול (40)</ItemName>
      <ManufactureName>קימברלי קלארק ישראל שיווק בעמ</ManufactureName>
      <ManufactureCountry />
      <ManufactureItemDescription />
      <UnitQty>יח`</UnitQty>
      <Quantity>1</Quantity>
      <UnitMeasure>יח`</UnitMeasure>
      <BisWeighted>0</BisWeighted>
      <QtyInPackage>1</QtyInPackage>
      <ItemPrice>27.90</ItemPrice>
      <UnitOfMeasurePrice>27.90</UnitOfMeasurePrice>
      <AllowDiscount>0</AllowDiscount>
      <itemStatus>1</itemStatus>
      <LastUpdateDate />
      <LastUpdateTime />
    </Product>
    <Product>
      <PriceUpdateDate>2015/01/12 14:23</PriceUpdateDate>
      <ItemCode>7290000197012</ItemCode>
      <ItemType>1</ItemType>
      <ItemName>שקית  ריצ`רץ`למזון ניקול) (15</ItemName>
      <ManufactureName>קימברלי קלארק ישראל שיווק בעמ</ManufactureName>
      <ManufactureCountry />
      <ManufactureItemDescription />
      <UnitQty>יח`</UnitQty>
      <Quantity>15</Quantity>
      <UnitMeasure>יח`</UnitMeasure>
      <BisWeighted>0</BisWeighted>
      <QtyInPackage>1</QtyInPackage>
      <ItemPrice>13.90</ItemPrice>
      <UnitOfMeasurePrice>0.93</UnitOfMeasurePrice>
      <AllowDiscount>0</AllowDiscount>
      <itemStatus>1</itemStatus>
      <LastUpdateDate />
      <LastUpdateTime />
    </Product>
    <Product>
      <PriceUpdateDate>2015/11/30 12:02</PriceUpdateDate>
      <ItemCode>7290000197029</ItemCode>
      <ItemType>1</ItemType>
      <ItemName>שקיות  ריצ`רץ`רב תכליתיות ניקול) (12</ItemName>
      <ManufactureName>קימברלי קלארק ישראל שיווק בעמ</ManufactureName>
      <ManufactureCountry />
      <ManufactureItemDescription />
      <UnitQty>יח`</UnitQty>
      <Quantity>12</Quantity>
      <UnitMeasure>יח`</UnitMeasure>
      <BisWeighted>0</BisWeighted>
      <QtyInPackage>1</QtyInPackage>
      <ItemPrice>14.90</ItemPrice>
      <UnitOfMeasurePrice>1.24</UnitOfMeasurePrice>
      <AllowDiscount>0</AllowDiscount>
      <itemStatus>1</itemStatus>
      <LastUpdateDate />
      <LastUpdateTime />
    </Product>
    <Product>
      <PriceUpdateDate>2014/12/28 12:59</PriceUpdateDate>
      <ItemCode>7290000197081</ItemCode>
      <ItemType>1</ItemType>
      <ItemName>ניילונית 150 מ</ItemName>
      <ManufactureName>קימברלי קלארק ישראל שיווק בעמ</ManufactureName>
      <ManufactureCountry />
      <ManufactureItemDescription />
      <UnitQty>יח`</UnitQty>
      <Quantity>150</Quantity>
      <UnitMeasure />
      <BisWeighted>0</BisWeighted>
      <QtyInPackage>1</QtyInPackage>
      <ItemPrice>36.90</ItemPrice>
      <UnitOfMeasurePrice>0.25</UnitOfMeasurePrice>
      <AllowDiscount>1</AllowDiscount>
      <itemStatus>1</itemStatus>
      <LastUpdateDate />
      <LastUpdateTime />
    </Product>
    <Product>
      <PriceUpdateDate>2018/12/30 14:48</PriceUpdateDate>
      <ItemCode>7290000197326</ItemCode>
      <ItemType>1</ItemType>
      <ItemName>רדיד אלומיניום זוג רגיל ניקול</ItemName>
      <ManufactureName>קימברלי קלארק ישראל שיווק בעמ</ManufactureName>
      <ManufactureCountry />
      <ManufactureItemDescription />
      <UnitQty>יח`</UnitQty>
      <Quantity>200</Quantity>
      <UnitMeasure>גרם</UnitMeasure>
      <BisWeighted>0</BisWeighted>
      <QtyInPackage>1</QtyInPackage>
      <ItemPrice>14.90</ItemPrice>
      <UnitOfMeasurePrice>7.45</UnitOfMeasurePrice>
      <AllowDiscount>0</AllowDiscount>
      <itemStatus>1</itemStatus>
      <LastUpdateDate />
      <LastUpdateTime />
    </Product>
    <Product>
      <PriceUpdateDate>2014/08/17 10:15</PriceUpdateDate>
      <ItemCode>7290000197340</ItemCode>
      <ItemType>1</ItemType>
      <ItemName>ניקול-רדיד אלומיניום זוג 45</ItemName>
      <ManufactureName>קימברלי קלארק ישראל שיווק בעמ</ManufactureName>
      <ManufactureCountry />
      <ManufactureItemDescription />
      <UnitQty>יח`</UnitQty>
      <Quantity>1</Quantity>
      <UnitMeasure>יח`</UnitMeasure>
      <BisWeighted>0</BisWeighted>
      <QtyInPackage>1</QtyInPackage>
      <ItemPrice>19.90</ItemPrice>
      <UnitOfMeasurePrice>19.90</UnitOfMeasurePrice>
      <AllowDiscount>1</AllowDiscount>
      <itemStatus>1</itemStatus>
      <LastUpdateDate />
      <LastUpdateTime />
    </Product>
    <Product>
      <PriceUpdateDate>2019/03/24 10:34</PriceUpdateDate>
      <ItemCode>7290000197425</ItemCode>
      <ItemType>1</ItemType>
      <ItemName>חיתולי פרידום דריי שלב 3 האגיס (52)</ItemName>
      <ManufactureName>קימברלי קלארק ישראל שיווק בעמ</ManufactureName>
      <ManufactureCountry />
      <ManufactureItemDescription />
      <UnitQty>יח`</UnitQty>
      <Quantity>1</Quantity>
      <UnitMeasure />
      <BisWeighted>0</BisWeighted>
      <QtyInPackage>1</QtyInPackage>
      <ItemPrice>39.90</ItemPrice>
      <UnitOfMeasurePrice>39.90</UnitOfMeasurePrice>
      <AllowDiscount>1</AllowDiscount>
      <itemStatus>1</itemStatus>
      <LastUpdateDate />
      <LastUpdateTime />
    </Product>
    <Product>
      <PriceUpdateDate>2014/08/17 10:15</PriceUpdateDate>
      <ItemCode>7290000197432</ItemCode>
      <ItemType>1</ItemType>
      <ItemName>זוג סנדוויצ`ון ניקול (150x2)</ItemName>
      <ManufactureName>קימברלי קלארק ישראל שיווק בעמ</ManufactureName>
      <ManufactureCountry />
      <ManufactureItemDescription />
      <UnitQty>יח`</UnitQty>
      <Quantity>2</Quantity>
      <UnitMeasure>יח`</UnitMeasure>
      <BisWeighted>0</BisWeighted>
      <QtyInPackage>1</QtyInPackage>
      <ItemPrice>14.90</ItemPrice>
      <UnitOfMeasurePrice>7.45</UnitOfMeasurePrice>
      <AllowDiscount>0</AllowDiscount>
      <itemStatus>1</itemStatus>
      <LastUpdateDate />
      <LastUpdateTime />
    </Product>
    <Product>
      <PriceUpdateDate>2019/03/24 10:34</PriceUpdateDate>
      <ItemCode>7290000197456</ItemCode>
      <ItemType>1</ItemType>
      <ItemName>חיתולי פרידום דריי שלב 4 האגיס (44)</ItemName>
      <ManufactureName>קימברלי קלארק ישראל שיווק בעמ</ManufactureName>
      <ManufactureCountry />
      <ManufactureItemDescription />
      <UnitQty>יח`</UnitQty>
      <Quantity>1</Quantity>
      <UnitMeasure />
      <BisWeighted>0</BisWeighted>
      <QtyInPackage>1</QtyInPackage>
      <ItemPrice>39.90</ItemPrice>
      <UnitOfMeasurePrice>39.90</UnitOfMeasurePrice>
      <AllowDiscount>1</AllowDiscount>
      <itemStatus>1</itemStatus>
      <LastUpdateDate />
      <LastUpdateTime />
    </Product>
    <Product>
      <PriceUpdateDate>2019/03/24 10:34</PriceUpdateDate>
      <ItemCode>7290000197463</ItemCode>
      <ItemType>1</ItemType>
      <ItemName>חיתולי פרידום דריי שלב +4 האגיס (40)</ItemName>
      <ManufactureName>קימברלי קלארק ישראל שיווק בעמ</ManufactureName>
      <ManufactureCountry />
      <ManufactureItemDescription />
      <UnitQty>יח`</UnitQty>
      <Quantity>1</Quantity>
      <UnitMeasure />
      <BisWeighted>0</BisWeighted>
      <QtyInPackage>1</QtyInPackage>
      <ItemPrice>39.90</ItemPrice>
      <UnitOfMeasurePrice>39.90</UnitOfMeasurePrice>
      <AllowDiscount>1</AllowDiscount>
      <itemStatus>1</itemStatus>
      <LastUpdateDate />
      <LastUpdateTime />
    </Product>
    <Product>
      <PriceUpdateDate>2014/08/17 10:15</PriceUpdateDate>
      <ItemCode>7290000197470</ItemCode>
      <ItemType>1</ItemType>
      <ItemName>שקיות רב שימושיות ניקול) (250</ItemName>
      <ManufactureName>קימברלי קלארק ישראל שיווק בעמ</ManufactureName>
      <ManufactureCountry />
      <ManufactureItemDescription />
      <UnitQty>יח`</UnitQty>
      <Quantity>200</Quantity>
      <UnitMeasure>יח`</UnitMeasure>
      <BisWeighted>0</BisWeighted>
      <QtyInPackage>1</QtyInPackage>
      <ItemPrice>14.90</ItemPrice>
      <UnitOfMeasurePrice>0.07</UnitOfMeasurePrice>
      <AllowDiscount>0</AllowDiscount>
      <itemStatus>1</itemStatus>
      <LastUpdateDate />
      <LastUpdateTime />
    </Product>
    <Product>
      <PriceUpdateDate>2019/03/24 10:34</PriceUpdateDate>
      <ItemCode>7290000197548</ItemCode>
      <ItemType>1</ItemType>
      <ItemName>חיתולי פרידום דריי שלב 5 האגיס (36)</ItemName>
      <ManufactureName>קימברלי קלארק ישראל שיווק בעמ</ManufactureName>
      <ManufactureCountry />
      <ManufactureItemDescription />
      <UnitQty>יח`</UnitQty>
      <Quantity>1</Quantity>
      <UnitMeasure />
      <BisWeighted>0</BisWeighted>
      <QtyInPackage>1</QtyInPackage>
      <ItemPrice>39.90</ItemPrice>
      <UnitOfMeasurePrice>39.90</UnitOfMeasurePrice>
      <AllowDiscount>1</AllowDiscount>
      <itemStatus>1</itemStatus>
      <LastUpdateDate />
      <LastUpdateTime />
    </Product>
    <Product>
      <PriceUpdateDate>2014/08/17 10:15</PriceUpdateDate>
      <ItemCode>7290000197654</ItemCode>
      <ItemType>1</ItemType>
      <ItemName>שקיות אשפה לפח 90x75 ניקול) (50</ItemName>
      <ManufactureName>קימברלי קלארק ישראל שיווק בעמ</ManufactureName>
      <ManufactureCountry />
      <ManufactureItemDescription />
      <UnitQty>יח`</UnitQty>
      <Quantity>50</Quantity>
      <UnitMeasure>יח`</UnitMeasure>
      <BisWeighted>0</BisWeighted>
      <QtyInPackage>1</QtyInPackage>
      <ItemPrice>20.90</ItemPrice>
      <UnitOfMeasurePrice>0.42</UnitOfMeasurePrice>
      <AllowDiscount>0</AllowDiscount>
      <itemStatus>1</itemStatus>
      <LastUpdateDate />
      <LastUpdateTime />
    </Product>
    <Product>
      <PriceUpdateDate>2019/03/24 10:34</PriceUpdateDate>
      <ItemCode>7290000197678</ItemCode>
      <ItemType>1</ItemType>
      <ItemName>חיתולי פרידום דריי שלב 6 האגיס (30)</ItemName>
      <ManufactureName>קימברלי קלארק ישראל שיווק בעמ</ManufactureName>
      <ManufactureCountry />
      <ManufactureItemDescription />
      <UnitQty>יח`</UnitQty>
      <Quantity>1</Quantity>
      <UnitMeasure />
      <BisWeighted>0</BisWeighted>
      <QtyInPackage>1</QtyInPackage>
      <ItemPrice>39.90</ItemPrice>
      <UnitOfMeasurePrice>39.90</UnitOfMeasurePrice>
      <AllowDiscount>1</AllowDiscount>
      <itemStatus>1</itemStatus>
      <LastUpdateDate />
      <LastUpdateTime />
    </Product>
    <Product>
      <PriceUpdateDate>2018/12/30 14:48</PriceUpdateDate>
      <ItemCode>7290000197753</ItemCode>
      <ItemType>1</ItemType>
      <ItemName>זוג ניילון נצמד ניקול (30x2 מטר)</ItemName>
      <ManufactureName>קימברלי קלארק ישראל שיווק בעמ</ManufactureName>
      <ManufactureCountry />
      <ManufactureItemDescription />
      <UnitQty>יח`</UnitQty>
      <Quantity>1</Quantity>
      <UnitMeasure>יח`</UnitMeasure>
      <BisWeighted>0</BisWeighted>
      <QtyInPackage>1</QtyInPackage>
      <ItemPrice>12.90</ItemPrice>
      <UnitOfMeasurePrice>12.90</UnitOfMeasurePrice>
      <AllowDiscount>0</AllowDiscount>
      <itemStatus>1</itemStatus>
      <LastUpdateDate />
      <LastUpdateTime />
    </Product>
    <Product>
      <PriceUpdateDate>2020/01/05 09:17</PriceUpdateDate>
      <ItemCode>7290000197883</ItemCode>
      <ItemType>1</ItemType>
      <ItemName>ניקול תבניות אלומניום גדולות</ItemName>
      <ManufactureName>קימברלי קלארק ישראל שיווק בעמ</ManufactureName>
      <ManufactureCountry />
      <ManufactureItemDescription />
      <UnitQty>יח`</UnitQty>
      <Quantity>1</Quantity>
      <UnitMeasure>יח`</UnitMeasure>
      <BisWeighted>0</BisWeighted>
      <QtyInPackage>1</QtyInPackage>
      <ItemPrice>9.90</ItemPrice>
      <UnitOfMeasurePrice>9.90</UnitOfMeasurePrice>
      <AllowDiscount>0</AllowDiscount>
      <itemStatus>1</itemStatus>
      <LastUpdateDate />
      <LastUpdateTime />
    </Product>
    <Product>
      <PriceUpdateDate>2014/10/29 12:31</PriceUpdateDate>
      <ItemCode>7290000197982</ItemCode>
      <ItemType>1</ItemType>
      <ItemName>ניקול-רדיד עבה 7.5*45</ItemName>
      <ManufactureName>קימברלי קלארק ישראל שיווק בעמ</ManufactureName>
      <ManufactureCountry />
      <ManufactureItemDescription />
      <UnitQty>יח`</UnitQty>
      <Quantity>2</Quantity>
      <UnitMeasure>יח`</UnitMeasure>
      <BisWeighted>0</BisWeighted>
      <QtyInPackage>1</QtyInPackage>
      <ItemPrice>23.90</ItemPrice>
      <UnitOfMeasurePrice>11.95</UnitOfMeasurePrice>
      <AllowDiscount>0</AllowDiscount>
      <itemStatus>1</itemStatus>
      <LastUpdateDate />
      <LastUpdateTime />
    </Product>
    <Product>
      <PriceUpdateDate>2015/05/27 11:08</PriceUpdateDate>
      <ItemCode>7290000197999</ItemCode>
      <ItemType>1</ItemType>
      <ItemName>ניקול-רדיד עבה 30*7.5</ItemName>
      <ManufactureName>קימברלי קלארק ישראל שיווק בעמ</ManufactureName>
      <ManufactureCountry />
      <ManufactureItemDescription />
      <UnitQty>יח`</UnitQty>
      <Quantity>1</Quantity>
      <UnitMeasure>יח`</UnitMeasure>
      <BisWeighted>0</BisWeighted>
      <QtyInPackage>1</QtyInPackage>
      <ItemPrice>16.90</ItemPrice>
      <UnitOfMeasurePrice>16.90</UnitOfMeasurePrice>
      <AllowDiscount>0</AllowDiscount>
      <itemStatus>1</itemStatus>
      <LastUpdateDate />
      <LastUpdateTime />
    </Product>
    <Product>
      <PriceUpdateDate>2017/01/29 10:45</PriceUpdateDate>
      <ItemCode>7290000201832</ItemCode>
      <ItemType>1</ItemType>
      <ItemName>חיתולי פרימיום שלב 3 טיטולים (50)</ItemName>
      <ManufactureName>קימברלי קלארק ישראל שיווק בעמ</ManufactureName>
      <ManufactureCountry />
      <ManufactureItemDescription />
      <UnitQty>יח`</UnitQty>
      <Quantity>1</Quantity>
      <UnitMeasure />
      <BisWeighted>0</BisWeighted>
      <QtyInPackage>1</QtyInPackage>
      <ItemPrice>39.90</ItemPrice>
      <UnitOfMeasurePrice>39.90</UnitOfMeasurePrice>
      <AllowDiscount>1</AllowDiscount>
      <itemStatus>1</itemStatus>
      <LastUpdateDate />
      <LastUpdateTime />
    </Product>
    <Product>
      <PriceUpdateDate>2017/01/29 10:45</PriceUpdateDate>
      <ItemCode>7290000201849</ItemCode>
      <ItemType>1</ItemType>
      <ItemName>חיתולי פרימיום שלב 4 טיטולים (40)</ItemName>
      <ManufactureName>קימברלי קלארק ישראל שיווק בעמ</ManufactureName>
      <ManufactureCountry />
      <ManufactureItemDescription />
      <UnitQty>יח`</UnitQty>
      <Quantity>1</Quantity>
      <UnitMeasure />
      <BisWeighted>0</BisWeighted>
      <QtyInPackage>1</QtyInPackage>
      <ItemPrice>39.90</ItemPrice>
      <UnitOfMeasurePrice>39.90</UnitOfMeasurePrice>
      <AllowDiscount>1</AllowDiscount>
      <itemStatus>1</itemStatus>
      <LastUpdateDate />
      <LastUpdateTime />
    </Product>
    <Product>
      <PriceUpdateDate>2017/01/29 10:45</PriceUpdateDate>
      <ItemCode>7290000201863</ItemCode>
      <ItemType>1</ItemType>
      <ItemName>חיתולי פרימיום שלב 5 טיטולים (34)</ItemName>
      <ManufactureName>קימברלי קלארק ישראל שיווק בעמ</ManufactureName>
      <ManufactureCountry />
      <ManufactureItemDescription />
      <UnitQty>יח`</UnitQty>
      <Quantity>1</Quantity>
      <UnitMeasure />
      <BisWeighted>0</BisWeighted>
      <QtyInPackage>1</QtyInPackage>
      <ItemPrice>39.90</ItemPrice>
      <UnitOfMeasurePrice>39.90</UnitOfMeasurePrice>
      <AllowDiscount>1</AllowDiscount>
      <itemStatus>1</itemStatus>
      <LastUpdateDate />
      <LastUpdateTime />
    </Product>
    <Product>
      <PriceUpdateDate>2017/01/29 10:45</PriceUpdateDate>
      <ItemCode>7290000201870</ItemCode>
      <ItemType>1</ItemType>
      <ItemName>חיתולי פרימיום שלב 6 טיטולים (30)</ItemName>
      <ManufactureName>קימברלי קלארק ישראל שיווק בעמ</ManufactureName>
      <ManufactureCountry />
      <ManufactureItemDescription />
      <UnitQty>יח`</UnitQty>
      <Quantity>1</Quantity>
      <UnitMeasure />
      <BisWeighted>0</BisWeighted>
      <QtyInPackage>1</QtyInPackage>
      <ItemPrice>39.90</ItemPrice>
      <UnitOfMeasurePrice>39.90</UnitOfMeasurePrice>
      <AllowDiscount>1</AllowDiscount>
      <itemStatus>1</itemStatus>
      <LastUpdateDate />
      <LastUpdateTime />
    </Product>
    <Product>
      <PriceUpdateDate>2019/09/01 12:16</PriceUpdateDate>
      <ItemCode>7290000204086</ItemCode>
      <ItemType>1</ItemType>
      <ItemName>כריות קרצוף סקוטש ניקול (3)</ItemName>
      <ManufactureName>קימברלי קלארק ישראל שיווק בעמ</ManufactureName>
      <ManufactureCountry />
      <ManufactureItemDescription />
      <UnitQty>יח`</UnitQty>
      <Quantity>3</Quantity>
      <UnitMeasure>יח`</UnitMeasure>
      <BisWeighted>0</BisWeighted>
      <QtyInPackage>1</QtyInPackage>
      <ItemPrice>11.90</ItemPrice>
      <UnitOfMeasurePrice>3.97</UnitOfMeasurePrice>
      <AllowDiscount>1</AllowDiscount>
      <itemStatus>1</itemStatus>
      <LastUpdateDate />
      <LastUpdateTime />
    </Product>
    <Product>
      <PriceUpdateDate>2019/09/01 12:16</PriceUpdateDate>
      <ItemCode>7290000204147</ItemCode>
      <ItemType>1</ItemType>
      <ItemName>כרית יפנית רביעייה ניקול</ItemName>
      <ManufactureName>קימברלי קלארק ישראל שיווק בעמ</ManufactureName>
      <ManufactureCountry />
      <ManufactureItemDescription />
      <UnitQty>יח`</UnitQty>
      <Quantity>4</Quantity>
      <UnitMeasure>יח`</UnitMeasure>
      <BisWeighted>0</BisWeighted>
      <QtyInPackage>1</QtyInPackage>
      <ItemPrice>11.90</ItemPrice>
      <UnitOfMeasurePrice>2.98</UnitOfMeasurePrice>
      <AllowDiscount>1</AllowDiscount>
      <itemStatus>1</itemStatus>
      <LastUpdateDate />
      <LastUpdateTime />
    </Product>
    <Product>
      <PriceUpdateDate>2019/09/01 12:16</PriceUpdateDate>
      <ItemCode>7290000204215</ItemCode>
      <ItemType>1</ItemType>
      <ItemName>כריות יפניות ניקול (6)</ItemName>
      <ManufactureName>קימברלי קלארק ישראל שיווק בעמ</ManufactureName>
      <ManufactureCountry />
      <ManufactureItemDescription />
      <UnitQty>יח`</UnitQty>
      <Quantity>600</Quantity>
      <UnitMeasure>גרם</UnitMeasure>
      <BisWeighted>0</BisWeighted>
      <QtyInPackage>1</QtyInPackage>
      <ItemPrice>11.90</ItemPrice>
      <UnitOfMeasurePrice>1.98</UnitOfMeasurePrice>
      <AllowDiscount>1</AllowDiscount>
      <itemStatus>1</itemStatus>
      <LastUpdateDate />
      <LastUpdateTime />
    </Product>
    <Product>
      <PriceUpdateDate>2019/09/01 12:16</PriceUpdateDate>
      <ItemCode>7290000204239</ItemCode>
      <ItemType>1</ItemType>
      <ItemName>ניקול מטליות רצפה רביעיה</ItemName>
      <ManufactureName>קימברלי קלארק ישראל שיווק בעמ</ManufactureName>
      <ManufactureCountry />
      <ManufactureItemDescription />
      <UnitQty>יח`</UnitQty>
      <Quantity>4</Quantity>
      <UnitMeasure>יח`</UnitMeasure>
      <BisWeighted>0</BisWeighted>
      <QtyInPackage>1</QtyInPackage>
      <ItemPrice>12.90</ItemPrice>
      <UnitOfMeasurePrice>3.23</UnitOfMeasurePrice>
      <AllowDiscount>1</AllowDiscount>
      <itemStatus>1</itemStatus>
      <LastUpdateDate />
      <LastUpdateTime />
    </Product>
    <Product>
      <PriceUpdateDate>2019/09/01 12:16</PriceUpdateDate>
      <ItemCode>7290000204253</ItemCode>
      <ItemType>1</ItemType>
      <ItemName>מטליות רב שימושיות לניקיון ניקול (9)</ItemName>
      <ManufactureName>קימברלי קלארק ישראל שיווק בעמ</ManufactureName>
      <ManufactureCountry />
      <ManufactureItemDescription />
      <UnitQty>יח`</UnitQty>
      <Quantity>9</Quantity>
      <UnitMeasure>יח`</UnitMeasure>
      <BisWeighted>0</BisWeighted>
      <QtyInPackage>1</QtyInPackage>
      <ItemPrice>11.90</ItemPrice>
      <UnitOfMeasurePrice>1.32</UnitOfMeasurePrice>
      <AllowDiscount>1</AllowDiscount>
      <itemStatus>1</itemStatus>
      <LastUpdateDate />
      <LastUpdateTime />
    </Product>
    <Product>
      <PriceUpdateDate>2015/04/29 16:50</PriceUpdateDate>
      <ItemCode>7290000204307</ItemCode>
      <ItemType>1</ItemType>
      <ItemName>מטליות רב שימושיות בגליל ניקול (40)</ItemName>
      <ManufactureName>קימברלי קלארק ישראל שיווק בעמ</ManufactureName>
      <ManufactureCountry />
      <ManufactureItemDescription />
      <UnitQty>יח`</UnitQty>
      <Quantity>40</Quantity>
      <UnitMeasure>יח`</UnitMeasure>
      <BisWeighted>0</BisWeighted>
      <QtyInPackage>1</QtyInPackage>
      <ItemPrice>22.90</ItemPrice>
      <UnitOfMeasurePrice>0.57</UnitOfMeasurePrice>
      <AllowDiscount>0</AllowDiscount>
      <itemStatus>1</itemStatus>
      <LastUpdateDate />
      <LastUpdateTime />
    </Product>
    <Product>
      <PriceUpdateDate>2019/09/01 12:16</PriceUpdateDate>
      <ItemCode>7290000204512</ItemCode>
      <ItemType>1</ItemType>
      <ItemName>מטליות לחות לרצפה בריח לימון 10 יח</ItemName>
      <ManufactureName>קימברלי קלארק ישראל שיווק בעמ</ManufactureName>
      <ManufactureCountry />
      <ManufactureItemDescription />
      <UnitQty>יח`</UnitQty>
      <Quantity>1</Quantity>
      <UnitMeasure />
      <BisWeighted>0</BisWeighted>
      <QtyInPackage>1</QtyInPackage>
      <ItemPrice>13.90</ItemPrice>
      <UnitOfMeasurePrice>13.90</UnitOfMeasurePrice>
      <AllowDiscount>1</AllowDiscount>
      <itemStatus>1</itemStatus>
      <LastUpdateDate />
      <LastUpdateTime />
    </Product>
    <Product>
      <PriceUpdateDate>2019/09/01 12:16</PriceUpdateDate>
      <ItemCode>7290000204611</ItemCode>
      <ItemType>1</ItemType>
      <ItemName>ספוגית הקסם המקורית ניקול (6)</ItemName>
      <ManufactureName>קימברלי קלארק ישראל שיווק בעמ</ManufactureName>
      <ManufactureCountry />
      <ManufactureItemDescription />
      <UnitQty>יח`</UnitQty>
      <Quantity>6</Quantity>
      <UnitMeasure>יח`</UnitMeasure>
      <BisWeighted>0</BisWeighted>
      <QtyInPackage>1</QtyInPackage>
      <ItemPrice>10.90</ItemPrice>
      <UnitOfMeasurePrice>1.82</UnitOfMeasurePrice>
      <AllowDiscount>1</AllowDiscount>
      <itemStatus>1</itemStatus>
      <LastUpdateDate />
      <LastUpdateTime />
    </Product>
    <Product>
      <PriceUpdateDate>2017/08/17 14:06</PriceUpdateDate>
      <ItemCode>7290000205762</ItemCode>
      <ItemType>1</ItemType>
      <ItemName>האגיס חיתולי אקסטרה קר 3 48 יח</ItemName>
      <ManufactureName>קימברלי קלארק ישראל שיווק בעמ</ManufactureName>
      <ManufactureCountry />
      <ManufactureItemDescription />
      <UnitQty>יח`</UnitQty>
      <Quantity>1</Quantity>
      <UnitMeasure />
      <BisWeighted>0</BisWeighted>
      <QtyInPackage>1</QtyInPackage>
      <ItemPrice>44.90</ItemPrice>
      <UnitOfMeasurePrice>44.90</UnitOfMeasurePrice>
      <AllowDiscount>1</AllowDiscount>
      <itemStatus>1</itemStatus>
      <LastUpdateDate />
      <LastUpdateTime />
    </Product>
    <Product>
      <PriceUpdateDate>2017/08/17 14:06</PriceUpdateDate>
      <ItemCode>7290000205915</ItemCode>
      <ItemType>1</ItemType>
      <ItemName>האגיס חיתולי אקסטרה קר 40 יח</ItemName>
      <ManufactureName>קימברלי קלארק ישראל שיווק בעמ</ManufactureName>
      <ManufactureCountry />
      <ManufactureItemDescription />
      <UnitQty>יח`</UnitQty>
      <Quantity>1</Quantity>
      <UnitMeasure />
      <BisWeighted>0</BisWeighted>
      <QtyInPackage>1</QtyInPackage>
      <ItemPrice>44.90</ItemPrice>
      <UnitOfMeasurePrice>44.90</UnitOfMeasurePrice>
      <AllowDiscount>1</AllowDiscount>
      <itemStatus>1</itemStatus>
      <LastUpdateDate />
      <LastUpdateTime />
    </Product>
    <Product>
      <PriceUpdateDate>2015/11/29 15:17</PriceUpdateDate>
      <ItemCode>7290000207063</ItemCode>
      <ItemType>1</ItemType>
      <ItemName>פריכוז 260 גר` יכין</ItemName>
      <ManufactureName>זנלכל בעמ</ManufactureName>
      <ManufactureCountry />
      <ManufactureItemDescription />
      <UnitQty>יח`</UnitQty>
      <Quantity>260</Quantity>
      <UnitMeasure>גרם</UnitMeasure>
      <BisWeighted>0</BisWeighted>
      <QtyInPackage>1</QtyInPackage>
      <ItemPrice>4.90</ItemPrice>
      <UnitOfMeasurePrice>1.88</UnitOfMeasurePrice>
      <AllowDiscount>0</AllowDiscount>
      <itemStatus>1</itemStatus>
      <LastUpdateDate />
      <LastUpdateTime />
    </Product>
    <Product>
      <PriceUpdateDate>2019/04/03 13:31</PriceUpdateDate>
      <ItemCode>7290000207162</ItemCode>
      <ItemType>1</ItemType>
      <ItemName>רוטב עגבניות 22% יכין (100 גרם)</ItemName>
      <ManufactureName>זנלכל בעמ</ManufactureName>
      <ManufactureCountry />
      <ManufactureItemDescription />
      <UnitQty>יח`</UnitQty>
      <Quantity>100</Quantity>
      <UnitMeasure>גרם</UnitMeasure>
      <BisWeighted>0</BisWeighted>
      <QtyInPackage>1</QtyInPackage>
      <ItemPrice>1.90</ItemPrice>
      <UnitOfMeasurePrice>1.90</UnitOfMeasurePrice>
      <AllowDiscount>1</AllowDiscount>
      <itemStatus>1</itemStatus>
      <LastUpdateDate />
      <LastUpdateTime />
    </Product>
    <Product>
      <PriceUpdateDate>2016/10/10 08:25</PriceUpdateDate>
      <ItemCode>7290000207438</ItemCode>
      <ItemType>1</ItemType>
      <ItemName>עגב` קוביות</ItemName>
      <ManufactureName>זנלכל בעמ</ManufactureName>
      <ManufactureCountry />
      <ManufactureItemDescription />
      <UnitQty>יח`</UnitQty>
      <Quantity>800</Quantity>
      <UnitMeasure>גרם</UnitMeasure>
      <BisWeighted>0</BisWeighted>
      <QtyInPackage>1</QtyInPackage>
      <ItemPrice>6.90</ItemPrice>
      <UnitOfMeasurePrice>0.86</UnitOfMeasurePrice>
      <AllowDiscount>1</AllowDiscount>
      <itemStatus>1</itemStatus>
      <LastUpdateDate />
      <LastUpdateTime />
    </Product>
    <Product>
      <PriceUpdateDate>2016/10/10 08:25</PriceUpdateDate>
      <ItemCode>7290000208008</ItemCode>
      <ItemType>1</ItemType>
      <ItemName>חריסה יכין A2</ItemName>
      <ManufactureName>זנלכל בעמ</ManufactureName>
      <ManufactureCountry />
      <ManufactureItemDescription />
      <UnitQty>יח`</UnitQty>
      <Quantity>570</Quantity>
      <UnitMeasure>גרם</UnitMeasure>
      <BisWeighted>0</BisWeighted>
      <QtyInPackage>1</QtyInPackage>
      <ItemPrice>6.90</ItemPrice>
      <UnitOfMeasurePrice>1.21</UnitOfMeasurePrice>
      <AllowDiscount>0</AllowDiscount>
      <itemStatus>1</itemStatus>
      <LastUpdateDate />
      <LastUpdateTime />
    </Product>
    <Product>
      <PriceUpdateDate>2016/10/10 08:25</PriceUpdateDate>
      <ItemCode>7290000208022</ItemCode>
      <ItemType>1</ItemType>
      <ItemName>עגבניות מרוסקות יכין (800 גרם)</ItemName>
      <ManufactureName>זנלכל בעמ</ManufactureName>
      <ManufactureCountry />
      <ManufactureItemDescription />
      <UnitQty>יח`</UnitQty>
      <Quantity>800</Quantity>
      <UnitMeasure>גרם</UnitMeasure>
      <BisWeighted>0</BisWeighted>
      <QtyInPackage>1</QtyInPackage>
      <ItemPrice>6.90</ItemPrice>
      <UnitOfMeasurePrice>0.86</UnitOfMeasurePrice>
      <AllowDiscount>1</AllowDiscount>
      <itemStatus>1</itemStatus>
      <LastUpdateDate />
      <LastUpdateTime />
    </Product>
    <Product>
      <PriceUpdateDate>2016/10/10 08:25</PriceUpdateDate>
      <ItemCode>7290000208077</ItemCode>
      <ItemType>1</ItemType>
      <ItemName>אפונת גינה גדולה יכין (550 גרם)</ItemName>
      <ManufactureName>זנלכל בעמ</ManufactureName>
      <ManufactureCountry />
      <ManufactureItemDescription />
      <UnitQty>יח`</UnitQty>
      <Quantity>550</Quantity>
      <UnitMeasure>גרם</UnitMeasure>
      <BisWeighted>0</BisWeighted>
      <QtyInPackage>1</QtyInPackage>
      <ItemPrice>5.90</ItemPrice>
      <UnitOfMeasurePrice>1.07</UnitOfMeasurePrice>
      <AllowDiscount>0</AllowDiscount>
      <itemStatus>1</itemStatus>
      <LastUpdateDate />
      <LastUpdateTime />
    </Product>
    <Product>
      <PriceUpdateDate>2016/10/10 08:25</PriceUpdateDate>
      <ItemCode>7290000208114</ItemCode>
      <ItemType>1</ItemType>
      <ItemName>אפונת גינה וגזר יכין (550 גרם)</ItemName>
      <ManufactureName>זנלכל בעמ</ManufactureName>
      <ManufactureCountry />
      <ManufactureItemDescription />
      <UnitQty>יח`</UnitQty>
      <Quantity>550</Quantity>
      <UnitMeasure>גרם</UnitMeasure>
      <BisWeighted>0</BisWeighted>
      <QtyInPackage>1</QtyInPackage>
      <ItemPrice>5.90</ItemPrice>
      <UnitOfMeasurePrice>1.07</UnitOfMeasurePrice>
      <AllowDiscount>0</AllowDiscount>
      <itemStatus>1</itemStatus>
      <LastUpdateDate />
      <LastUpdateTime />
    </Product>
    <Product>
      <PriceUpdateDate>2018/02/06 15:20</PriceUpdateDate>
      <ItemCode>7290000208138</ItemCode>
      <ItemType>1</ItemType>
      <ItemName>סירופ דיאט בטעם ענבים יכין (1 ליטר)</ItemName>
      <ManufactureName>זנלכל בעמ</ManufactureName>
      <ManufactureCountry />
      <ManufactureItemDescription />
      <UnitQty>יח`</UnitQty>
      <Quantity>1000</Quantity>
      <UnitMeasure>גרם</UnitMeasure>
      <BisWeighted>0</BisWeighted>
      <QtyInPackage>1</QtyInPackage>
      <ItemPrice>7.90</ItemPrice>
      <UnitOfMeasurePrice>0.79</UnitOfMeasurePrice>
      <AllowDiscount>1</AllowDiscount>
      <itemStatus>1</itemStatus>
      <LastUpdateDate />
      <LastUpdateTime />
    </Product>
    <Product>
      <PriceUpdateDate>2018/05/01 09:54</PriceUpdateDate>
      <ItemCode>7290000208145</ItemCode>
      <ItemType>1</ItemType>
      <ItemName>תירס לייט יכין (550 גרם)</ItemName>
      <ManufactureName>זנלכל בעמ</ManufactureName>
      <ManufactureCountry />
      <ManufactureItemDescription />
      <UnitQty>יח`</UnitQty>
      <Quantity>550</Quantity>
      <UnitMeasure>גרם</UnitMeasure>
      <BisWeighted>0</BisWeighted>
      <QtyInPackage>1</QtyInPackage>
      <ItemPrice>6.90</ItemPrice>
      <UnitOfMeasurePrice>1.25</UnitOfMeasurePrice>
      <AllowDiscount>0</AllowDiscount>
      <itemStatus>1</itemStatus>
      <LastUpdateDate />
      <LastUpdateTime />
    </Product>
    <Product>
      <PriceUpdateDate>2016/10/10 08:25</PriceUpdateDate>
      <ItemCode>7290000208176</ItemCode>
      <ItemType>1</ItemType>
      <ItemName>תפוחי אדמה קלופים יכין (550 גרם)</ItemName>
      <ManufactureName>זנלכל בעמ</ManufactureName>
      <ManufactureCountry />
      <ManufactureItemDescription />
      <UnitQty>יח`</UnitQty>
      <Quantity>550</Quantity>
      <UnitMeasure>גרם</UnitMeasure>
      <BisWeighted>0</BisWeighted>
      <QtyInPackage>1</QtyInPackage>
      <ItemPrice>6.90</ItemPrice>
      <UnitOfMeasurePrice>1.25</UnitOfMeasurePrice>
      <AllowDiscount>0</AllowDiscount>
      <itemStatus>1</itemStatus>
      <LastUpdateDate />
      <LastUpdateTime />
    </Product>
    <Product>
      <PriceUpdateDate>2016/10/10 08:25</PriceUpdateDate>
      <ItemCode>7290000208213</ItemCode>
      <ItemType>1</ItemType>
      <ItemName>שעועית לבנה ברוטב עגבניות יכין (580 גרם)</ItemName>
      <ManufactureName>זנלכל בעמ</ManufactureName>
      <ManufactureCountry />
      <ManufactureItemDescription />
      <UnitQty>יח`</UnitQty>
      <Quantity>580</Quantity>
      <UnitMeasure>גרם</UnitMeasure>
      <BisWeighted>0</BisWeighted>
      <QtyInPackage>1</QtyInPackage>
      <ItemPrice>5.90</ItemPrice>
      <UnitOfMeasurePrice>1.02</UnitOfMeasurePrice>
      <AllowDiscount>0</AllowDiscount>
      <itemStatus>1</itemStatus>
      <LastUpdateDate />
      <LastUpdateTime />
    </Product>
    <Product>
      <PriceUpdateDate>2018/02/06 15:20</PriceUpdateDate>
      <ItemCode>7290000208220</ItemCode>
      <ItemType>1</ItemType>
      <ItemName>שעועית צ`ילי מקסיקני חריף יכין (550 גרם)</ItemName>
      <ManufactureName>זנלכל בעמ</ManufactureName>
      <ManufactureCountry />
      <ManufactureItemDescription />
      <UnitQty>יח`</UnitQty>
      <Quantity>580</Quantity>
      <UnitMeasure>גרם</UnitMeasure>
      <BisWeighted>0</BisWeighted>
      <QtyInPackage>1</QtyInPackage>
      <ItemPrice>6.90</ItemPrice>
      <UnitOfMeasurePrice>1.19</UnitOfMeasurePrice>
      <AllowDiscount>0</AllowDiscount>
      <itemStatus>1</itemStatus>
      <LastUpdateDate />
      <LastUpdateTime />
    </Product>
    <Product>
      <PriceUpdateDate>2016/10/13 08:18</PriceUpdateDate>
      <ItemCode>7290000208244</ItemCode>
      <ItemType>1</ItemType>
      <ItemName>בסיס עגבניות לשקשוקה יכין (570 גרם)</ItemName>
      <ManufactureName>זנלכל בעמ</ManufactureName>
      <ManufactureCountry />
      <ManufactureItemDescription />
      <UnitQty>יח`</UnitQty>
      <Quantity>570</Quantity>
      <UnitMeasure>גרם</UnitMeasure>
      <BisWeighted>0</BisWeighted>
      <QtyInPackage>1</QtyInPackage>
      <ItemPrice>6.90</ItemPrice>
      <UnitOfMeasurePrice>1.21</UnitOfMeasurePrice>
      <AllowDiscount>0</AllowDiscount>
      <itemStatus>1</itemStatus>
      <LastUpdateDate />
      <LastUpdateTime />
    </Product>
    <Product>
      <PriceUpdateDate>2016/10/10 08:25</PriceUpdateDate>
      <ItemCode>7290000208251</ItemCode>
      <ItemType>1</ItemType>
      <ItemName>שעועית ירוקה חתוכה יכין (550 גרם)</ItemName>
      <ManufactureName>זנלכל בעמ</ManufactureName>
      <ManufactureCountry />
      <ManufactureItemDescription />
      <UnitQty>יח`</UnitQty>
      <Quantity>550</Quantity>
      <UnitMeasure>גרם</UnitMeasure>
      <BisWeighted>0</BisWeighted>
      <QtyInPackage>1</QtyInPackage>
      <ItemPrice>6.90</ItemPrice>
      <UnitOfMeasurePrice>1.25</UnitOfMeasurePrice>
      <AllowDiscount>0</AllowDiscount>
      <itemStatus>1</itemStatus>
      <LastUpdateDate />
      <LastUpdateTime />
    </Product>
    <Product>
      <PriceUpdateDate>2016/10/13 08:18</PriceUpdateDate>
      <ItemCode>7290000208312</ItemCode>
      <ItemType>1</ItemType>
      <ItemName>גרעיני תירס מתוק יכין</ItemName>
      <ManufactureName>זנלכל בעמ</ManufactureName>
      <ManufactureCountry />
      <ManufactureItemDescription />
      <UnitQty>יח`</UnitQty>
      <Quantity>340</Quantity>
      <UnitMeasure>גרם</UnitMeasure>
      <BisWeighted>0</BisWeighted>
      <QtyInPackage>1</QtyInPackage>
      <ItemPrice>4.90</ItemPrice>
      <UnitOfMeasurePrice>1.44</UnitOfMeasurePrice>
      <AllowDiscount>0</AllowDiscount>
      <itemStatus>1</itemStatus>
      <LastUpdateDate />
      <LastUpdateTime />
    </Product>
    <Product>
      <PriceUpdateDate>2016/10/10 08:25</PriceUpdateDate>
      <ItemCode>7290000208329</ItemCode>
      <ItemType>1</ItemType>
      <ItemName>גרעיני תירס מתוק יכין (550 גרם)</ItemName>
      <ManufactureName>זנלכל בעמ</ManufactureName>
      <ManufactureCountry />
      <ManufactureItemDescription />
      <UnitQty>יח`</UnitQty>
      <Quantity>550</Quantity>
      <UnitMeasure>גרם</UnitMeasure>
      <BisWeighted>0</BisWeighted>
      <QtyInPackage>1</QtyInPackage>
      <ItemPrice>5.90</ItemPrice>
      <UnitOfMeasurePrice>1.07</UnitOfMeasurePrice>
      <AllowDiscount>1</AllowDiscount>
      <itemStatus>1</itemStatus>
      <LastUpdateDate />
      <LastUpdateTime />
    </Product>
    <Product>
      <PriceUpdateDate>2016/10/10 08:25</PriceUpdateDate>
      <ItemCode>7290000208336</ItemCode>
      <ItemType>1</ItemType>
      <ItemName>רוטב עגבניות 22% יכין (260 גרם)</ItemName>
      <ManufactureName>זנלכל בעמ</ManufactureName>
      <ManufactureCountry />
      <ManufactureItemDescription />
      <UnitQty>יח`</UnitQty>
      <Quantity>260</Quantity>
      <UnitMeasure>גרם</UnitMeasure>
      <BisWeighted>0</BisWeighted>
      <QtyInPackage>1</QtyInPackage>
      <ItemPrice>3.50</ItemPrice>
      <UnitOfMeasurePrice>1.35</UnitOfMeasurePrice>
      <AllowDiscount>1</AllowDiscount>
      <itemStatus>1</itemStatus>
      <LastUpdateDate />
      <LastUpdateTime />
    </Product>
    <Product>
      <PriceUpdateDate>2016/10/13 08:18</PriceUpdateDate>
      <ItemCode>7290000208343</ItemCode>
      <ItemType>1</ItemType>
      <ItemName>עגבניות מרוסקות עם שום יכין (800 גרם)</ItemName>
      <ManufactureName>זנלכל בעמ</ManufactureName>
      <ManufactureCountry />
      <ManufactureItemDescription />
      <UnitQty>יח`</UnitQty>
      <Quantity>800</Quantity>
      <UnitMeasure>גרם</UnitMeasure>
      <BisWeighted>0</BisWeighted>
      <QtyInPackage>1</QtyInPackage>
      <ItemPrice>6.90</ItemPrice>
      <UnitOfMeasurePrice>0.86</UnitOfMeasurePrice>
      <AllowDiscount>1</AllowDiscount>
      <itemStatus>1</itemStatus>
      <LastUpdateDate />
      <LastUpdateTime />
    </Product>
    <Product>
      <PriceUpdateDate>2016/10/13 08:18</PriceUpdateDate>
      <ItemCode>7290000208367</ItemCode>
      <ItemType>1</ItemType>
      <ItemName>עגב. מרוסקות בזיליקום (800 גרם)</ItemName>
      <ManufactureName>זנלכל בעמ</ManufactureName>
      <ManufactureCountry />
      <ManufactureItemDescription />
      <UnitQty>יח`</UnitQty>
      <Quantity>800</Quantity>
      <UnitMeasure>גרם</UnitMeasure>
      <BisWeighted>0</BisWeighted>
      <QtyInPackage>1</QtyInPackage>
      <ItemPrice>6.90</ItemPrice>
      <UnitOfMeasurePrice>0.86</UnitOfMeasurePrice>
      <AllowDiscount>1</AllowDiscount>
      <itemStatus>1</itemStatus>
      <LastUpdateDate />
      <LastUpdateTime />
    </Product>
    <Product>
      <PriceUpdateDate>2016/10/10 08:25</PriceUpdateDate>
      <ItemCode>7290000208404</ItemCode>
      <ItemType>1</ItemType>
      <ItemName>פול מצרי יכין (550 גרם)</ItemName>
      <ManufactureName>זנלכל בעמ</ManufactureName>
      <ManufactureCountry />
      <ManufactureItemDescription />
      <UnitQty>יח`</UnitQty>
      <Quantity>550</Quantity>
      <UnitMeasure>גרם</UnitMeasure>
      <BisWeighted>0</BisWeighted>
      <QtyInPackage>1</QtyInPackage>
      <ItemPrice>5.90</ItemPrice>
      <UnitOfMeasurePrice>1.07</UnitOfMeasurePrice>
      <AllowDiscount>0</AllowDiscount>
      <itemStatus>1</itemStatus>
      <LastUpdateDate />
      <LastUpdateTime />
    </Product>
    <Product>
      <PriceUpdateDate>2013/12/31 09:50</PriceUpdateDate>
      <ItemCode>7290000208428</ItemCode>
      <ItemType>1</ItemType>
      <ItemName>חומוס שלם יכין (550 גרם)</ItemName>
      <ManufactureName>זנלכל בעמ</ManufactureName>
      <ManufactureCountry />
      <ManufactureItemDescription />
      <UnitQty>יח`</UnitQty>
      <Quantity>550</Quantity>
      <UnitMeasure>גרם</UnitMeasure>
      <BisWeighted>0</BisWeighted>
      <QtyInPackage>1</QtyInPackage>
      <ItemPrice>5.90</ItemPrice>
      <UnitOfMeasurePrice>1.07</UnitOfMeasurePrice>
      <AllowDiscount>1</AllowDiscount>
      <itemStatus>1</itemStatus>
      <LastUpdateDate />
      <LastUpdateTime />
    </Product>
    <Product>
      <PriceUpdateDate>2018/02/06 15:20</PriceUpdateDate>
      <ItemCode>7290000208480</ItemCode>
      <ItemType>1</ItemType>
      <ItemName>תירס בטעם חמאה יכין A2</ItemName>
      <ManufactureName>זנלכל בעמ</ManufactureName>
      <ManufactureCountry />
      <ManufactureItemDescription />
      <UnitQty>יח`</UnitQty>
      <Quantity>550</Quantity>
      <UnitMeasure>גרם</UnitMeasure>
      <BisWeighted>0</BisWeighted>
      <QtyInPackage>1</QtyInPackage>
      <ItemPrice>6.90</ItemPrice>
      <UnitOfMeasurePrice>1.25</UnitOfMeasurePrice>
      <AllowDiscount>0</AllowDiscount>
      <itemStatus>1</itemStatus>
      <LastUpdateDate />
      <LastUpdateTime />
    </Product>
    <Product>
      <PriceUpdateDate>2018/05/01 09:54</PriceUpdateDate>
      <ItemCode>7290000208534</ItemCode>
      <ItemType>1</ItemType>
      <ItemName>תירס קיד גרעיני תירס מתוק יכין (550 גרם)</ItemName>
      <ManufactureName>זנלכל בעמ</ManufactureName>
      <ManufactureCountry />
      <ManufactureItemDescription />
      <UnitQty>יח`</UnitQty>
      <Quantity>550</Quantity>
      <UnitMeasure>גרם</UnitMeasure>
      <BisWeighted>0</BisWeighted>
      <QtyInPackage>1</QtyInPackage>
      <ItemPrice>6.90</ItemPrice>
      <UnitOfMeasurePrice>1.25</UnitOfMeasurePrice>
      <AllowDiscount>0</AllowDiscount>
      <itemStatus>1</itemStatus>
      <LastUpdateDate />
      <LastUpdateTime />
    </Product>
    <Product>
      <PriceUpdateDate>2018/02/06 15:20</PriceUpdateDate>
      <ItemCode>7290000208855</ItemCode>
      <ItemType>1</ItemType>
      <ItemName>רוטב לפסטה קלאסי יכין (260 גרם)</ItemName>
      <ManufactureName>זנלכל בעמ</ManufactureName>
      <ManufactureCountry />
      <ManufactureItemDescription />
      <UnitQty>יח`</UnitQty>
      <Quantity>260</Quantity>
      <UnitMeasure>גרם</UnitMeasure>
      <BisWeighted>0</BisWeighted>
      <QtyInPackage>1</QtyInPackage>
      <ItemPrice>4.90</ItemPrice>
      <UnitOfMeasurePrice>1.88</UnitOfMeasurePrice>
      <AllowDiscount>0</AllowDiscount>
      <itemStatus>1</itemStatus>
      <LastUpdateDate />
      <LastUpdateTime />
    </Product>
    <Product>
      <PriceUpdateDate>2018/02/06 15:20</PriceUpdateDate>
      <ItemCode>7290000208930</ItemCode>
      <ItemType>1</ItemType>
      <ItemName>עגבניות מרוסקות עם שום יכין (260 גרם)</ItemName>
      <ManufactureName>זנלכל בעמ</ManufactureName>
      <ManufactureCountry />
      <ManufactureItemDescription />
      <UnitQty>יח`</UnitQty>
      <Quantity>260</Quantity>
      <UnitMeasure>גרם</UnitMeasure>
      <BisWeighted>0</BisWeighted>
      <QtyInPackage>1</QtyInPackage>
      <ItemPrice>4.90</ItemPrice>
      <UnitOfMeasurePrice>1.88</UnitOfMeasurePrice>
      <AllowDiscount>0</AllowDiscount>
      <itemStatus>1</itemStatus>
      <LastUpdateDate />
      <LastUpdateTime />
    </Product>
    <Product>
      <PriceUpdateDate>2018/02/06 15:20</PriceUpdateDate>
      <ItemCode>7290000208947</ItemCode>
      <ItemType>1</ItemType>
      <ItemName>עגבניות מרוסקות יכין (260 גרם)</ItemName>
      <ManufactureName>זנלכל בעמ</ManufactureName>
      <ManufactureCountry />
      <ManufactureItemDescription />
      <UnitQty>יח`</UnitQty>
      <Quantity>260</Quantity>
      <UnitMeasure>גרם</UnitMeasure>
      <BisWeighted>0</BisWeighted>
      <QtyInPackage>1</QtyInPackage>
      <ItemPrice>4.90</ItemPrice>
      <UnitOfMeasurePrice>1.88</UnitOfMeasurePrice>
      <AllowDiscount>0</AllowDiscount>
      <itemStatus>1</itemStatus>
      <LastUpdateDate />
      <LastUpdateTime />
    </Product>
    <Product>
      <PriceUpdateDate>2016/10/13 08:18</PriceUpdateDate>
      <ItemCode>7290000208978</ItemCode>
      <ItemType>1</ItemType>
      <ItemName>פריכוז רוטב עגבניות 28% יכין (100 גרם)</ItemName>
      <ManufactureName>זנלכל בעמ</ManufactureName>
      <ManufactureCountry />
      <ManufactureItemDescription />
      <UnitQty>יח`</UnitQty>
      <Quantity>100</Quantity>
      <UnitMeasure>גרם</UnitMeasure>
      <BisWeighted>0</BisWeighted>
      <QtyInPackage>1</QtyInPackage>
      <ItemPrice>3</ItemPrice>
      <UnitOfMeasurePrice>3</UnitOfMeasurePrice>
      <AllowDiscount>0</AllowDiscount>
      <itemStatus>1</itemStatus>
      <LastUpdateDate />
      <LastUpdateTime />
    </Product>
    <Product>
      <PriceUpdateDate>2019/02/13 18:55</PriceUpdateDate>
      <ItemCode>7290000209012</ItemCode>
      <ItemType>1</ItemType>
      <ItemName>חומץ 5% יכין (1 ליטר)</ItemName>
      <ManufactureName>זנלכל בעמ</ManufactureName>
      <ManufactureCountry />
      <ManufactureItemDescription />
      <UnitQty>יח`</UnitQty>
      <Quantity>1000</Quantity>
      <UnitMeasure>גרם</UnitMeasure>
      <BisWeighted>0</BisWeighted>
      <QtyInPackage>1</QtyInPackage>
      <ItemPrice>5.90</ItemPrice>
      <UnitOfMeasurePrice>0.59</UnitOfMeasurePrice>
      <AllowDiscount>0</AllowDiscount>
      <itemStatus>1</itemStatus>
      <LastUpdateDate />
      <LastUpdateTime />
    </Product>
    <Product>
      <PriceUpdateDate>2016/10/10 08:25</PriceUpdateDate>
      <ItemCode>7290000209043</ItemCode>
      <ItemType>1</ItemType>
      <ItemName>רוטב לימון משומר לתיבול יכין (1 ליטר)</ItemName>
      <ManufactureName>זנלכל בעמ</ManufactureName>
      <ManufactureCountry />
      <ManufactureItemDescription />
      <UnitQty>יח`</UnitQty>
      <Quantity>1000</Quantity>
      <UnitMeasure>גרם</UnitMeasure>
      <BisWeighted>0</BisWeighted>
      <QtyInPackage>1</QtyInPackage>
      <ItemPrice>7.90</ItemPrice>
      <UnitOfMeasurePrice>0.79</UnitOfMeasurePrice>
      <AllowDiscount>1</AllowDiscount>
      <itemStatus>1</itemStatus>
      <LastUpdateDate />
      <LastUpdateTime />
    </Product>
    <Product>
      <PriceUpdateDate>2016/10/10 08:25</PriceUpdateDate>
      <ItemCode>7290000209173</ItemCode>
      <ItemType>1</ItemType>
      <ItemName>חומץ סינטטי 5% יכין (1 ליטר)</ItemName>
      <ManufactureName>זנלכל בעמ</ManufactureName>
      <ManufactureCountry />
      <ManufactureItemDescription />
      <UnitQty>יח`</UnitQty>
      <Quantity>1000</Quantity>
      <UnitMeasure>גרם</UnitMeasure>
      <BisWeighted>0</BisWeighted>
      <QtyInPackage>1</QtyInPackage>
      <ItemPrice>4.90</ItemPrice>
      <UnitOfMeasurePrice>0.49</UnitOfMeasurePrice>
      <AllowDiscount>0</AllowDiscount>
      <itemStatus>1</itemStatus>
      <LastUpdateDate />
      <LastUpdateTime />
    </Product>
    <Product>
      <PriceUpdateDate>2016/10/10 08:25</PriceUpdateDate>
      <ItemCode>7290000209371</ItemCode>
      <ItemType>1</ItemType>
      <ItemName>מארז גרעיני תירס מתוק יכין (165x3 גרם)</ItemName>
      <ManufactureName>זנלכל בעמ</ManufactureName>
      <ManufactureCountry />
      <ManufactureItemDescription />
      <UnitQty>יח`</UnitQty>
      <Quantity>165</Quantity>
      <UnitMeasure>גרם</UnitMeasure>
      <BisWeighted>0</BisWeighted>
      <QtyInPackage>1</QtyInPackage>
      <ItemPrice>9.90</ItemPrice>
      <UnitOfMeasurePrice>6</UnitOfMeasurePrice>
      <AllowDiscount>0</AllowDiscount>
      <itemStatus>1</itemStatus>
      <LastUpdateDate />
      <LastUpdateTime />
    </Product>
    <Product>
      <PriceUpdateDate>2016/10/10 08:25</PriceUpdateDate>
      <ItemCode>7290000209388</ItemCode>
      <ItemType>1</ItemType>
      <ItemName>תירס לייט שלשות OZ6</ItemName>
      <ManufactureName>זנלכל בעמ</ManufactureName>
      <ManufactureCountry />
      <ManufactureItemDescription />
      <UnitQty>יח`</UnitQty>
      <Quantity>165</Quantity>
      <UnitMeasure>גרם</UnitMeasure>
      <BisWeighted>0</BisWeighted>
      <QtyInPackage>1</QtyInPackage>
      <ItemPrice>9.90</ItemPrice>
      <UnitOfMeasurePrice>6</UnitOfMeasurePrice>
      <AllowDiscount>0</AllowDiscount>
      <itemStatus>1</itemStatus>
      <LastUpdateDate />
      <LastUpdateTime />
    </Product>
    <Product>
      <PriceUpdateDate>2018/02/06 15:20</PriceUpdateDate>
      <ItemCode>7290000209524</ItemCode>
      <ItemType>1</ItemType>
      <ItemName>סירופ דיאט בטעם פטל יכין (1 ליטר)</ItemName>
      <ManufactureName>זנלכל בעמ</ManufactureName>
      <ManufactureCountry />
      <ManufactureItemDescription />
      <UnitQty>יח`</UnitQty>
      <Quantity>1000</Quantity>
      <UnitMeasure>גרם</UnitMeasure>
      <BisWeighted>0</BisWeighted>
      <QtyInPackage>1</QtyInPackage>
      <ItemPrice>7.90</ItemPrice>
      <UnitOfMeasurePrice>0.79</UnitOfMeasurePrice>
      <AllowDiscount>1</AllowDiscount>
      <itemStatus>1</itemStatus>
      <LastUpdateDate />
      <LastUpdateTime />
    </Product>
    <Product>
      <PriceUpdateDate>2018/02/06 15:20</PriceUpdateDate>
      <ItemCode>7290000209562</ItemCode>
      <ItemType>1</ItemType>
      <ItemName>סירופ דיאט בטעם מנגו יכין (1 ליטר)</ItemName>
      <ManufactureName>זנלכל בעמ</ManufactureName>
      <ManufactureCountry />
      <ManufactureItemDescription />
      <UnitQty>יח`</UnitQty>
      <Quantity>1000</Quantity>
      <UnitMeasure>גרם</UnitMeasure>
      <BisWeighted>0</BisWeighted>
      <QtyInPackage>1</QtyInPackage>
      <ItemPrice>7.90</ItemPrice>
      <UnitOfMeasurePrice>0.79</UnitOfMeasurePrice>
      <AllowDiscount>0</AllowDiscount>
      <itemStatus>1</itemStatus>
      <LastUpdateDate />
      <LastUpdateTime />
    </Product>
    <Product>
      <PriceUpdateDate>2018/02/06 15:20</PriceUpdateDate>
      <ItemCode>7290000209579</ItemCode>
      <ItemType>1</ItemType>
      <ItemName>סירופ דיאט בטעם אננס יכין (1 ליטר)</ItemName>
      <ManufactureName>זנלכל בעמ</ManufactureName>
      <ManufactureCountry />
      <ManufactureItemDescription />
      <UnitQty>יח`</UnitQty>
      <Quantity>1000</Quantity>
      <UnitMeasure>גרם</UnitMeasure>
      <BisWeighted>0</BisWeighted>
      <QtyInPackage>1</QtyInPackage>
      <ItemPrice>7.90</ItemPrice>
      <UnitOfMeasurePrice>0.79</UnitOfMeasurePrice>
      <AllowDiscount>1</AllowDiscount>
      <itemStatus>1</itemStatus>
      <LastUpdateDate />
      <LastUpdateTime />
    </Product>
    <Product>
      <PriceUpdateDate>2018/02/06 15:20</PriceUpdateDate>
      <ItemCode>7290000209586</ItemCode>
      <ItemType>1</ItemType>
      <ItemName>סירופ 1 ליטר דיאט תות שדה</ItemName>
      <ManufactureName>זנלכל בעמ</ManufactureName>
      <ManufactureCountry />
      <ManufactureItemDescription />
      <UnitQty>יח`</UnitQty>
      <Quantity>1000</Quantity>
      <UnitMeasure>גרם</UnitMeasure>
      <BisWeighted>0</BisWeighted>
      <QtyInPackage>1</QtyInPackage>
      <ItemPrice>7.90</ItemPrice>
      <UnitOfMeasurePrice>0.79</UnitOfMeasurePrice>
      <AllowDiscount>0</AllowDiscount>
      <itemStatus>1</itemStatus>
      <LastUpdateDate />
      <LastUpdateTime />
    </Product>
    <Product>
      <PriceUpdateDate>2018/02/06 15:20</PriceUpdateDate>
      <ItemCode>7290000209708</ItemCode>
      <ItemType>1</ItemType>
      <ItemName>עגבניות מרוסקות בזיליקום 260  גר`יכין</ItemName>
      <ManufactureName>זנלכל בעמ</ManufactureName>
      <ManufactureCountry />
      <ManufactureItemDescription />
      <UnitQty>יח`</UnitQty>
      <Quantity>260</Quantity>
      <UnitMeasure>גרם</UnitMeasure>
      <BisWeighted>0</BisWeighted>
      <QtyInPackage>1</QtyInPackage>
      <ItemPrice>4.90</ItemPrice>
      <UnitOfMeasurePrice>1.88</UnitOfMeasurePrice>
      <AllowDiscount>0</AllowDiscount>
      <itemStatus>1</itemStatus>
      <LastUpdateDate />
      <LastUpdateTime />
    </Product>
    <Product>
      <PriceUpdateDate>2016/10/10 08:25</PriceUpdateDate>
      <ItemCode>7290000209715</ItemCode>
      <ItemType>1</ItemType>
      <ItemName>רסק עגבניות 22% יכין (570 גרם)</ItemName>
      <ManufactureName>זנלכל בעמ</ManufactureName>
      <ManufactureCountry />
      <ManufactureItemDescription />
      <UnitQty>יח`</UnitQty>
      <Quantity>570</Quantity>
      <UnitMeasure>גרם</UnitMeasure>
      <BisWeighted>0</BisWeighted>
      <QtyInPackage>1</QtyInPackage>
      <ItemPrice>5.90</ItemPrice>
      <UnitOfMeasurePrice>1.04</UnitOfMeasurePrice>
      <AllowDiscount>0</AllowDiscount>
      <itemStatus>1</itemStatus>
      <LastUpdateDate />
      <LastUpdateTime />
    </Product>
    <Product>
      <PriceUpdateDate>2016/10/10 08:25</PriceUpdateDate>
      <ItemCode>7290000209722</ItemCode>
      <ItemType>1</ItemType>
      <ItemName>פריכוז רוטב עגבניות 28% יכין (580 גרם)</ItemName>
      <ManufactureName>זנלכל בעמ</ManufactureName>
      <ManufactureCountry />
      <ManufactureItemDescription />
      <UnitQty>יח`</UnitQty>
      <Quantity>580</Quantity>
      <UnitMeasure>גרם</UnitMeasure>
      <BisWeighted>0</BisWeighted>
      <QtyInPackage>1</QtyInPackage>
      <ItemPrice>6.90</ItemPrice>
      <UnitOfMeasurePrice>1.19</UnitOfMeasurePrice>
      <AllowDiscount>0</AllowDiscount>
      <itemStatus>1</itemStatus>
      <LastUpdateDate />
      <LastUpdateTime />
    </Product>
    <Product>
      <PriceUpdateDate>2018/02/06 15:20</PriceUpdateDate>
      <ItemCode>7290000209906</ItemCode>
      <ItemType>1</ItemType>
      <ItemName>עגבניות מרוסקות בצל 260  גר`יכין</ItemName>
      <ManufactureName>זנלכל בעמ</ManufactureName>
      <ManufactureCountry />
      <ManufactureItemDescription />
      <UnitQty>יח`</UnitQty>
      <Quantity>260</Quantity>
      <UnitMeasure>גרם</UnitMeasure>
      <BisWeighted>0</BisWeighted>
      <QtyInPackage>1</QtyInPackage>
      <ItemPrice>4.90</ItemPrice>
      <UnitOfMeasurePrice>1.88</UnitOfMeasurePrice>
      <AllowDiscount>0</AllowDiscount>
      <itemStatus>1</itemStatus>
      <LastUpdateDate />
      <LastUpdateTime />
    </Product>
    <Product>
      <PriceUpdateDate>2018/02/06 15:20</PriceUpdateDate>
      <ItemCode>7290000209913</ItemCode>
      <ItemType>1</ItemType>
      <ItemName>עגבניות קוביות 260 גר`יכין</ItemName>
      <ManufactureName>זנלכל בעמ</ManufactureName>
      <ManufactureCountry />
      <ManufactureItemDescription />
      <UnitQty>יח`</UnitQty>
      <Quantity>260</Quantity>
      <UnitMeasure>גרם</UnitMeasure>
      <BisWeighted>0</BisWeighted>
      <QtyInPackage>1</QtyInPackage>
      <ItemPrice>4.90</ItemPrice>
      <UnitOfMeasurePrice>1.88</UnitOfMeasurePrice>
      <AllowDiscount>0</AllowDiscount>
      <itemStatus>1</itemStatus>
      <LastUpdateDate />
      <LastUpdateTime />
    </Product>
    <Product>
      <PriceUpdateDate>2018/02/06 15:20</PriceUpdateDate>
      <ItemCode>7290000209944</ItemCode>
      <ItemType>1</ItemType>
      <ItemName>רוטב מתובל לשקשוקה יכין (260 גרם)</ItemName>
      <ManufactureName>זנלכל בעמ</ManufactureName>
      <ManufactureCountry />
      <ManufactureItemDescription />
      <UnitQty>יח`</UnitQty>
      <Quantity>260</Quantity>
      <UnitMeasure>גרם</UnitMeasure>
      <BisWeighted>0</BisWeighted>
      <QtyInPackage>1</QtyInPackage>
      <ItemPrice>4.90</ItemPrice>
      <UnitOfMeasurePrice>1.88</UnitOfMeasurePrice>
      <AllowDiscount>0</AllowDiscount>
      <itemStatus>1</itemStatus>
      <LastUpdateDate />
      <LastUpdateTime />
    </Product>
    <Product>
      <PriceUpdateDate>2018/02/06 15:20</PriceUpdateDate>
      <ItemCode>7290000209951</ItemCode>
      <ItemType>1</ItemType>
      <ItemName>רוטב לפיצה יכין (260 גרם)</ItemName>
      <ManufactureName>זנלכל בעמ</ManufactureName>
      <ManufactureCountry />
      <ManufactureItemDescription />
      <UnitQty>יח`</UnitQty>
      <Quantity>260</Quantity>
      <UnitMeasure>גרם</UnitMeasure>
      <BisWeighted>0</BisWeighted>
      <QtyInPackage>1</QtyInPackage>
      <ItemPrice>4.90</ItemPrice>
      <UnitOfMeasurePrice>1.88</UnitOfMeasurePrice>
      <AllowDiscount>0</AllowDiscount>
      <itemStatus>1</itemStatus>
      <LastUpdateDate />
      <LastUpdateTime />
    </Product>
    <Product>
      <PriceUpdateDate>2018/02/06 15:20</PriceUpdateDate>
      <ItemCode>7290000209968</ItemCode>
      <ItemType>1</ItemType>
      <ItemName>רוטב ללזניה יכין (260 גרם)</ItemName>
      <ManufactureName>זנלכל בעמ</ManufactureName>
      <ManufactureCountry />
      <ManufactureItemDescription />
      <UnitQty>יח`</UnitQty>
      <Quantity>260</Quantity>
      <UnitMeasure>גרם</UnitMeasure>
      <BisWeighted>0</BisWeighted>
      <QtyInPackage>1</QtyInPackage>
      <ItemPrice>4.90</ItemPrice>
      <UnitOfMeasurePrice>1.88</UnitOfMeasurePrice>
      <AllowDiscount>0</AllowDiscount>
      <itemStatus>1</itemStatus>
      <LastUpdateDate />
      <LastUpdateTime />
    </Product>
    <Product>
      <PriceUpdateDate>2014/04/13 18:28</PriceUpdateDate>
      <ItemCode>7290000211312</ItemCode>
      <ItemType>1</ItemType>
      <ItemName>אורז מלא ארוך סוגת (1 קג)</ItemName>
      <ManufactureName>סוגת תעשיות בעמ</ManufactureName>
      <ManufactureCountry />
      <ManufactureItemDescription />
      <UnitQty>יח`</UnitQty>
      <Quantity>1000</Quantity>
      <UnitMeasure>גרם</UnitMeasure>
      <BisWeighted>0</BisWeighted>
      <QtyInPackage>1</QtyInPackage>
      <ItemPrice>10.90</ItemPrice>
      <UnitOfMeasurePrice>1.09</UnitOfMeasurePrice>
      <AllowDiscount>0</AllowDiscount>
      <itemStatus>1</itemStatus>
      <LastUpdateDate />
      <LastUpdateTime />
    </Product>
    <Product>
      <PriceUpdateDate>2015/06/28 13:46</PriceUpdateDate>
      <ItemCode>7290000211374</ItemCode>
      <ItemType>1</ItemType>
      <ItemName>קמח חיטה מלא סוגת (1 קג)</ItemName>
      <ManufactureName>סוגת תעשיות בעמ</ManufactureName>
      <ManufactureCountry />
      <ManufactureItemDescription />
      <UnitQty>יח`</UnitQty>
      <Quantity>1000</Quantity>
      <UnitMeasure>גרם</UnitMeasure>
      <BisWeighted>0</BisWeighted>
      <QtyInPackage>1</QtyInPackage>
      <ItemPrice>8.90</ItemPrice>
      <UnitOfMeasurePrice>0.89</UnitOfMeasurePrice>
      <AllowDiscount>1</AllowDiscount>
      <itemStatus>1</itemStatus>
      <LastUpdateDate />
      <LastUpdateTime />
    </Product>
    <Product>
      <PriceUpdateDate>2018/07/09 13:26</PriceUpdateDate>
      <ItemCode>7290000211442</ItemCode>
      <ItemType>1</ItemType>
      <ItemName>אורז בסגנון פרסי קלאסי סוגת (1 קג)</ItemName>
      <ManufactureName>סוגת תעשיות בעמ</ManufactureName>
      <ManufactureCountry />
      <ManufactureItemDescription />
      <UnitQty>יח`</UnitQty>
      <Quantity>1</Quantity>
      <UnitMeasure>ק"ג</UnitMeasure>
      <BisWeighted>0</BisWeighted>
      <QtyInPackage>1</QtyInPackage>
      <ItemPrice>9.90</ItemPrice>
      <UnitOfMeasurePrice>9.90</UnitOfMeasurePrice>
      <AllowDiscount>0</AllowDiscount>
      <itemStatus>1</itemStatus>
      <LastUpdateDate />
      <LastUpdateTime />
    </Product>
    <Product>
      <PriceUpdateDate>2017/03/30 07:24</PriceUpdateDate>
      <ItemCode>7290000211503</ItemCode>
      <ItemType>1</ItemType>
      <ItemName>סוכר לבן סוגת (1 קג)</ItemName>
      <ManufactureName>סוגת תעשיות בעמ</ManufactureName>
      <ManufactureCountry />
      <ManufactureItemDescription />
      <UnitQty>יח`</UnitQty>
      <Quantity>1000</Quantity>
      <UnitMeasure>גרם</UnitMeasure>
      <BisWeighted>0</BisWeighted>
      <QtyInPackage>1</QtyInPackage>
      <ItemPrice>3.90</ItemPrice>
      <UnitOfMeasurePrice>0.39</UnitOfMeasurePrice>
      <AllowDiscount>0</AllowDiscount>
      <itemStatus>1</itemStatus>
      <LastUpdateDate />
      <LastUpdateTime />
    </Product>
    <Product>
      <PriceUpdateDate>2014/04/13 18:28</PriceUpdateDate>
      <ItemCode>7290000211985</ItemCode>
      <ItemType>1</ItemType>
      <ItemName>אורז ריזוטו עגול סוגת (1 קג)</ItemName>
      <ManufactureName>סוגת תעשיות בעמ</ManufactureName>
      <ManufactureCountry />
      <ManufactureItemDescription />
      <UnitQty>יח`</UnitQty>
      <Quantity>1000</Quantity>
      <UnitMeasure>גרם</UnitMeasure>
      <BisWeighted>0</BisWeighted>
      <QtyInPackage>1</QtyInPackage>
      <ItemPrice>9.90</ItemPrice>
      <UnitOfMeasurePrice>0.99</UnitOfMeasurePrice>
      <AllowDiscount>0</AllowDiscount>
      <itemStatus>1</itemStatus>
      <LastUpdateDate />
      <LastUpdateTime />
    </Product>
    <Product>
      <PriceUpdateDate>2018/05/01 08:31</PriceUpdateDate>
      <ItemCode>7290000226545</ItemCode>
      <ItemType>1</ItemType>
      <ItemName>עוגת טורט היער השחור 1 קג</ItemName>
      <ManufactureName>קפולסקי אדל בעמ</ManufactureName>
      <ManufactureCountry />
      <ManufactureItemDescription />
      <UnitQty>יח`</UnitQty>
      <Quantity>1000</Quantity>
      <UnitMeasure>גרם</UnitMeasure>
      <BisWeighted>0</BisWeighted>
      <QtyInPackage>1</QtyInPackage>
      <ItemPrice>59.90</ItemPrice>
      <UnitOfMeasurePrice>5.99</UnitOfMeasurePrice>
      <AllowDiscount>0</AllowDiscount>
      <itemStatus>1</itemStatus>
      <LastUpdateDate />
      <LastUpdateTime />
    </Product>
    <Product>
      <PriceUpdateDate>2018/05/01 08:31</PriceUpdateDate>
      <ItemCode>7290000226552</ItemCode>
      <ItemType>1</ItemType>
      <ItemName>טורט קצפת וניל ריץ` (1 קג)</ItemName>
      <ManufactureName>קפולסקי אדל בעמ</ManufactureName>
      <ManufactureCountry />
      <ManufactureItemDescription />
      <UnitQty>יח`</UnitQty>
      <Quantity>1000</Quantity>
      <UnitMeasure>גרם</UnitMeasure>
      <BisWeighted>0</BisWeighted>
      <QtyInPackage>1</QtyInPackage>
      <ItemPrice>59.90</ItemPrice>
      <UnitOfMeasurePrice>5.99</UnitOfMeasurePrice>
      <AllowDiscount>0</AllowDiscount>
      <itemStatus>1</itemStatus>
      <LastUpdateDate />
      <LastUpdateTime />
    </Product>
    <Product>
      <PriceUpdateDate>2018/05/01 08:31</PriceUpdateDate>
      <ItemCode>7290000226569</ItemCode>
      <ItemType>1</ItemType>
      <ItemName>עוגת טורט קצפת שוקולד קפולסקי (1 קג)</ItemName>
      <ManufactureName>קפולסקי אדל בעמ</ManufactureName>
      <ManufactureCountry />
      <ManufactureItemDescription />
      <UnitQty>יח`</UnitQty>
      <Quantity>1000</Quantity>
      <UnitMeasure>גרם</UnitMeasure>
      <BisWeighted>0</BisWeighted>
      <QtyInPackage>1</QtyInPackage>
      <ItemPrice>59.90</ItemPrice>
      <UnitOfMeasurePrice>5.99</UnitOfMeasurePrice>
      <AllowDiscount>0</AllowDiscount>
      <itemStatus>1</itemStatus>
      <LastUpdateDate />
      <LastUpdateTime />
    </Product>
    <Product>
      <PriceUpdateDate>2018/05/01 08:31</PriceUpdateDate>
      <ItemCode>7290000226576</ItemCode>
      <ItemType>1</ItemType>
      <ItemName>עוגת טורט מצופה שוקולד 1 קג</ItemName>
      <ManufactureName>קפולסקי אדל בעמ</ManufactureName>
      <ManufactureCountry />
      <ManufactureItemDescription />
      <UnitQty>יח`</UnitQty>
      <Quantity>1000</Quantity>
      <UnitMeasure>גרם</UnitMeasure>
      <BisWeighted>0</BisWeighted>
      <QtyInPackage>1</QtyInPackage>
      <ItemPrice>59.90</ItemPrice>
      <UnitOfMeasurePrice>5.99</UnitOfMeasurePrice>
      <AllowDiscount>0</AllowDiscount>
      <itemStatus>1</itemStatus>
      <LastUpdateDate />
      <LastUpdateTime />
    </Product>
    <Product>
      <PriceUpdateDate>2018/05/01 08:31</PriceUpdateDate>
      <ItemCode>7290000226613</ItemCode>
      <ItemType>1</ItemType>
      <ItemName>עוגת דובוש מצופה שוקולד 450 גר.</ItemName>
      <ManufactureName>קפולסקי אדל בעמ</ManufactureName>
      <ManufactureCountry />
      <ManufactureItemDescription />
      <UnitQty>יח`</UnitQty>
      <Quantity>450</Quantity>
      <UnitMeasure>גרם</UnitMeasure>
      <BisWeighted>0</BisWeighted>
      <QtyInPackage>1</QtyInPackage>
      <ItemPrice>34.90</ItemPrice>
      <UnitOfMeasurePrice>7.76</UnitOfMeasurePrice>
      <AllowDiscount>0</AllowDiscount>
      <itemStatus>1</itemStatus>
      <LastUpdateDate />
      <LastUpdateTime />
    </Product>
    <Product>
      <PriceUpdateDate>2017/06/07 08:53</PriceUpdateDate>
      <ItemCode>7290000238029</ItemCode>
      <ItemType>1</ItemType>
      <ItemName>בצק עלים צרפתי מרודד מעדנות (1 קג)</ItemName>
      <ManufactureName>תנובה קפואים</ManufactureName>
      <ManufactureCountry />
      <ManufactureItemDescription />
      <UnitQty>יח`</UnitQty>
      <Quantity>1000</Quantity>
      <UnitMeasure>גרם</UnitMeasure>
      <BisWeighted>0</BisWeighted>
      <QtyInPackage>1</QtyInPackage>
      <ItemPrice>21.90</ItemPrice>
      <UnitOfMeasurePrice>2.19</UnitOfMeasurePrice>
      <AllowDiscount>1</AllowDiscount>
      <itemStatus>1</itemStatus>
      <LastUpdateDate />
      <LastUpdateTime />
    </Product>
    <Product>
      <PriceUpdateDate>2015/04/12 14:48</PriceUpdateDate>
      <ItemCode>7290000238036</ItemCode>
      <ItemType>1</ItemType>
      <ItemName>מלווח מעדנות (6 יח` - 700 גרם)</ItemName>
      <ManufactureName>תנובה קפואים</ManufactureName>
      <ManufactureCountry />
      <ManufactureItemDescription />
      <UnitQty>יח`</UnitQty>
      <Quantity>700</Quantity>
      <UnitMeasure>גרם</UnitMeasure>
      <BisWeighted>0</BisWeighted>
      <QtyInPackage>1</QtyInPackage>
      <ItemPrice>16.90</ItemPrice>
      <UnitOfMeasurePrice>2.41</UnitOfMeasurePrice>
      <AllowDiscount>1</AllowDiscount>
      <itemStatus>1</itemStatus>
      <LastUpdateDate />
      <LastUpdateTime />
    </Product>
    <Product>
      <PriceUpdateDate>2015/04/12 14:48</PriceUpdateDate>
      <ItemCode>7290000238173</ItemCode>
      <ItemType>1</ItemType>
      <ItemName>בורקס גבינה מעדנות</ItemName>
      <ManufactureName>תנובה קפואים</ManufactureName>
      <ManufactureCountry />
      <ManufactureItemDescription />
      <UnitQty>יח`</UnitQty>
      <Quantity>800</Quantity>
      <UnitMeasure>גרם</UnitMeasure>
      <BisWeighted>0</BisWeighted>
      <QtyInPackage>1</QtyInPackage>
      <ItemPrice>20.90</ItemPrice>
      <UnitOfMeasurePrice>2.61</UnitOfMeasurePrice>
      <AllowDiscount>1</AllowDiscount>
      <itemStatus>1</itemStatus>
      <LastUpdateDate />
      <LastUpdateTime />
    </Product>
    <Product>
      <PriceUpdateDate>2015/04/12 14:48</PriceUpdateDate>
      <ItemCode>7290000238180</ItemCode>
      <ItemType>1</ItemType>
      <ItemName>בורקס תפוא מעדנות</ItemName>
      <ManufactureName>תנובה קפואים</ManufactureName>
      <ManufactureCountry />
      <ManufactureItemDescription />
      <UnitQty>יח`</UnitQty>
      <Quantity>800</Quantity>
      <UnitMeasure>גרם</UnitMeasure>
      <BisWeighted>0</BisWeighted>
      <QtyInPackage>1</QtyInPackage>
      <ItemPrice>19.90</ItemPrice>
      <UnitOfMeasurePrice>2.49</UnitOfMeasurePrice>
      <AllowDiscount>1</AllowDiscount>
      <itemStatus>1</itemStatus>
      <LastUpdateDate />
      <LastUpdateTime />
    </Product>
    <Product>
      <PriceUpdateDate>2015/10/12 10:53</PriceUpdateDate>
      <ItemCode>7290000244143</ItemCode>
      <ItemType>1</ItemType>
      <ItemName>קרם לאחר גילוח הוואי (120 מל)</ItemName>
      <ManufactureName>הנקל סוד בעמ</ManufactureName>
      <ManufactureCountry />
      <ManufactureItemDescription />
      <UnitQty>יח`</UnitQty>
      <Quantity>120</Quantity>
      <UnitMeasure>גרם</UnitMeasure>
      <BisWeighted>0</BisWeighted>
      <QtyInPackage>1</QtyInPackage>
      <ItemPrice>17.90</ItemPrice>
      <UnitOfMeasurePrice>14.92</UnitOfMeasurePrice>
      <AllowDiscount>0</AllowDiscount>
      <itemStatus>1</itemStatus>
      <LastUpdateDate />
      <LastUpdateTime />
    </Product>
    <Product>
      <PriceUpdateDate>2016/08/16 10:05</PriceUpdateDate>
      <ItemCode>7290000244280</ItemCode>
      <ItemType>1</ItemType>
      <ItemName>משחת גילוח1/25</ItemName>
      <ManufactureName>עיסא ערטול בעמ</ManufactureName>
      <ManufactureCountry />
      <ManufactureItemDescription />
      <UnitQty>יח`</UnitQty>
      <Quantity>80</Quantity>
      <UnitMeasure>גרם</UnitMeasure>
      <BisWeighted>0</BisWeighted>
      <QtyInPackage>1</QtyInPackage>
      <ItemPrice>8.90</ItemPrice>
      <UnitOfMeasurePrice>11.13</UnitOfMeasurePrice>
      <AllowDiscount>0</AllowDiscount>
      <itemStatus>1</itemStatus>
      <LastUpdateDate />
      <LastUpdateTime />
    </Product>
    <Product>
      <PriceUpdateDate>2015/12/15 12:45</PriceUpdateDate>
      <ItemCode>7290000244631</ItemCode>
      <ItemType>1</ItemType>
      <ItemName>קרם ידיים ענוגה (80 מל)</ItemName>
      <ManufactureName>עיסא ערטול בעמ</ManufactureName>
      <ManufactureCountry />
      <ManufactureItemDescription />
      <UnitQty>יח`</UnitQty>
      <Quantity>80</Quantity>
      <UnitMeasure>מ"ל</UnitMeasure>
      <BisWeighted>0</BisWeighted>
      <QtyInPackage>1</QtyInPackage>
      <ItemPrice>9.90</ItemPrice>
      <UnitOfMeasurePrice>12.38</UnitOfMeasurePrice>
      <AllowDiscount>0</AllowDiscount>
      <itemStatus>1</itemStatus>
      <LastUpdateDate />
      <LastUpdateTime />
    </Product>
    <Product>
      <PriceUpdateDate>2015/10/12 10:53</PriceUpdateDate>
      <ItemCode>7290000244761</ItemCode>
      <ItemType>1</ItemType>
      <ItemName>קרם ידיים ולוטה (80 גרם)</ItemName>
      <ManufactureName>הנקל סוד בעמ</ManufactureName>
      <ManufactureCountry />
      <ManufactureItemDescription />
      <UnitQty>יח`</UnitQty>
      <Quantity>80</Quantity>
      <UnitMeasure>מ"ל</UnitMeasure>
      <BisWeighted>0</BisWeighted>
      <QtyInPackage>1</QtyInPackage>
      <ItemPrice>10.90</ItemPrice>
      <UnitOfMeasurePrice>13.63</UnitOfMeasurePrice>
      <AllowDiscount>1</AllowDiscount>
      <itemStatus>1</itemStatus>
      <LastUpdateDate />
      <LastUpdateTime />
    </Product>
    <Product>
      <PriceUpdateDate>2016/04/06 10:14</PriceUpdateDate>
      <ItemCode>7290000245072</ItemCode>
      <ItemType>1</ItemType>
      <ItemName>מרכך כביסה בייבי סוד (4 ליטר)</ItemName>
      <ManufactureName>גורי שיווק בעמ</ManufactureName>
      <ManufactureCountry />
      <ManufactureItemDescription />
      <UnitQty>יח`</UnitQty>
      <Quantity>4000</Quantity>
      <UnitMeasure>מ"ל</UnitMeasure>
      <BisWeighted>0</BisWeighted>
      <QtyInPackage>1</QtyInPackage>
      <ItemPrice>17.90</ItemPrice>
      <UnitOfMeasurePrice>0.45</UnitOfMeasurePrice>
      <AllowDiscount>1</AllowDiscount>
      <itemStatus>1</itemStatus>
      <LastUpdateDate />
      <LastUpdateTime />
    </Product>
    <Product>
      <PriceUpdateDate>2016/04/06 10:14</PriceUpdateDate>
      <ItemCode>7290000245089</ItemCode>
      <ItemType>1</ItemType>
      <ItemName>מרכך כביסה סוד סופט 4 ליטר סגול</ItemName>
      <ManufactureName>גורי שיווק בעמ</ManufactureName>
      <ManufactureCountry />
      <ManufactureItemDescription />
      <UnitQty>יח`</UnitQty>
      <Quantity>4000</Quantity>
      <UnitMeasure>מ"ל</UnitMeasure>
      <BisWeighted>0</BisWeighted>
      <QtyInPackage>1</QtyInPackage>
      <ItemPrice>17.90</ItemPrice>
      <UnitOfMeasurePrice>0.45</UnitOfMeasurePrice>
      <AllowDiscount>1</AllowDiscount>
      <itemStatus>1</itemStatus>
      <LastUpdateDate />
      <LastUpdateTime />
    </Product>
    <Product>
      <PriceUpdateDate>2016/02/04 17:02</PriceUpdateDate>
      <ItemCode>7290000245478</ItemCode>
      <ItemType>1</ItemType>
      <ItemName>אבקת כביסה קומפקט סוד בייבי 1.25 קג`</ItemName>
      <ManufactureName>גורי שיווק בעמ</ManufactureName>
      <ManufactureCountry />
      <ManufactureItemDescription />
      <UnitQty>יח`</UnitQty>
      <Quantity>1250</Quantity>
      <UnitMeasure>גרם</UnitMeasure>
      <BisWeighted>0</BisWeighted>
      <QtyInPackage>1</QtyInPackage>
      <ItemPrice>11.90</ItemPrice>
      <UnitOfMeasurePrice>0.95</UnitOfMeasurePrice>
      <AllowDiscount>0</AllowDiscount>
      <itemStatus>1</itemStatus>
      <LastUpdateDate />
      <LastUpdateTime />
    </Product>
    <Product>
      <PriceUpdateDate>2016/02/04 17:02</PriceUpdateDate>
      <ItemCode>7290000245539</ItemCode>
      <ItemType>1</ItemType>
      <ItemName>קומפקט סוד 1.25  קג`שקית</ItemName>
      <ManufactureName>גורי שיווק בעמ</ManufactureName>
      <ManufactureCountry />
      <ManufactureItemDescription />
      <UnitQty>יח`</UnitQty>
      <Quantity>1250</Quantity>
      <UnitMeasure>גרם</UnitMeasure>
      <BisWeighted>0</BisWeighted>
      <QtyInPackage>1</QtyInPackage>
      <ItemPrice>11.90</ItemPrice>
      <UnitOfMeasurePrice>0.95</UnitOfMeasurePrice>
      <AllowDiscount>0</AllowDiscount>
      <itemStatus>1</itemStatus>
      <LastUpdateDate />
      <LastUpdateTime />
    </Product>
    <Product>
      <PriceUpdateDate>2016/02/01 09:07</PriceUpdateDate>
      <ItemCode>7290000245584</ItemCode>
      <ItemType>1</ItemType>
      <ItemName>א.כ סוד פרפקט 2.5 קג`</ItemName>
      <ManufactureName>גורי שיווק בעמ</ManufactureName>
      <ManufactureCountry />
      <ManufactureItemDescription />
      <UnitQty>יח`</UnitQty>
      <Quantity>2500</Quantity>
      <UnitMeasure>גרם</UnitMeasure>
      <BisWeighted>0</BisWeighted>
      <QtyInPackage>1</QtyInPackage>
      <ItemPrice>19.90</ItemPrice>
      <UnitOfMeasurePrice>0.80</UnitOfMeasurePrice>
      <AllowDiscount>0</AllowDiscount>
      <itemStatus>1</itemStatus>
      <LastUpdateDate />
      <LastUpdateTime />
    </Product>
    <Product>
      <PriceUpdateDate>2016/04/06 10:14</PriceUpdateDate>
      <ItemCode>7290000245782</ItemCode>
      <ItemType>1</ItemType>
      <ItemName>מרכך כביסה ורוד סוד (4 ליטר)</ItemName>
      <ManufactureName>גורי שיווק בעמ</ManufactureName>
      <ManufactureCountry />
      <ManufactureItemDescription />
      <UnitQty>יח`</UnitQty>
      <Quantity>4000</Quantity>
      <UnitMeasure>מ"ל</UnitMeasure>
      <BisWeighted>0</BisWeighted>
      <QtyInPackage>1</QtyInPackage>
      <ItemPrice>17.90</ItemPrice>
      <UnitOfMeasurePrice>0.45</UnitOfMeasurePrice>
      <AllowDiscount>1</AllowDiscount>
      <itemStatus>1</itemStatus>
      <LastUpdateDate />
      <LastUpdateTime />
    </Product>
    <Product>
      <PriceUpdateDate>2016/04/06 10:14</PriceUpdateDate>
      <ItemCode>7290000245799</ItemCode>
      <ItemType>1</ItemType>
      <ItemName>מרכך כביסה כחול סוד (4 ליטר)</ItemName>
      <ManufactureName>גורי שיווק בעמ</ManufactureName>
      <ManufactureCountry />
      <ManufactureItemDescription />
      <UnitQty>יח`</UnitQty>
      <Quantity>4000</Quantity>
      <UnitMeasure>מ"ל</UnitMeasure>
      <BisWeighted>0</BisWeighted>
      <QtyInPackage>1</QtyInPackage>
      <ItemPrice>17.90</ItemPrice>
      <UnitOfMeasurePrice>0.45</UnitOfMeasurePrice>
      <AllowDiscount>1</AllowDiscount>
      <itemStatus>1</itemStatus>
      <LastUpdateDate />
      <LastUpdateTime />
    </Product>
    <Product>
      <PriceUpdateDate>2019/05/02 12:58</PriceUpdateDate>
      <ItemCode>7290000253220</ItemCode>
      <ItemType>1</ItemType>
      <ItemName>אופנהיימר שוקוציפס 300 גר`</ItemName>
      <ManufactureName>תה ויסוצקי (ישראל) בעמ</ManufactureName>
      <ManufactureCountry />
      <ManufactureItemDescription />
      <UnitQty>יח`</UnitQty>
      <Quantity>300</Quantity>
      <UnitMeasure>גרם</UnitMeasure>
      <BisWeighted>0</BisWeighted>
      <QtyInPackage>1</QtyInPackage>
      <ItemPrice>12.90</ItemPrice>
      <UnitOfMeasurePrice>4.30</UnitOfMeasurePrice>
      <AllowDiscount>0</AllowDiscount>
      <itemStatus>1</itemStatus>
      <LastUpdateDate />
      <LastUpdateTime />
    </Product>
    <Product>
      <PriceUpdateDate>2015/02/01 16:21</PriceUpdateDate>
      <ItemCode>7290000254197</ItemCode>
      <ItemType>1</ItemType>
      <ItemName>קפה אספרסטו זהב עלית (200 גרם)</ItemName>
      <ManufactureName>שטראוס גרופ בעמ</ManufactureName>
      <ManufactureCountry />
      <ManufactureItemDescription />
      <UnitQty>יח`</UnitQty>
      <Quantity>200</Quantity>
      <UnitMeasure>גרם</UnitMeasure>
      <BisWeighted>0</BisWeighted>
      <QtyInPackage>1</QtyInPackage>
      <ItemPrice>22.90</ItemPrice>
      <UnitOfMeasurePrice>11.45</UnitOfMeasurePrice>
      <AllowDiscount>0</AllowDiscount>
      <itemStatus>1</itemStatus>
      <LastUpdateDate />
      <LastUpdateTime />
    </Product>
    <Product>
      <PriceUpdateDate>2019/01/13 11:17</PriceUpdateDate>
      <ItemCode>7290000260839</ItemCode>
      <ItemType>1</ItemType>
      <ItemName>משקה קל תפוזים ספרינג (1.5 ליטר)</ItemName>
      <ManufactureName>יפאורה</ManufactureName>
      <ManufactureCountry />
      <ManufactureItemDescription />
      <UnitQty>יח`</UnitQty>
      <Quantity>1500</Quantity>
      <UnitMeasure>מ"ל</UnitMeasure>
      <BisWeighted>0</BisWeighted>
      <QtyInPackage>1</QtyInPackage>
      <ItemPrice>6.40</ItemPrice>
      <UnitOfMeasurePrice>0.43</UnitOfMeasurePrice>
      <AllowDiscount>1</AllowDiscount>
      <itemStatus>1</itemStatus>
      <LastUpdateDate />
      <LastUpdateTime />
    </Product>
    <Product>
      <PriceUpdateDate>2019/01/13 11:17</PriceUpdateDate>
      <ItemCode>7290000260853</ItemCode>
      <ItemType>1</ItemType>
      <ItemName>משקה קל מנגו ספרינג (1.5 ליטר)</ItemName>
      <ManufactureName>יפאורה</ManufactureName>
      <ManufactureCountry />
      <ManufactureItemDescription />
      <UnitQty>יח`</UnitQty>
      <Quantity>1500</Quantity>
      <UnitMeasure>מ"ל</UnitMeasure>
      <BisWeighted>0</BisWeighted>
      <QtyInPackage>1</QtyInPackage>
      <ItemPrice>6.40</ItemPrice>
      <UnitOfMeasurePrice>0.43</UnitOfMeasurePrice>
      <AllowDiscount>1</AllowDiscount>
      <itemStatus>1</itemStatus>
      <LastUpdateDate />
      <LastUpdateTime />
    </Product>
    <Product>
      <PriceUpdateDate>2019/01/13 11:17</PriceUpdateDate>
      <ItemCode>7290000260860</ItemCode>
      <ItemType>1</ItemType>
      <ItemName>משקה קל אפרסקים ספרינג (1.5 ליטר)</ItemName>
      <ManufactureName>יפאורה</ManufactureName>
      <ManufactureCountry />
      <ManufactureItemDescription />
      <UnitQty>יח`</UnitQty>
      <Quantity>1500</Quantity>
      <UnitMeasure>מ"ל</UnitMeasure>
      <BisWeighted>0</BisWeighted>
      <QtyInPackage>1</QtyInPackage>
      <ItemPrice>6.40</ItemPrice>
      <UnitOfMeasurePrice>0.43</UnitOfMeasurePrice>
      <AllowDiscount>1</AllowDiscount>
      <itemStatus>1</itemStatus>
      <LastUpdateDate />
      <LastUpdateTime />
    </Product>
    <Product>
      <PriceUpdateDate>2019/01/13 11:17</PriceUpdateDate>
      <ItemCode>7290000260969</ItemCode>
      <ItemType>1</ItemType>
      <ItemName>ספרינג אשכוליות אננס לייט 1.5 ליטר</ItemName>
      <ManufactureName>יפאורה</ManufactureName>
      <ManufactureCountry />
      <ManufactureItemDescription />
      <UnitQty>יח`</UnitQty>
      <Quantity>1500</Quantity>
      <UnitMeasure>מ"ל</UnitMeasure>
      <BisWeighted>0</BisWeighted>
      <QtyInPackage>1</QtyInPackage>
      <ItemPrice>6.40</ItemPrice>
      <UnitOfMeasurePrice>0.43</UnitOfMeasurePrice>
      <AllowDiscount>1</AllowDiscount>
      <itemStatus>1</itemStatus>
      <LastUpdateDate />
      <LastUpdateTime />
    </Product>
    <Product>
      <PriceUpdateDate>2018/11/21 16:23</PriceUpdateDate>
      <ItemCode>7290000262031</ItemCode>
      <ItemType>1</ItemType>
      <ItemName>נייר טואלט לב מולט) (32</ItemName>
      <ManufactureName>קימברלי קלארק ישראל שיווק בעמ</ManufactureName>
      <ManufactureCountry />
      <ManufactureItemDescription />
      <UnitQty>יח`</UnitQty>
      <Quantity>1850</Quantity>
      <UnitMeasure>גרם</UnitMeasure>
      <BisWeighted>0</BisWeighted>
      <QtyInPackage>1</QtyInPackage>
      <ItemPrice>26.90</ItemPrice>
      <UnitOfMeasurePrice>1.45</UnitOfMeasurePrice>
      <AllowDiscount>0</AllowDiscount>
      <itemStatus>1</itemStatus>
      <LastUpdateDate />
      <LastUpdateTime />
    </Product>
    <Product>
      <PriceUpdateDate>2015/04/29 16:50</PriceUpdateDate>
      <ItemCode>7290000263250</ItemCode>
      <ItemType>1</ItemType>
      <ItemName>מגבונים ללא בישום פרימיום טיטולים (72x4)</ItemName>
      <ManufactureName>קימברלי קלארק ישראל שיווק בעמ</ManufactureName>
      <ManufactureCountry />
      <ManufactureItemDescription />
      <UnitQty>יח`</UnitQty>
      <Quantity>1</Quantity>
      <UnitMeasure>יח`</UnitMeasure>
      <BisWeighted>0</BisWeighted>
      <QtyInPackage>1</QtyInPackage>
      <ItemPrice>19.90</ItemPrice>
      <UnitOfMeasurePrice>19.90</UnitOfMeasurePrice>
      <AllowDiscount>1</AllowDiscount>
      <itemStatus>1</itemStatus>
      <LastUpdateDate />
      <LastUpdateTime />
    </Product>
    <Product>
      <PriceUpdateDate>2018/03/20 08:35</PriceUpdateDate>
      <ItemCode>7290000263359</ItemCode>
      <ItemType>1</ItemType>
      <ItemName>חיתולי ליטל בייביס שלב 1 האגיס) (40</ItemName>
      <ManufactureName>קימברלי קלארק ישראל שיווק בעמ</ManufactureName>
      <ManufactureCountry />
      <ManufactureItemDescription />
      <UnitQty>יח`</UnitQty>
      <Quantity>1</Quantity>
      <UnitMeasure>יח`</UnitMeasure>
      <BisWeighted>0</BisWeighted>
      <QtyInPackage>1</QtyInPackage>
      <ItemPrice>34.90</ItemPrice>
      <UnitOfMeasurePrice>34.90</UnitOfMeasurePrice>
      <AllowDiscount>0</AllowDiscount>
      <itemStatus>1</itemStatus>
      <LastUpdateDate />
      <LastUpdateTime />
    </Product>
    <Product>
      <PriceUpdateDate>2015/09/29 15:29</PriceUpdateDate>
      <ItemCode>7290000264752</ItemCode>
      <ItemType>1</ItemType>
      <ItemName>זוג רדי אלומניום עם הטבעה</ItemName>
      <ManufactureName>קימברלי קלארק ישראל שיווק בעמ</ManufactureName>
      <ManufactureCountry />
      <ManufactureItemDescription />
      <UnitQty>יח`</UnitQty>
      <Quantity>1</Quantity>
      <UnitMeasure />
      <BisWeighted>0</BisWeighted>
      <QtyInPackage>1</QtyInPackage>
      <ItemPrice>9.90</ItemPrice>
      <UnitOfMeasurePrice>9.90</UnitOfMeasurePrice>
      <AllowDiscount>1</AllowDiscount>
      <itemStatus>1</itemStatus>
      <LastUpdateDate />
      <LastUpdateTime />
    </Product>
    <Product>
      <PriceUpdateDate>2019/08/09 16:15</PriceUpdateDate>
      <ItemCode>7290000267586</ItemCode>
      <ItemType>1</ItemType>
      <ItemName>חמניות קלופות 150  גר`השף</ItemName>
      <ManufactureName>דין שיווק וקליה בעמ</ManufactureName>
      <ManufactureCountry />
      <ManufactureItemDescription />
      <UnitQty>יח`</UnitQty>
      <Quantity>150</Quantity>
      <UnitMeasure>גרם</UnitMeasure>
      <BisWeighted>0</BisWeighted>
      <QtyInPackage>1</QtyInPackage>
      <ItemPrice>4.90</ItemPrice>
      <UnitOfMeasurePrice>3.27</UnitOfMeasurePrice>
      <AllowDiscount>0</AllowDiscount>
      <itemStatus>1</itemStatus>
      <LastUpdateDate />
      <LastUpdateTime />
    </Product>
    <Product>
      <PriceUpdateDate>2015/05/13 08:34</PriceUpdateDate>
      <ItemCode>7290000272696</ItemCode>
      <ItemType>1</ItemType>
      <ItemName>מיץ לימון משומר עסיס (1 ליטר)</ItemName>
      <ManufactureName>קבוצת אסם סחר שות. מוגבלת</ManufactureName>
      <ManufactureCountry />
      <ManufactureItemDescription />
      <UnitQty>יח`</UnitQty>
      <Quantity>1</Quantity>
      <UnitMeasure>1 ליטר</UnitMeasure>
      <BisWeighted>0</BisWeighted>
      <QtyInPackage>1</QtyInPackage>
      <ItemPrice>9.90</ItemPrice>
      <UnitOfMeasurePrice>9.90</UnitOfMeasurePrice>
      <AllowDiscount>0</AllowDiscount>
      <itemStatus>1</itemStatus>
      <LastUpdateDate />
      <LastUpdateTime />
    </Product>
    <Product>
      <PriceUpdateDate>2015/12/01 08:27</PriceUpdateDate>
      <ItemCode>7290000272726</ItemCode>
      <ItemType>1</ItemType>
      <ItemName>חומץ 5% עסיס (1 ליטר)</ItemName>
      <ManufactureName>קבוצת אסם סחר שות. מוגבלת</ManufactureName>
      <ManufactureCountry />
      <ManufactureItemDescription />
      <UnitQty>יח`</UnitQty>
      <Quantity>1</Quantity>
      <UnitMeasure>1 ליטר</UnitMeasure>
      <BisWeighted>0</BisWeighted>
      <QtyInPackage>1</QtyInPackage>
      <ItemPrice>7.90</ItemPrice>
      <UnitOfMeasurePrice>7.90</UnitOfMeasurePrice>
      <AllowDiscount>0</AllowDiscount>
      <itemStatus>1</itemStatus>
      <LastUpdateDate />
      <LastUpdateTime />
    </Product>
    <Product>
      <PriceUpdateDate>2018/11/11 08:17</PriceUpdateDate>
      <ItemCode>7290000284316</ItemCode>
      <ItemType>1</ItemType>
      <ItemName>בקבוק קוקה-קולה (1.5 ליטר)</ItemName>
      <ManufactureName>החברה המרכזית להפצת משקאות בעמ</ManufactureName>
      <ManufactureCountry />
      <ManufactureItemDescription />
      <UnitQty>יח`</UnitQty>
      <Quantity>1500</Quantity>
      <UnitMeasure>מ"ל</UnitMeasure>
      <BisWeighted>0</BisWeighted>
      <QtyInPackage>1</QtyInPackage>
      <ItemPrice>6.50</ItemPrice>
      <UnitOfMeasurePrice>0.43</UnitOfMeasurePrice>
      <AllowDiscount>0</AllowDiscount>
      <itemStatus>1</itemStatus>
      <LastUpdateDate />
      <LastUpdateTime />
    </Product>
    <Product>
      <PriceUpdateDate>2013/12/31 09:50</PriceUpdateDate>
      <ItemCode>7290000284361</ItemCode>
      <ItemType>1</ItemType>
      <ItemName>בקבוק דיאט קוקה-קולה (1.5 ליטר)</ItemName>
      <ManufactureName>החברה המרכזית להפצת משקאות בעמ</ManufactureName>
      <ManufactureCountry />
      <ManufactureItemDescription />
      <UnitQty>יח`</UnitQty>
      <Quantity>1.50</Quantity>
      <UnitMeasure>1 ליטר</UnitMeasure>
      <BisWeighted>0</BisWeighted>
      <QtyInPackage>1</QtyInPackage>
      <ItemPrice>6.50</ItemPrice>
      <UnitOfMeasurePrice>4.33</UnitOfMeasurePrice>
      <AllowDiscount>0</AllowDiscount>
      <itemStatus>1</itemStatus>
      <LastUpdateDate />
      <LastUpdateTime />
    </Product>
    <Product>
      <PriceUpdateDate>2014/08/17 11:24</PriceUpdateDate>
      <ItemCode>7290000286228</ItemCode>
      <ItemType>1</ItemType>
      <ItemName>כרית יפנית סנו סושי (6)</ItemName>
      <ManufactureName>החברה הדרומית לשיווק בעמ</ManufactureName>
      <ManufactureCountry />
      <ManufactureItemDescription />
      <UnitQty>יח`</UnitQty>
      <Quantity>6</Quantity>
      <UnitMeasure>יח`</UnitMeasure>
      <BisWeighted>0</BisWeighted>
      <QtyInPackage>1</QtyInPackage>
      <ItemPrice>11.90</ItemPrice>
      <UnitOfMeasurePrice>1.98</UnitOfMeasurePrice>
      <AllowDiscount>0</AllowDiscount>
      <itemStatus>1</itemStatus>
      <LastUpdateDate />
      <LastUpdateTime />
    </Product>
    <Product>
      <PriceUpdateDate>2018/01/07 07:32</PriceUpdateDate>
      <ItemCode>7290000286297</ItemCode>
      <ItemType>1</ItemType>
      <ItemName>אנטי קאלק מסיר אבן מקומקום</ItemName>
      <ManufactureName>החברה הדרומית לשיווק בעמ</ManufactureName>
      <ManufactureCountry />
      <ManufactureItemDescription />
      <UnitQty>יח`</UnitQty>
      <Quantity>700</Quantity>
      <UnitMeasure>מ"ל</UnitMeasure>
      <BisWeighted>0</BisWeighted>
      <QtyInPackage>1</QtyInPackage>
      <ItemPrice>9.90</ItemPrice>
      <UnitOfMeasurePrice>1.41</UnitOfMeasurePrice>
      <AllowDiscount>0</AllowDiscount>
      <itemStatus>1</itemStatus>
      <LastUpdateDate />
      <LastUpdateTime />
    </Product>
    <Product>
      <PriceUpdateDate>2018/01/07 07:32</PriceUpdateDate>
      <ItemCode>7290000286549</ItemCode>
      <ItemType>1</ItemType>
      <ItemName>מטלית לכל סנו סושי (9)</ItemName>
      <ManufactureName>החברה הדרומית לשיווק בעמ</ManufactureName>
      <ManufactureCountry />
      <ManufactureItemDescription />
      <UnitQty>יח`</UnitQty>
      <Quantity>9</Quantity>
      <UnitMeasure>יח`</UnitMeasure>
      <BisWeighted>0</BisWeighted>
      <QtyInPackage>1</QtyInPackage>
      <ItemPrice>11.90</ItemPrice>
      <UnitOfMeasurePrice>1.32</UnitOfMeasurePrice>
      <AllowDiscount>1</AllowDiscount>
      <itemStatus>1</itemStatus>
      <LastUpdateDate />
      <LastUpdateTime />
    </Product>
    <Product>
      <PriceUpdateDate>2018/01/04 09:46</PriceUpdateDate>
      <ItemCode>7290000286761</ItemCode>
      <ItemType>1</ItemType>
      <ItemName>ניילון נצמד סנו סושי (30x2 מטר)</ItemName>
      <ManufactureName>החברה הדרומית לשיווק בעמ</ManufactureName>
      <ManufactureCountry />
      <ManufactureItemDescription />
      <UnitQty>יח`</UnitQty>
      <Quantity>1</Quantity>
      <UnitMeasure />
      <BisWeighted>0</BisWeighted>
      <QtyInPackage>1</QtyInPackage>
      <ItemPrice>10.90</ItemPrice>
      <UnitOfMeasurePrice>10.90</UnitOfMeasurePrice>
      <AllowDiscount>1</AllowDiscount>
      <itemStatus>1</itemStatus>
      <LastUpdateDate />
      <LastUpdateTime />
    </Product>
    <Product>
      <PriceUpdateDate>2018/01/07 07:32</PriceUpdateDate>
      <ItemCode>7290000286921</ItemCode>
      <ItemType>1</ItemType>
      <ItemName>קל רסס וכבס סנו (750 מל)</ItemName>
      <ManufactureName>החברה הדרומית לשיווק בעמ</ManufactureName>
      <ManufactureCountry />
      <ManufactureItemDescription />
      <UnitQty>יח`</UnitQty>
      <Quantity>600</Quantity>
      <UnitMeasure>מ"ל</UnitMeasure>
      <BisWeighted>0</BisWeighted>
      <QtyInPackage>1</QtyInPackage>
      <ItemPrice>19.90</ItemPrice>
      <UnitOfMeasurePrice>3.32</UnitOfMeasurePrice>
      <AllowDiscount>1</AllowDiscount>
      <itemStatus>1</itemStatus>
      <LastUpdateDate />
      <LastUpdateTime />
    </Product>
    <Product>
      <PriceUpdateDate>2014/08/17 11:24</PriceUpdateDate>
      <ItemCode>7290000287102</ItemCode>
      <ItemType>1</ItemType>
      <ItemName>שמפו שטיחים ספריי סנו (600 מל)</ItemName>
      <ManufactureName>החברה הדרומית לשיווק בעמ</ManufactureName>
      <ManufactureCountry />
      <ManufactureItemDescription />
      <UnitQty>יח`</UnitQty>
      <Quantity>600</Quantity>
      <UnitMeasure>מ"ל</UnitMeasure>
      <BisWeighted>0</BisWeighted>
      <QtyInPackage>1</QtyInPackage>
      <ItemPrice>23.90</ItemPrice>
      <UnitOfMeasurePrice>3.98</UnitOfMeasurePrice>
      <AllowDiscount>1</AllowDiscount>
      <itemStatus>1</itemStatus>
      <LastUpdateDate />
      <LastUpdateTime />
    </Product>
    <Product>
      <PriceUpdateDate>2014/08/17 11:24</PriceUpdateDate>
      <ItemCode>7290000287195</ItemCode>
      <ItemType>1</ItemType>
      <ItemName>תרסיס רהיט סנו (300 מל)</ItemName>
      <ManufactureName>החברה הדרומית לשיווק בעמ</ManufactureName>
      <ManufactureCountry />
      <ManufactureItemDescription />
      <UnitQty>יח`</UnitQty>
      <Quantity>305</Quantity>
      <UnitMeasure>מ"ל</UnitMeasure>
      <BisWeighted>0</BisWeighted>
      <QtyInPackage>1</QtyInPackage>
      <ItemPrice>16.90</ItemPrice>
      <UnitOfMeasurePrice>5.54</UnitOfMeasurePrice>
      <AllowDiscount>1</AllowDiscount>
      <itemStatus>1</itemStatus>
      <LastUpdateDate />
      <LastUpdateTime />
    </Product>
    <Product>
      <PriceUpdateDate>2015/04/30 12:30</PriceUpdateDate>
      <ItemCode>7290000287355</ItemCode>
      <ItemType>1</ItemType>
      <ItemName>סופר פוליש נוזל לרצפה סנו (1 ליטר)</ItemName>
      <ManufactureName>החברה הדרומית לשיווק בעמ</ManufactureName>
      <ManufactureCountry />
      <ManufactureItemDescription />
      <UnitQty>יח`</UnitQty>
      <Quantity>1</Quantity>
      <UnitMeasure>1 ליטר</UnitMeasure>
      <BisWeighted>0</BisWeighted>
      <QtyInPackage>1</QtyInPackage>
      <ItemPrice>33.90</ItemPrice>
      <UnitOfMeasurePrice>33.90</UnitOfMeasurePrice>
      <AllowDiscount>1</AllowDiscount>
      <itemStatus>1</itemStatus>
      <LastUpdateDate />
      <LastUpdateTime />
    </Product>
    <Product>
      <PriceUpdateDate>2018/01/07 07:32</PriceUpdateDate>
      <ItemCode>7290000287430</ItemCode>
      <ItemType>1</ItemType>
      <ItemName>סנובון לאסלה לימון סנו (55x3 גרם)</ItemName>
      <ManufactureName>החברה הדרומית לשיווק בעמ</ManufactureName>
      <ManufactureCountry />
      <ManufactureItemDescription />
      <UnitQty>יח`</UnitQty>
      <Quantity>165</Quantity>
      <UnitMeasure>גרם</UnitMeasure>
      <BisWeighted>0</BisWeighted>
      <QtyInPackage>1</QtyInPackage>
      <ItemPrice>11.90</ItemPrice>
      <UnitOfMeasurePrice>7.21</UnitOfMeasurePrice>
      <AllowDiscount>1</AllowDiscount>
      <itemStatus>1</itemStatus>
      <LastUpdateDate />
      <LastUpdateTime />
    </Product>
    <Product>
      <PriceUpdateDate>2018/01/07 07:32</PriceUpdateDate>
      <ItemCode>7290000287485</ItemCode>
      <ItemType>1</ItemType>
      <ItemName>סנובון לאסלה לובר סנו (55x3 גרם)</ItemName>
      <ManufactureName>החברה הדרומית לשיווק בעמ</ManufactureName>
      <ManufactureCountry />
      <ManufactureItemDescription />
      <UnitQty>יח`</UnitQty>
      <Quantity>165</Quantity>
      <UnitMeasure>גרם</UnitMeasure>
      <BisWeighted>0</BisWeighted>
      <QtyInPackage>1</QtyInPackage>
      <ItemPrice>11.90</ItemPrice>
      <UnitOfMeasurePrice>7.21</UnitOfMeasurePrice>
      <AllowDiscount>1</AllowDiscount>
      <itemStatus>1</itemStatus>
      <LastUpdateDate />
      <LastUpdateTime />
    </Product>
    <Product>
      <PriceUpdateDate>2018/01/07 07:32</PriceUpdateDate>
      <ItemCode>7290000287492</ItemCode>
      <ItemType>1</ItemType>
      <ItemName>סנובון נוזלי 750 מל</ItemName>
      <ManufactureName>החברה הדרומית לשיווק בעמ</ManufactureName>
      <ManufactureCountry />
      <ManufactureItemDescription />
      <UnitQty>יח`</UnitQty>
      <Quantity>750</Quantity>
      <UnitMeasure>מ"ל</UnitMeasure>
      <BisWeighted>0</BisWeighted>
      <QtyInPackage>1</QtyInPackage>
      <ItemPrice>9.90</ItemPrice>
      <UnitOfMeasurePrice>1.32</UnitOfMeasurePrice>
      <AllowDiscount>0</AllowDiscount>
      <itemStatus>1</itemStatus>
      <LastUpdateDate />
      <LastUpdateTime />
    </Product>
    <Product>
      <PriceUpdateDate>2017/04/18 09:22</PriceUpdateDate>
      <ItemCode>7290000287621</ItemCode>
      <ItemType>1</ItemType>
      <ItemName>אנטי קאלק לאסלה 750 מל</ItemName>
      <ManufactureName>החברה הדרומית לשיווק בעמ</ManufactureName>
      <ManufactureCountry />
      <ManufactureItemDescription />
      <UnitQty>יח`</UnitQty>
      <Quantity>750</Quantity>
      <UnitMeasure>מ"ל</UnitMeasure>
      <BisWeighted>0</BisWeighted>
      <QtyInPackage>1</QtyInPackage>
      <ItemPrice>15.90</ItemPrice>
      <UnitOfMeasurePrice>2.12</UnitOfMeasurePrice>
      <AllowDiscount>0</AllowDiscount>
      <itemStatus>1</itemStatus>
      <LastUpdateDate />
      <LastUpdateTime />
    </Product>
    <Product>
      <PriceUpdateDate>2018/02/07 10:43</PriceUpdateDate>
      <ItemCode>7290000288017</ItemCode>
      <ItemType>1</ItemType>
      <ItemName>אקונומיקה ז`אוול לימון סנו (1 ליטר)</ItemName>
      <ManufactureName>החברה הדרומית לשיווק בעמ</ManufactureName>
      <ManufactureCountry />
      <ManufactureItemDescription />
      <UnitQty>יח`</UnitQty>
      <Quantity>1</Quantity>
      <UnitMeasure>1 ליטר</UnitMeasure>
      <BisWeighted>0</BisWeighted>
      <QtyInPackage>1</QtyInPackage>
      <ItemPrice>8.90</ItemPrice>
      <UnitOfMeasurePrice>8.90</UnitOfMeasurePrice>
      <AllowDiscount>0</AllowDiscount>
      <itemStatus>1</itemStatus>
      <LastUpdateDate />
      <LastUpdateTime />
    </Product>
    <Product>
      <PriceUpdateDate>2016/02/18 09:31</PriceUpdateDate>
      <ItemCode>7290000288024</ItemCode>
      <ItemType>1</ItemType>
      <ItemName>אקונומיקה ז`אוול לימון סנו (4 ליטר)</ItemName>
      <ManufactureName>החברה הדרומית לשיווק בעמ</ManufactureName>
      <ManufactureCountry />
      <ManufactureItemDescription />
      <UnitQty>יח`</UnitQty>
      <Quantity>4000</Quantity>
      <UnitMeasure>מ"ל</UnitMeasure>
      <BisWeighted>0</BisWeighted>
      <QtyInPackage>1</QtyInPackage>
      <ItemPrice>15.90</ItemPrice>
      <UnitOfMeasurePrice>0.40</UnitOfMeasurePrice>
      <AllowDiscount>0</AllowDiscount>
      <itemStatus>1</itemStatus>
      <LastUpdateDate />
      <LastUpdateTime />
    </Product>
    <Product>
      <PriceUpdateDate>2017/05/01 09:34</PriceUpdateDate>
      <ItemCode>7290000288048</ItemCode>
      <ItemType>1</ItemType>
      <ItemName>ז`אוול מרסס לניקוי כללי לבנדר סנו (1 ליט</ItemName>
      <ManufactureName>החברה הדרומית לשיווק בעמ</ManufactureName>
      <ManufactureCountry />
      <ManufactureItemDescription />
      <UnitQty>יח`</UnitQty>
      <Quantity>1</Quantity>
      <UnitMeasure>1 ליטר</UnitMeasure>
      <BisWeighted>0</BisWeighted>
      <QtyInPackage>1</QtyInPackage>
      <ItemPrice>19.90</ItemPrice>
      <UnitOfMeasurePrice>19.90</UnitOfMeasurePrice>
      <AllowDiscount>1</AllowDiscount>
      <itemStatus>1</itemStatus>
      <LastUpdateDate />
      <LastUpdateTime />
    </Product>
    <Product>
      <PriceUpdateDate>2013/12/31 09:50</PriceUpdateDate>
      <ItemCode>7290000288253</ItemCode>
      <ItemType>1</ItemType>
      <ItemName>קוטל מעופפים קיי 400 סנו (630 מל)</ItemName>
      <ManufactureName>החברה הדרומית לשיווק בעמ</ManufactureName>
      <ManufactureCountry />
      <ManufactureItemDescription />
      <UnitQty>יח`</UnitQty>
      <Quantity>400</Quantity>
      <UnitMeasure>מ"ל</UnitMeasure>
      <BisWeighted>0</BisWeighted>
      <QtyInPackage>1</QtyInPackage>
      <ItemPrice>25</ItemPrice>
      <UnitOfMeasurePrice>6.25</UnitOfMeasurePrice>
      <AllowDiscount>1</AllowDiscount>
      <itemStatus>1</itemStatus>
      <LastUpdateDate />
      <LastUpdateTime />
    </Product>
    <Product>
      <PriceUpdateDate>2017/04/30 14:29</PriceUpdateDate>
      <ItemCode>7290000288352</ItemCode>
      <ItemType>1</ItemType>
      <ItemName>קוטל חרקים קיי 300 סנו (630 מל)</ItemName>
      <ManufactureName>החברה הדרומית לשיווק בעמ</ManufactureName>
      <ManufactureCountry />
      <ManufactureItemDescription />
      <UnitQty>יח`</UnitQty>
      <Quantity>630</Quantity>
      <UnitMeasure>מ"ל</UnitMeasure>
      <BisWeighted>0</BisWeighted>
      <QtyInPackage>1</QtyInPackage>
      <ItemPrice>21.90</ItemPrice>
      <UnitOfMeasurePrice>3.48</UnitOfMeasurePrice>
      <AllowDiscount>1</AllowDiscount>
      <itemStatus>1</itemStatus>
      <LastUpdateDate />
      <LastUpdateTime />
    </Product>
    <Product>
      <PriceUpdateDate>2013/12/31 09:50</PriceUpdateDate>
      <ItemCode>7290000288390</ItemCode>
      <ItemType>1</ItemType>
      <ItemName>קוטל זבובים יתושים קיי 600 סנו (500 מל)</ItemName>
      <ManufactureName>החברה הדרומית לשיווק בעמ</ManufactureName>
      <ManufactureCountry />
      <ManufactureItemDescription />
      <UnitQty>יח`</UnitQty>
      <Quantity>475</Quantity>
      <UnitMeasure>מ"ל</UnitMeasure>
      <BisWeighted>0</BisWeighted>
      <QtyInPackage>1</QtyInPackage>
      <ItemPrice>24</ItemPrice>
      <UnitOfMeasurePrice>5.05</UnitOfMeasurePrice>
      <AllowDiscount>0</AllowDiscount>
      <itemStatus>1</itemStatus>
      <LastUpdateDate />
      <LastUpdateTime />
    </Product>
    <Product>
      <PriceUpdateDate>2019/01/30 08:31</PriceUpdateDate>
      <ItemCode>7290000288642</ItemCode>
      <ItemType>1</ItemType>
      <ItemName>סנו מקסימה 4 ליטר ורוד פסים</ItemName>
      <ManufactureName>החברה הדרומית לשיווק בעמ</ManufactureName>
      <ManufactureCountry />
      <ManufactureItemDescription />
      <UnitQty>יח`</UnitQty>
      <Quantity>4</Quantity>
      <UnitMeasure>1 ליטר</UnitMeasure>
      <BisWeighted>0</BisWeighted>
      <QtyInPackage>1</QtyInPackage>
      <ItemPrice>19.90</ItemPrice>
      <UnitOfMeasurePrice>4.98</UnitOfMeasurePrice>
      <AllowDiscount>0</AllowDiscount>
      <itemStatus>1</itemStatus>
      <LastUpdateDate />
      <LastUpdateTime />
    </Product>
    <Product>
      <PriceUpdateDate>2017/05/01 09:34</PriceUpdateDate>
      <ItemCode>7290000289069</ItemCode>
      <ItemType>1</ItemType>
      <ItemName>סנו ז`אוול מרסס 1 ליטר</ItemName>
      <ManufactureName>החברה הדרומית לשיווק בעמ</ManufactureName>
      <ManufactureCountry />
      <ManufactureItemDescription />
      <UnitQty>יח`</UnitQty>
      <Quantity>1</Quantity>
      <UnitMeasure>1 ליטר</UnitMeasure>
      <BisWeighted>0</BisWeighted>
      <QtyInPackage>1</QtyInPackage>
      <ItemPrice>19.90</ItemPrice>
      <UnitOfMeasurePrice>19.90</UnitOfMeasurePrice>
      <AllowDiscount>1</AllowDiscount>
      <itemStatus>1</itemStatus>
      <LastUpdateDate />
      <LastUpdateTime />
    </Product>
    <Product>
      <PriceUpdateDate>2019/10/27 08:39</PriceUpdateDate>
      <ItemCode>7290000289380</ItemCode>
      <ItemType>1</ItemType>
      <ItemName>ז`אוול מונטבלאן ג`ל לאסלות סנו (750 מל)</ItemName>
      <ManufactureName>החברה הדרומית לשיווק בעמ</ManufactureName>
      <ManufactureCountry />
      <ManufactureItemDescription />
      <UnitQty>יח`</UnitQty>
      <Quantity>750</Quantity>
      <UnitMeasure>מ"ל</UnitMeasure>
      <BisWeighted>0</BisWeighted>
      <QtyInPackage>1</QtyInPackage>
      <ItemPrice>9.90</ItemPrice>
      <UnitOfMeasurePrice>1.32</UnitOfMeasurePrice>
      <AllowDiscount>0</AllowDiscount>
      <itemStatus>1</itemStatus>
      <LastUpdateDate />
      <LastUpdateTime />
    </Product>
    <Product>
      <PriceUpdateDate>2018/01/07 07:32</PriceUpdateDate>
      <ItemCode>7290000289472</ItemCode>
      <ItemType>1</ItemType>
      <ItemName>סושי שקיות אשפה גדולות 50 יח`</ItemName>
      <ManufactureName>החברה הדרומית לשיווק בעמ</ManufactureName>
      <ManufactureCountry />
      <ManufactureItemDescription />
      <UnitQty>יח`</UnitQty>
      <Quantity>1</Quantity>
      <UnitMeasure />
      <BisWeighted>0</BisWeighted>
      <QtyInPackage>1</QtyInPackage>
      <ItemPrice>19.90</ItemPrice>
      <UnitOfMeasurePrice>19.90</UnitOfMeasurePrice>
      <AllowDiscount>0</AllowDiscount>
      <itemStatus>1</itemStatus>
      <LastUpdateDate />
      <LastUpdateTime />
    </Product>
    <Product>
      <PriceUpdateDate>2017/07/11 08:33</PriceUpdateDate>
      <ItemCode>7290000289496</ItemCode>
      <ItemType>1</ItemType>
      <ItemName>קרם לניקוי כללי לימון סנו (750 מל)</ItemName>
      <ManufactureName>החברה הדרומית לשיווק בעמ</ManufactureName>
      <ManufactureCountry />
      <ManufactureItemDescription />
      <UnitQty>יח`</UnitQty>
      <Quantity>750</Quantity>
      <UnitMeasure>מ"ל</UnitMeasure>
      <BisWeighted>0</BisWeighted>
      <QtyInPackage>1</QtyInPackage>
      <ItemPrice>11.90</ItemPrice>
      <UnitOfMeasurePrice>1.59</UnitOfMeasurePrice>
      <AllowDiscount>0</AllowDiscount>
      <itemStatus>1</itemStatus>
      <LastUpdateDate />
      <LastUpdateTime />
    </Product>
    <Product>
      <PriceUpdateDate>2014/08/17 11:24</PriceUpdateDate>
      <ItemCode>7290000289595</ItemCode>
      <ItemType>1</ItemType>
      <ItemName>מש.שיניים אורביטול ילדים</ItemName>
      <ManufactureName>החברה הדרומית לשיווק בעמ</ManufactureName>
      <ManufactureCountry />
      <ManufactureItemDescription />
      <UnitQty>יח`</UnitQty>
      <Quantity>145</Quantity>
      <UnitMeasure>גרם</UnitMeasure>
      <BisWeighted>0</BisWeighted>
      <QtyInPackage>1</QtyInPackage>
      <ItemPrice>9.90</ItemPrice>
      <UnitOfMeasurePrice>6.83</UnitOfMeasurePrice>
      <AllowDiscount>0</AllowDiscount>
      <itemStatus>1</itemStatus>
      <LastUpdateDate />
      <LastUpdateTime />
    </Product>
    <Product>
      <PriceUpdateDate>2017/05/01 09:34</PriceUpdateDate>
      <ItemCode>7290000289748</ItemCode>
      <ItemType>1</ItemType>
      <ItemName>מסיר שומנים פורטה פלוס סנו (750 מל)</ItemName>
      <ManufactureName>החברה הדרומית לשיווק בעמ</ManufactureName>
      <ManufactureCountry />
      <ManufactureItemDescription />
      <UnitQty>יח`</UnitQty>
      <Quantity>750</Quantity>
      <UnitMeasure>מ"ל</UnitMeasure>
      <BisWeighted>0</BisWeighted>
      <QtyInPackage>1</QtyInPackage>
      <ItemPrice>16.90</ItemPrice>
      <UnitOfMeasurePrice>2.25</UnitOfMeasurePrice>
      <AllowDiscount>1</AllowDiscount>
      <itemStatus>1</itemStatus>
      <LastUpdateDate />
      <LastUpdateTime />
    </Product>
    <Product>
      <PriceUpdateDate>2015/05/27 11:12</PriceUpdateDate>
      <ItemCode>7290000289885</ItemCode>
      <ItemType>1</ItemType>
      <ItemName>סנופרש יבש</ItemName>
      <ManufactureName>החברה הדרומית לשיווק בעמ</ManufactureName>
      <ManufactureCountry />
      <ManufactureItemDescription />
      <UnitQty>יח`</UnitQty>
      <Quantity>375</Quantity>
      <UnitMeasure>מ"ל</UnitMeasure>
      <BisWeighted>0</BisWeighted>
      <QtyInPackage>1</QtyInPackage>
      <ItemPrice>12.90</ItemPrice>
      <UnitOfMeasurePrice>3.44</UnitOfMeasurePrice>
      <AllowDiscount>0</AllowDiscount>
      <itemStatus>1</itemStatus>
      <LastUpdateDate />
      <LastUpdateTime />
    </Product>
    <Product>
      <PriceUpdateDate>2015/05/27 11:12</PriceUpdateDate>
      <ItemCode>7290000289915</ItemCode>
      <ItemType>1</ItemType>
      <ItemName>סנופרש יבש</ItemName>
      <ManufactureName>החברה הדרומית לשיווק בעמ</ManufactureName>
      <ManufactureCountry />
      <ManufactureItemDescription />
      <UnitQty>יח`</UnitQty>
      <Quantity>375</Quantity>
      <UnitMeasure>מ"ל</UnitMeasure>
      <BisWeighted>0</BisWeighted>
      <QtyInPackage>1</QtyInPackage>
      <ItemPrice>12.90</ItemPrice>
      <UnitOfMeasurePrice>3.44</UnitOfMeasurePrice>
      <AllowDiscount>0</AllowDiscount>
      <itemStatus>1</itemStatus>
      <LastUpdateDate />
      <LastUpdateTime />
    </Product>
    <Product>
      <PriceUpdateDate>2018/01/07 07:32</PriceUpdateDate>
      <ItemCode>7290000291932</ItemCode>
      <ItemType>1</ItemType>
      <ItemName>סנובון נוזלי בניחוח לבנדר סנו (750 מל)</ItemName>
      <ManufactureName>החברה הדרומית לשיווק בעמ</ManufactureName>
      <ManufactureCountry />
      <ManufactureItemDescription />
      <UnitQty>יח`</UnitQty>
      <Quantity>750</Quantity>
      <UnitMeasure>מ"ל</UnitMeasure>
      <BisWeighted>0</BisWeighted>
      <QtyInPackage>1</QtyInPackage>
      <ItemPrice>9.90</ItemPrice>
      <UnitOfMeasurePrice>1.32</UnitOfMeasurePrice>
      <AllowDiscount>0</AllowDiscount>
      <itemStatus>1</itemStatus>
      <LastUpdateDate />
      <LastUpdateTime />
    </Product>
    <Product>
      <PriceUpdateDate>2018/07/19 12:41</PriceUpdateDate>
      <ItemCode>7290000292502</ItemCode>
      <ItemType>1</ItemType>
      <ItemName>קוטל נמלים קיי 800 סנו (300  מל)</ItemName>
      <ManufactureName>החברה הדרומית לשיווק בעמ</ManufactureName>
      <ManufactureCountry />
      <ManufactureItemDescription />
      <UnitQty>יח`</UnitQty>
      <Quantity>300</Quantity>
      <UnitMeasure>מ"ל</UnitMeasure>
      <BisWeighted>0</BisWeighted>
      <QtyInPackage>1</QtyInPackage>
      <ItemPrice>16.90</ItemPrice>
      <UnitOfMeasurePrice>5.63</UnitOfMeasurePrice>
      <AllowDiscount>0</AllowDiscount>
      <itemStatus>1</itemStatus>
      <LastUpdateDate />
      <LastUpdateTime />
    </Product>
    <Product>
      <PriceUpdateDate>2014/08/17 11:24</PriceUpdateDate>
      <ItemCode>7290000292564</ItemCode>
      <ItemType>1</ItemType>
      <ItemName>קוטל חרקים K2000 ללא ריח סנו (750 מל)</ItemName>
      <ManufactureName>החברה הדרומית לשיווק בעמ</ManufactureName>
      <ManufactureCountry />
      <ManufactureItemDescription />
      <UnitQty>יח`</UnitQty>
      <Quantity>750</Quantity>
      <UnitMeasure>מ"ל</UnitMeasure>
      <BisWeighted>0</BisWeighted>
      <QtyInPackage>1</QtyInPackage>
      <ItemPrice>31.90</ItemPrice>
      <UnitOfMeasurePrice>4.25</UnitOfMeasurePrice>
      <AllowDiscount>0</AllowDiscount>
      <itemStatus>1</itemStatus>
      <LastUpdateDate />
      <LastUpdateTime />
    </Product>
    <Product>
      <PriceUpdateDate>2018/01/09 08:26</PriceUpdateDate>
      <ItemCode>7290000292687</ItemCode>
      <ItemType>1</ItemType>
      <ItemName>סנובון לאסלה קלאסיק כחול סנו (55x3 גרם)</ItemName>
      <ManufactureName>החברה הדרומית לשיווק בעמ</ManufactureName>
      <ManufactureCountry />
      <ManufactureItemDescription />
      <UnitQty>יח`</UnitQty>
      <Quantity>165</Quantity>
      <UnitMeasure>גרם</UnitMeasure>
      <BisWeighted>0</BisWeighted>
      <QtyInPackage>1</QtyInPackage>
      <ItemPrice>18.90</ItemPrice>
      <UnitOfMeasurePrice>11.45</UnitOfMeasurePrice>
      <AllowDiscount>1</AllowDiscount>
      <itemStatus>1</itemStatus>
      <LastUpdateDate />
      <LastUpdateTime />
    </Product>
    <Product>
      <PriceUpdateDate>2019/01/30 08:31</PriceUpdateDate>
      <ItemCode>7290000293073</ItemCode>
      <ItemType>1</ItemType>
      <ItemName>סנו מקסימה 4 ליטר לבן</ItemName>
      <ManufactureName>החברה הדרומית לשיווק בעמ</ManufactureName>
      <ManufactureCountry />
      <ManufactureItemDescription />
      <UnitQty>יח`</UnitQty>
      <Quantity>4</Quantity>
      <UnitMeasure>1 ליטר</UnitMeasure>
      <BisWeighted>0</BisWeighted>
      <QtyInPackage>1</QtyInPackage>
      <ItemPrice>19.90</ItemPrice>
      <UnitOfMeasurePrice>4.98</UnitOfMeasurePrice>
      <AllowDiscount>0</AllowDiscount>
      <itemStatus>1</itemStatus>
      <LastUpdateDate />
      <LastUpdateTime />
    </Product>
    <Product>
      <PriceUpdateDate>2019/01/30 08:31</PriceUpdateDate>
      <ItemCode>7290000293943</ItemCode>
      <ItemType>1</ItemType>
      <ItemName>אנטי קלאק מרסס ברזים/ כיורים</ItemName>
      <ManufactureName>החברה הדרומית לשיווק בעמ</ManufactureName>
      <ManufactureCountry />
      <ManufactureItemDescription />
      <UnitQty>יח`</UnitQty>
      <Quantity>1</Quantity>
      <UnitMeasure>1 ליטר</UnitMeasure>
      <BisWeighted>0</BisWeighted>
      <QtyInPackage>1</QtyInPackage>
      <ItemPrice>16.90</ItemPrice>
      <UnitOfMeasurePrice>16.90</UnitOfMeasurePrice>
      <AllowDiscount>0</AllowDiscount>
      <itemStatus>1</itemStatus>
      <LastUpdateDate />
      <LastUpdateTime />
    </Product>
    <Product>
      <PriceUpdateDate>2016/02/18 09:31</PriceUpdateDate>
      <ItemCode>7290000294773</ItemCode>
      <ItemType>1</ItemType>
      <ItemName>אקונומיקה ז`אוול לבנדר סנו (4 ליטר)</ItemName>
      <ManufactureName>החברה הדרומית לשיווק בעמ</ManufactureName>
      <ManufactureCountry />
      <ManufactureItemDescription />
      <UnitQty>יח`</UnitQty>
      <Quantity>4000</Quantity>
      <UnitMeasure>מ"ל</UnitMeasure>
      <BisWeighted>0</BisWeighted>
      <QtyInPackage>1</QtyInPackage>
      <ItemPrice>15.90</ItemPrice>
      <UnitOfMeasurePrice>0.40</UnitOfMeasurePrice>
      <AllowDiscount>0</AllowDiscount>
      <itemStatus>1</itemStatus>
      <LastUpdateDate />
      <LastUpdateTime />
    </Product>
    <Product>
      <PriceUpdateDate>2016/02/18 09:31</PriceUpdateDate>
      <ItemCode>7290000294780</ItemCode>
      <ItemType>1</ItemType>
      <ItemName>אקונומיקה ז`אוול סמיכה סנו (4 ליטר)</ItemName>
      <ManufactureName>החברה הדרומית לשיווק בעמ</ManufactureName>
      <ManufactureCountry />
      <ManufactureItemDescription />
      <UnitQty>יח`</UnitQty>
      <Quantity>4000</Quantity>
      <UnitMeasure>מ"ל</UnitMeasure>
      <BisWeighted>0</BisWeighted>
      <QtyInPackage>1</QtyInPackage>
      <ItemPrice>15.90</ItemPrice>
      <UnitOfMeasurePrice>0.40</UnitOfMeasurePrice>
      <AllowDiscount>0</AllowDiscount>
      <itemStatus>1</itemStatus>
      <LastUpdateDate />
      <LastUpdateTime />
    </Product>
    <Product>
      <PriceUpdateDate>2015/05/27 11:12</PriceUpdateDate>
      <ItemCode>7290000295121</ItemCode>
      <ItemType>1</ItemType>
      <ItemName>מטלית ריצפה זיגזג סנו סושי (3)</ItemName>
      <ManufactureName>החברה הדרומית לשיווק בעמ</ManufactureName>
      <ManufactureCountry />
      <ManufactureItemDescription />
      <UnitQty>יח`</UnitQty>
      <Quantity>1</Quantity>
      <UnitMeasure />
      <BisWeighted>0</BisWeighted>
      <QtyInPackage>1</QtyInPackage>
      <ItemPrice>12.90</ItemPrice>
      <UnitOfMeasurePrice>12.90</UnitOfMeasurePrice>
      <AllowDiscount>1</AllowDiscount>
      <itemStatus>1</itemStatus>
      <LastUpdateDate />
      <LastUpdateTime />
    </Product>
    <Product>
      <PriceUpdateDate>2015/05/27 11:12</PriceUpdateDate>
      <ItemCode>7290000295299</ItemCode>
      <ItemType>1</ItemType>
      <ItemName>כרית יפנית לכלים אקטיב סנו סושי (4)</ItemName>
      <ManufactureName>החברה הדרומית לשיווק בעמ</ManufactureName>
      <ManufactureCountry />
      <ManufactureItemDescription />
      <UnitQty>יח`</UnitQty>
      <Quantity>1</Quantity>
      <UnitMeasure />
      <BisWeighted>0</BisWeighted>
      <QtyInPackage>1</QtyInPackage>
      <ItemPrice>11.90</ItemPrice>
      <UnitOfMeasurePrice>11.90</UnitOfMeasurePrice>
      <AllowDiscount>1</AllowDiscount>
      <itemStatus>1</itemStatus>
      <LastUpdateDate />
      <LastUpdateTime />
    </Product>
    <Product>
      <PriceUpdateDate>2017/10/29 09:25</PriceUpdateDate>
      <ItemCode>7290000295336</ItemCode>
      <ItemType>1</ItemType>
      <ItemName>סנו מקסימה 1.25 קג`</ItemName>
      <ManufactureName>החברה הדרומית לשיווק בעמ</ManufactureName>
      <ManufactureCountry />
      <ManufactureItemDescription />
      <UnitQty>יח`</UnitQty>
      <Quantity>1.25</Quantity>
      <UnitMeasure>ק"ג</UnitMeasure>
      <BisWeighted>0</BisWeighted>
      <QtyInPackage>1</QtyInPackage>
      <ItemPrice>13.90</ItemPrice>
      <UnitOfMeasurePrice>11.12</UnitOfMeasurePrice>
      <AllowDiscount>0</AllowDiscount>
      <itemStatus>1</itemStatus>
      <LastUpdateDate />
      <LastUpdateTime />
    </Product>
    <Product>
      <PriceUpdateDate>2017/10/29 09:25</PriceUpdateDate>
      <ItemCode>7290000295367</ItemCode>
      <ItemType>1</ItemType>
      <ItemName>סנו מקסימה 2.5 קג`</ItemName>
      <ManufactureName>החברה הדרומית לשיווק בעמ</ManufactureName>
      <ManufactureCountry />
      <ManufactureItemDescription />
      <UnitQty>יח`</UnitQty>
      <Quantity>2.50</Quantity>
      <UnitMeasure>ק"ג</UnitMeasure>
      <BisWeighted>0</BisWeighted>
      <QtyInPackage>1</QtyInPackage>
      <ItemPrice>24.90</ItemPrice>
      <UnitOfMeasurePrice>9.96</UnitOfMeasurePrice>
      <AllowDiscount>0</AllowDiscount>
      <itemStatus>1</itemStatus>
      <LastUpdateDate />
      <LastUpdateTime />
    </Product>
    <Product>
      <PriceUpdateDate>2018/01/07 07:32</PriceUpdateDate>
      <ItemCode>7290000295404</ItemCode>
      <ItemType>1</ItemType>
      <ItemName>שקיות אשפה לפח 65x54 סנו סושי (60)</ItemName>
      <ManufactureName>החברה הדרומית לשיווק בעמ</ManufactureName>
      <ManufactureCountry />
      <ManufactureItemDescription />
      <UnitQty>יח`</UnitQty>
      <Quantity>1</Quantity>
      <UnitMeasure />
      <BisWeighted>0</BisWeighted>
      <QtyInPackage>1</QtyInPackage>
      <ItemPrice>22.90</ItemPrice>
      <UnitOfMeasurePrice>22.90</UnitOfMeasurePrice>
      <AllowDiscount>1</AllowDiscount>
      <itemStatus>1</itemStatus>
      <LastUpdateDate />
      <LastUpdateTime />
    </Product>
    <Product>
      <PriceUpdateDate>2018/01/07 07:32</PriceUpdateDate>
      <ItemCode>7290000295503</ItemCode>
      <ItemType>1</ItemType>
      <ItemName>שקיות סנדביצ`ים סנו סושי (150x2)</ItemName>
      <ManufactureName>החברה הדרומית לשיווק בעמ</ManufactureName>
      <ManufactureCountry />
      <ManufactureItemDescription />
      <UnitQty>יח`</UnitQty>
      <Quantity>1</Quantity>
      <UnitMeasure />
      <BisWeighted>0</BisWeighted>
      <QtyInPackage>1</QtyInPackage>
      <ItemPrice>13.90</ItemPrice>
      <UnitOfMeasurePrice>13.90</UnitOfMeasurePrice>
      <AllowDiscount>0</AllowDiscount>
      <itemStatus>1</itemStatus>
      <LastUpdateDate />
      <LastUpdateTime />
    </Product>
    <Product>
      <PriceUpdateDate>2017/03/30 07:23</PriceUpdateDate>
      <ItemCode>7290000295558</ItemCode>
      <ItemType>1</ItemType>
      <ItemName>סושי רדיד אלומיניום צמד</ItemName>
      <ManufactureName>החברה הדרומית לשיווק בעמ</ManufactureName>
      <ManufactureCountry />
      <ManufactureItemDescription />
      <UnitQty>יח`</UnitQty>
      <Quantity>1</Quantity>
      <UnitMeasure />
      <BisWeighted>0</BisWeighted>
      <QtyInPackage>1</QtyInPackage>
      <ItemPrice>12.90</ItemPrice>
      <UnitOfMeasurePrice>12.90</UnitOfMeasurePrice>
      <AllowDiscount>1</AllowDiscount>
      <itemStatus>1</itemStatus>
      <LastUpdateDate />
      <LastUpdateTime />
    </Product>
    <Product>
      <PriceUpdateDate>2018/01/07 07:32</PriceUpdateDate>
      <ItemCode>7290000295565</ItemCode>
      <ItemType>1</ItemType>
      <ItemName>סנו סושי - רדיד אלומיניום צמד 7.5*45</ItemName>
      <ManufactureName>החברה הדרומית לשיווק בעמ</ManufactureName>
      <ManufactureCountry />
      <ManufactureItemDescription />
      <UnitQty>יח`</UnitQty>
      <Quantity>1</Quantity>
      <UnitMeasure />
      <BisWeighted>0</BisWeighted>
      <QtyInPackage>1</QtyInPackage>
      <ItemPrice>16.90</ItemPrice>
      <UnitOfMeasurePrice>16.90</UnitOfMeasurePrice>
      <AllowDiscount>0</AllowDiscount>
      <itemStatus>1</itemStatus>
      <LastUpdateDate />
      <LastUpdateTime />
    </Product>
    <Product>
      <PriceUpdateDate>2018/01/07 07:32</PriceUpdateDate>
      <ItemCode>7290000295572</ItemCode>
      <ItemType>1</ItemType>
      <ItemName>נוזל לניקוי אסלה 00 סנו (750x2 מל)</ItemName>
      <ManufactureName>החברה הדרומית לשיווק בעמ</ManufactureName>
      <ManufactureCountry />
      <ManufactureItemDescription />
      <UnitQty>יח`</UnitQty>
      <Quantity>1.50</Quantity>
      <UnitMeasure>1 ליטר</UnitMeasure>
      <BisWeighted>0</BisWeighted>
      <QtyInPackage>1</QtyInPackage>
      <ItemPrice>16.90</ItemPrice>
      <UnitOfMeasurePrice>11.27</UnitOfMeasurePrice>
      <AllowDiscount>0</AllowDiscount>
      <itemStatus>1</itemStatus>
      <LastUpdateDate />
      <LastUpdateTime />
    </Product>
    <Product>
      <PriceUpdateDate>2015/12/01 18:41</PriceUpdateDate>
      <ItemCode>7290000295794</ItemCode>
      <ItemType>1</ItemType>
      <ItemName>ספוגיות אל חלד סנו) (3</ItemName>
      <ManufactureName>החברה הדרומית לשיווק בעמ</ManufactureName>
      <ManufactureCountry />
      <ManufactureItemDescription />
      <UnitQty>יח`</UnitQty>
      <Quantity>1</Quantity>
      <UnitMeasure />
      <BisWeighted>0</BisWeighted>
      <QtyInPackage>1</QtyInPackage>
      <ItemPrice>10.90</ItemPrice>
      <UnitOfMeasurePrice>10.90</UnitOfMeasurePrice>
      <AllowDiscount>0</AllowDiscount>
      <itemStatus>1</itemStatus>
      <LastUpdateDate />
      <LastUpdateTime />
    </Product>
    <Product>
      <PriceUpdateDate>2015/11/29 13:46</PriceUpdateDate>
      <ItemCode>7290000300900</ItemCode>
      <ItemType>1</ItemType>
      <ItemName>טבעול-שניצל תירס 750 גרם</ItemName>
      <ManufactureName>קבוצת אסם סחר שות. מוגבלת</ManufactureName>
      <ManufactureCountry />
      <ManufactureItemDescription />
      <UnitQty>יח`</UnitQty>
      <Quantity>750</Quantity>
      <UnitMeasure>גרם</UnitMeasure>
      <BisWeighted>0</BisWeighted>
      <QtyInPackage>1</QtyInPackage>
      <ItemPrice>24.90</ItemPrice>
      <UnitOfMeasurePrice>3.32</UnitOfMeasurePrice>
      <AllowDiscount>0</AllowDiscount>
      <itemStatus>1</itemStatus>
      <LastUpdateDate />
      <LastUpdateTime />
    </Product>
    <Product>
      <PriceUpdateDate>2016/06/08 08:36</PriceUpdateDate>
      <ItemCode>7290000301778</ItemCode>
      <ItemType>1</ItemType>
      <ItemName>חטיפי כרובית בציפוי פריך טבעול (500 גרם)</ItemName>
      <ManufactureName>קבוצת אסם סחר שות. מוגבלת</ManufactureName>
      <ManufactureCountry />
      <ManufactureItemDescription />
      <UnitQty>יח`</UnitQty>
      <Quantity>500</Quantity>
      <UnitMeasure>גרם</UnitMeasure>
      <BisWeighted>0</BisWeighted>
      <QtyInPackage>1</QtyInPackage>
      <ItemPrice>31.90</ItemPrice>
      <UnitOfMeasurePrice>6.38</UnitOfMeasurePrice>
      <AllowDiscount>1</AllowDiscount>
      <itemStatus>1</itemStatus>
      <LastUpdateDate />
      <LastUpdateTime />
    </Product>
    <Product>
      <PriceUpdateDate>2018/09/04 14:27</PriceUpdateDate>
      <ItemCode>7290000302027</ItemCode>
      <ItemType>1</ItemType>
      <ItemName>פאקט טיים רד</ItemName>
      <ManufactureName>דובק בעמ</ManufactureName>
      <ManufactureCountry />
      <ManufactureItemDescription />
      <UnitQty>יח`</UnitQty>
      <Quantity>200</Quantity>
      <UnitMeasure>יח`</UnitMeasure>
      <BisWeighted>0</BisWeighted>
      <QtyInPackage>1</QtyInPackage>
      <ItemPrice>268</ItemPrice>
      <UnitOfMeasurePrice>1.34</UnitOfMeasurePrice>
      <AllowDiscount>0</AllowDiscount>
      <itemStatus>1</itemStatus>
      <LastUpdateDate />
      <LastUpdateTime />
    </Product>
    <Product>
      <PriceUpdateDate>2018/09/04 14:27</PriceUpdateDate>
      <ItemCode>7290000302126</ItemCode>
      <ItemType>1</ItemType>
      <ItemName>פאקט אירופה</ItemName>
      <ManufactureName>דובק בעמ</ManufactureName>
      <ManufactureCountry />
      <ManufactureItemDescription />
      <UnitQty>יח`</UnitQty>
      <Quantity>10</Quantity>
      <UnitMeasure>יח`</UnitMeasure>
      <BisWeighted>0</BisWeighted>
      <QtyInPackage>1</QtyInPackage>
      <ItemPrice>268</ItemPrice>
      <UnitOfMeasurePrice>26.80</UnitOfMeasurePrice>
      <AllowDiscount>0</AllowDiscount>
      <itemStatus>1</itemStatus>
      <LastUpdateDate />
      <LastUpdateTime />
    </Product>
    <Product>
      <PriceUpdateDate>2018/09/04 14:27</PriceUpdateDate>
      <ItemCode>7290000302188</ItemCode>
      <ItemType>1</ItemType>
      <ItemName>פאקט שרתון</ItemName>
      <ManufactureName>דובק בעמ</ManufactureName>
      <ManufactureCountry />
      <ManufactureItemDescription />
      <UnitQty>יח`</UnitQty>
      <Quantity>10</Quantity>
      <UnitMeasure>יח`</UnitMeasure>
      <BisWeighted>0</BisWeighted>
      <QtyInPackage>1</QtyInPackage>
      <ItemPrice>268</ItemPrice>
      <UnitOfMeasurePrice>26.80</UnitOfMeasurePrice>
      <AllowDiscount>0</AllowDiscount>
      <itemStatus>1</itemStatus>
      <LastUpdateDate />
      <LastUpdateTime />
    </Product>
    <Product>
      <PriceUpdateDate>2018/09/04 14:27</PriceUpdateDate>
      <ItemCode>7290000302225</ItemCode>
      <ItemType>1</ItemType>
      <ItemName>נובלס פילטר פאקט) (200</ItemName>
      <ManufactureName>דובק בעמ</ManufactureName>
      <ManufactureCountry />
      <ManufactureItemDescription />
      <UnitQty>יח`</UnitQty>
      <Quantity>1</Quantity>
      <UnitMeasure />
      <BisWeighted>0</BisWeighted>
      <QtyInPackage>1</QtyInPackage>
      <ItemPrice>268</ItemPrice>
      <UnitOfMeasurePrice>268</UnitOfMeasurePrice>
      <AllowDiscount>0</AllowDiscount>
      <itemStatus>1</itemStatus>
      <LastUpdateDate />
      <LastUpdateTime />
    </Product>
    <Product>
      <PriceUpdateDate>2019/09/15 10:56</PriceUpdateDate>
      <ItemCode>7290000302881</ItemCode>
      <ItemType>1</ItemType>
      <ItemName>פאקט גולף גולד 100</ItemName>
      <ManufactureName>דובק בעמ</ManufactureName>
      <ManufactureCountry />
      <ManufactureItemDescription />
      <UnitQty>יח`</UnitQty>
      <Quantity>1</Quantity>
      <UnitMeasure>יח`</UnitMeasure>
      <BisWeighted>0</BisWeighted>
      <QtyInPackage>1</QtyInPackage>
      <ItemPrice>280</ItemPrice>
      <UnitOfMeasurePrice>280</UnitOfMeasurePrice>
      <AllowDiscount>0</AllowDiscount>
      <itemStatus>1</itemStatus>
      <LastUpdateDate />
      <LastUpdateTime />
    </Product>
    <Product>
      <PriceUpdateDate>2014/12/02 08:20</PriceUpdateDate>
      <ItemCode>7290000303598</ItemCode>
      <ItemType>1</ItemType>
      <ItemName>שעועית לבנה אפויה</ItemName>
      <ManufactureName>ויטה -פרי גליל (החדשה) בעמ</ManufactureName>
      <ManufactureCountry />
      <ManufactureItemDescription />
      <UnitQty>יח`</UnitQty>
      <Quantity>550</Quantity>
      <UnitMeasure>גרם</UnitMeasure>
      <BisWeighted>0</BisWeighted>
      <QtyInPackage>1</QtyInPackage>
      <ItemPrice>5.90</ItemPrice>
      <UnitOfMeasurePrice>1.07</UnitOfMeasurePrice>
      <AllowDiscount>1</AllowDiscount>
      <itemStatus>1</itemStatus>
      <LastUpdateDate />
      <LastUpdateTime />
    </Product>
    <Product>
      <PriceUpdateDate>2014/12/21 12:05</PriceUpdateDate>
      <ItemCode>7290000303604</ItemCode>
      <ItemType>1</ItemType>
      <ItemName>חומוס שלם A2</ItemName>
      <ManufactureName>ויטה -פרי גליל (החדשה) בעמ</ManufactureName>
      <ManufactureCountry />
      <ManufactureItemDescription />
      <UnitQty>יח`</UnitQty>
      <Quantity>600</Quantity>
      <UnitMeasure>גרם</UnitMeasure>
      <BisWeighted>0</BisWeighted>
      <QtyInPackage>1</QtyInPackage>
      <ItemPrice>5.90</ItemPrice>
      <UnitOfMeasurePrice>0.98</UnitOfMeasurePrice>
      <AllowDiscount>1</AllowDiscount>
      <itemStatus>1</itemStatus>
      <LastUpdateDate />
      <LastUpdateTime />
    </Product>
    <Product>
      <PriceUpdateDate>2018/10/10 09:44</PriceUpdateDate>
      <ItemCode>7290000305486</ItemCode>
      <ItemType>1</ItemType>
      <ItemName>רביעיות סלט טונה 160  גר`יונה</ItemName>
      <ManufactureName>סטארקיסט דיפלומט היינץ</ManufactureName>
      <ManufactureCountry />
      <ManufactureItemDescription />
      <UnitQty>יח`</UnitQty>
      <Quantity>640</Quantity>
      <UnitMeasure>גרם</UnitMeasure>
      <BisWeighted>0</BisWeighted>
      <QtyInPackage>1</QtyInPackage>
      <ItemPrice>17.90</ItemPrice>
      <UnitOfMeasurePrice>2.80</UnitOfMeasurePrice>
      <AllowDiscount>0</AllowDiscount>
      <itemStatus>1</itemStatus>
      <LastUpdateDate />
      <LastUpdateTime />
    </Product>
    <Product>
      <PriceUpdateDate>2014/10/27 07:35</PriceUpdateDate>
      <ItemCode>7290000307015</ItemCode>
      <ItemType>1</ItemType>
      <ItemName>אפונה גדולה A2</ItemName>
      <ManufactureName>ויטה -פרי גליל (החדשה) בעמ</ManufactureName>
      <ManufactureCountry />
      <ManufactureItemDescription />
      <UnitQty>יח`</UnitQty>
      <Quantity>600</Quantity>
      <UnitMeasure>גרם</UnitMeasure>
      <BisWeighted>0</BisWeighted>
      <QtyInPackage>1</QtyInPackage>
      <ItemPrice>5.90</ItemPrice>
      <UnitOfMeasurePrice>0.98</UnitOfMeasurePrice>
      <AllowDiscount>1</AllowDiscount>
      <itemStatus>1</itemStatus>
      <LastUpdateDate />
      <LastUpdateTime />
    </Product>
    <Product>
      <PriceUpdateDate>2014/10/27 07:35</PriceUpdateDate>
      <ItemCode>7290000307046</ItemCode>
      <ItemType>1</ItemType>
      <ItemName>אפונה וגזר A2</ItemName>
      <ManufactureName>ויטה -פרי גליל (החדשה) בעמ</ManufactureName>
      <ManufactureCountry />
      <ManufactureItemDescription />
      <UnitQty>יח`</UnitQty>
      <Quantity>550</Quantity>
      <UnitMeasure>גרם</UnitMeasure>
      <BisWeighted>0</BisWeighted>
      <QtyInPackage>1</QtyInPackage>
      <ItemPrice>5.90</ItemPrice>
      <UnitOfMeasurePrice>1.07</UnitOfMeasurePrice>
      <AllowDiscount>1</AllowDiscount>
      <itemStatus>1</itemStatus>
      <LastUpdateDate />
      <LastUpdateTime />
    </Product>
    <Product>
      <PriceUpdateDate>2015/12/01 11:09</PriceUpdateDate>
      <ItemCode>7290000307237</ItemCode>
      <ItemType>1</ItemType>
      <ItemName>תירס גרעינים 550 גר`</ItemName>
      <ManufactureName>ויטה -פרי גליל (החדשה) בעמ</ManufactureName>
      <ManufactureCountry />
      <ManufactureItemDescription />
      <UnitQty>יח`</UnitQty>
      <Quantity>550</Quantity>
      <UnitMeasure>גרם</UnitMeasure>
      <BisWeighted>0</BisWeighted>
      <QtyInPackage>1</QtyInPackage>
      <ItemPrice>5.90</ItemPrice>
      <UnitOfMeasurePrice>1.07</UnitOfMeasurePrice>
      <AllowDiscount>1</AllowDiscount>
      <itemStatus>1</itemStatus>
      <LastUpdateDate />
      <LastUpdateTime />
    </Product>
    <Product>
      <PriceUpdateDate>2019/03/31 10:35</PriceUpdateDate>
      <ItemCode>7290000311067</ItemCode>
      <ItemType>1</ItemType>
      <ItemName>מינימן לא מצופה 200  גר`מן</ItemName>
      <ManufactureName>רוקחמן בעמ</ManufactureName>
      <ManufactureCountry />
      <ManufactureItemDescription />
      <UnitQty>יח`</UnitQty>
      <Quantity>200</Quantity>
      <UnitMeasure>גרם</UnitMeasure>
      <BisWeighted>0</BisWeighted>
      <QtyInPackage>1</QtyInPackage>
      <ItemPrice>5.90</ItemPrice>
      <UnitOfMeasurePrice>2.95</UnitOfMeasurePrice>
      <AllowDiscount>0</AllowDiscount>
      <itemStatus>1</itemStatus>
      <LastUpdateDate />
      <LastUpdateTime />
    </Product>
    <Product>
      <PriceUpdateDate>2015/12/01 18:12</PriceUpdateDate>
      <ItemCode>7290000311128</ItemCode>
      <ItemType>1</ItemType>
      <ItemName>עוגיות מובחרות בטעם חמאה מן (300 גרם)</ItemName>
      <ManufactureName>רוקחמן בעמ</ManufactureName>
      <ManufactureCountry />
      <ManufactureItemDescription />
      <UnitQty>יח`</UnitQty>
      <Quantity>300</Quantity>
      <UnitMeasure>גרם</UnitMeasure>
      <BisWeighted>0</BisWeighted>
      <QtyInPackage>1</QtyInPackage>
      <ItemPrice>6.90</ItemPrice>
      <UnitOfMeasurePrice>2.30</UnitOfMeasurePrice>
      <AllowDiscount>0</AllowDiscount>
      <itemStatus>1</itemStatus>
      <LastUpdateDate />
      <LastUpdateTime />
    </Product>
    <Product>
      <PriceUpdateDate>2018/02/06 08:16</PriceUpdateDate>
      <ItemCode>7290000311203</ItemCode>
      <ItemType>1</ItemType>
      <ItemName>וופל שוקולד מן (200 גרם)</ItemName>
      <ManufactureName>רוקחמן בעמ</ManufactureName>
      <ManufactureCountry />
      <ManufactureItemDescription />
      <UnitQty>יח`</UnitQty>
      <Quantity>200</Quantity>
      <UnitMeasure>גרם</UnitMeasure>
      <BisWeighted>0</BisWeighted>
      <QtyInPackage>1</QtyInPackage>
      <ItemPrice>4.90</ItemPrice>
      <UnitOfMeasurePrice>2.45</UnitOfMeasurePrice>
      <AllowDiscount>0</AllowDiscount>
      <itemStatus>1</itemStatus>
      <LastUpdateDate />
      <LastUpdateTime />
    </Product>
    <Product>
      <PriceUpdateDate>2018/02/06 08:16</PriceUpdateDate>
      <ItemCode>7290000311210</ItemCode>
      <ItemType>1</ItemType>
      <ItemName>וופלים לימון מן (200 גרם)</ItemName>
      <ManufactureName>רוקחמן בעמ</ManufactureName>
      <ManufactureCountry />
      <ManufactureItemDescription />
      <UnitQty>יח`</UnitQty>
      <Quantity>200</Quantity>
      <UnitMeasure>גרם</UnitMeasure>
      <BisWeighted>0</BisWeighted>
      <QtyInPackage>1</QtyInPackage>
      <ItemPrice>4.90</ItemPrice>
      <UnitOfMeasurePrice>2.45</UnitOfMeasurePrice>
      <AllowDiscount>0</AllowDiscount>
      <itemStatus>1</itemStatus>
      <LastUpdateDate />
      <LastUpdateTime />
    </Product>
    <Product>
      <PriceUpdateDate>2018/02/06 08:16</PriceUpdateDate>
      <ItemCode>7290000311227</ItemCode>
      <ItemType>1</ItemType>
      <ItemName>וופלים 200 גר` קפה מן</ItemName>
      <ManufactureName>רוקחמן בעמ</ManufactureName>
      <ManufactureCountry />
      <ManufactureItemDescription />
      <UnitQty>יח`</UnitQty>
      <Quantity>200</Quantity>
      <UnitMeasure>גרם</UnitMeasure>
      <BisWeighted>0</BisWeighted>
      <QtyInPackage>1</QtyInPackage>
      <ItemPrice>4.90</ItemPrice>
      <UnitOfMeasurePrice>2.45</UnitOfMeasurePrice>
      <AllowDiscount>0</AllowDiscount>
      <itemStatus>1</itemStatus>
      <LastUpdateDate />
      <LastUpdateTime />
    </Product>
    <Product>
      <PriceUpdateDate>2018/02/06 08:16</PriceUpdateDate>
      <ItemCode>7290000311234</ItemCode>
      <ItemType>1</ItemType>
      <ItemName>וופל 200 גר` וניל מן</ItemName>
      <ManufactureName>רוקחמן בעמ</ManufactureName>
      <ManufactureCountry />
      <ManufactureItemDescription />
      <UnitQty>יח`</UnitQty>
      <Quantity>200</Quantity>
      <UnitMeasure>גרם</UnitMeasure>
      <BisWeighted>0</BisWeighted>
      <QtyInPackage>1</QtyInPackage>
      <ItemPrice>4.90</ItemPrice>
      <UnitOfMeasurePrice>2.45</UnitOfMeasurePrice>
      <AllowDiscount>0</AllowDiscount>
      <itemStatus>1</itemStatus>
      <LastUpdateDate />
      <LastUpdateTime />
    </Product>
    <Product>
      <PriceUpdateDate>2018/07/20 14:13</PriceUpdateDate>
      <ItemCode>7290000311272</ItemCode>
      <ItemType>1</ItemType>
      <ItemName>וופל 180 גר` חלבה מן</ItemName>
      <ManufactureName>רוקחמן בעמ</ManufactureName>
      <ManufactureCountry />
      <ManufactureItemDescription />
      <UnitQty>יח`</UnitQty>
      <Quantity>180</Quantity>
      <UnitMeasure>גרם</UnitMeasure>
      <BisWeighted>0</BisWeighted>
      <QtyInPackage>1</QtyInPackage>
      <ItemPrice>4.90</ItemPrice>
      <UnitOfMeasurePrice>2.72</UnitOfMeasurePrice>
      <AllowDiscount>0</AllowDiscount>
      <itemStatus>1</itemStatus>
      <LastUpdateDate />
      <LastUpdateTime />
    </Product>
    <Product>
      <PriceUpdateDate>2015/12/01 18:43</PriceUpdateDate>
      <ItemCode>7290000311319</ItemCode>
      <ItemType>1</ItemType>
      <ItemName>וופלים מצופים מן (1 קג)</ItemName>
      <ManufactureName>רוקחמן בעמ</ManufactureName>
      <ManufactureCountry />
      <ManufactureItemDescription />
      <UnitQty>יח`</UnitQty>
      <Quantity>1</Quantity>
      <UnitMeasure>ק"ג</UnitMeasure>
      <BisWeighted>0</BisWeighted>
      <QtyInPackage>1</QtyInPackage>
      <ItemPrice>22.90</ItemPrice>
      <UnitOfMeasurePrice>22.90</UnitOfMeasurePrice>
      <AllowDiscount>0</AllowDiscount>
      <itemStatus>1</itemStatus>
      <LastUpdateDate />
      <LastUpdateTime />
    </Product>
    <Product>
      <PriceUpdateDate>2015/12/01 18:41</PriceUpdateDate>
      <ItemCode>7290000311357</ItemCode>
      <ItemType>1</ItemType>
      <ItemName>וופל אגוזית 10יח*28גר מן</ItemName>
      <ManufactureName>רוקחמן בעמ</ManufactureName>
      <ManufactureCountry />
      <ManufactureItemDescription />
      <UnitQty>יח`</UnitQty>
      <Quantity>280</Quantity>
      <UnitMeasure>גרם</UnitMeasure>
      <BisWeighted>0</BisWeighted>
      <QtyInPackage>1</QtyInPackage>
      <ItemPrice>10.90</ItemPrice>
      <UnitOfMeasurePrice>3.89</UnitOfMeasurePrice>
      <AllowDiscount>0</AllowDiscount>
      <itemStatus>1</itemStatus>
      <LastUpdateDate />
      <LastUpdateTime />
    </Product>
    <Product>
      <PriceUpdateDate>2015/12/01 18:12</PriceUpdateDate>
      <ItemCode>7290000311425</ItemCode>
      <ItemType>1</ItemType>
      <ItemName>ופלים מצופים מן (22x10 גרם)</ItemName>
      <ManufactureName>רוקחמן בעמ</ManufactureName>
      <ManufactureCountry />
      <ManufactureItemDescription />
      <UnitQty>יח`</UnitQty>
      <Quantity>200</Quantity>
      <UnitMeasure>גרם</UnitMeasure>
      <BisWeighted>0</BisWeighted>
      <QtyInPackage>1</QtyInPackage>
      <ItemPrice>7.90</ItemPrice>
      <UnitOfMeasurePrice>3.95</UnitOfMeasurePrice>
      <AllowDiscount>1</AllowDiscount>
      <itemStatus>1</itemStatus>
      <LastUpdateDate />
      <LastUpdateTime />
    </Product>
    <Product>
      <PriceUpdateDate>2015/12/01 18:12</PriceUpdateDate>
      <ItemCode>7290000311500</ItemCode>
      <ItemType>1</ItemType>
      <ItemName>וופל שוקולד מן (500 גרם)</ItemName>
      <ManufactureName>רוקחמן בעמ</ManufactureName>
      <ManufactureCountry />
      <ManufactureItemDescription />
      <UnitQty>יח`</UnitQty>
      <Quantity>500</Quantity>
      <UnitMeasure>גרם</UnitMeasure>
      <BisWeighted>0</BisWeighted>
      <QtyInPackage>1</QtyInPackage>
      <ItemPrice>8.90</ItemPrice>
      <UnitOfMeasurePrice>1.78</UnitOfMeasurePrice>
      <AllowDiscount>0</AllowDiscount>
      <itemStatus>1</itemStatus>
      <LastUpdateDate />
      <LastUpdateTime />
    </Product>
    <Product>
      <PriceUpdateDate>2015/12/01 18:12</PriceUpdateDate>
      <ItemCode>7290000311708</ItemCode>
      <ItemType>1</ItemType>
      <ItemName>עוגיות חיטה מלאה מן (300 גרם)</ItemName>
      <ManufactureName>רוקחמן בעמ</ManufactureName>
      <ManufactureCountry />
      <ManufactureItemDescription />
      <UnitQty>יח`</UnitQty>
      <Quantity>300</Quantity>
      <UnitMeasure>גרם</UnitMeasure>
      <BisWeighted>0</BisWeighted>
      <QtyInPackage>1</QtyInPackage>
      <ItemPrice>6.90</ItemPrice>
      <UnitOfMeasurePrice>2.30</UnitOfMeasurePrice>
      <AllowDiscount>0</AllowDiscount>
      <itemStatus>1</itemStatus>
      <LastUpdateDate />
      <LastUpdateTime />
    </Product>
    <Product>
      <PriceUpdateDate>2015/12/01 18:12</PriceUpdateDate>
      <ItemCode>7290000311715</ItemCode>
      <ItemType>1</ItemType>
      <ItemName>עוגיות כוכבים בטעם שוקולד מן (300 גרם)</ItemName>
      <ManufactureName>רוקחמן בעמ</ManufactureName>
      <ManufactureCountry />
      <ManufactureItemDescription />
      <UnitQty>יח`</UnitQty>
      <Quantity>300</Quantity>
      <UnitMeasure>גרם</UnitMeasure>
      <BisWeighted>0</BisWeighted>
      <QtyInPackage>1</QtyInPackage>
      <ItemPrice>6.90</ItemPrice>
      <UnitOfMeasurePrice>2.30</UnitOfMeasurePrice>
      <AllowDiscount>0</AllowDiscount>
      <itemStatus>1</itemStatus>
      <LastUpdateDate />
      <LastUpdateTime />
    </Product>
    <Product>
      <PriceUpdateDate>2018/02/22 08:20</PriceUpdateDate>
      <ItemCode>7290000311722</ItemCode>
      <ItemType>1</ItemType>
      <ItemName>עוגיות בטעם וניל 300 גר` מן</ItemName>
      <ManufactureName>רוקחמן בעמ</ManufactureName>
      <ManufactureCountry />
      <ManufactureItemDescription />
      <UnitQty>יח`</UnitQty>
      <Quantity>300</Quantity>
      <UnitMeasure>גרם</UnitMeasure>
      <BisWeighted>0</BisWeighted>
      <QtyInPackage>1</QtyInPackage>
      <ItemPrice>6.90</ItemPrice>
      <UnitOfMeasurePrice>2.30</UnitOfMeasurePrice>
      <AllowDiscount>0</AllowDiscount>
      <itemStatus>1</itemStatus>
      <LastUpdateDate />
      <LastUpdateTime />
    </Product>
    <Product>
      <PriceUpdateDate>2015/12/01 18:12</PriceUpdateDate>
      <ItemCode>7290000311746</ItemCode>
      <ItemType>1</ItemType>
      <ItemName>עוגיות בטעם קרמל מן (300 גרם)</ItemName>
      <ManufactureName>רוקחמן בעמ</ManufactureName>
      <ManufactureCountry />
      <ManufactureItemDescription />
      <UnitQty>יח`</UnitQty>
      <Quantity>300</Quantity>
      <UnitMeasure>גרם</UnitMeasure>
      <BisWeighted>0</BisWeighted>
      <QtyInPackage>1</QtyInPackage>
      <ItemPrice>6.90</ItemPrice>
      <UnitOfMeasurePrice>2.30</UnitOfMeasurePrice>
      <AllowDiscount>0</AllowDiscount>
      <itemStatus>1</itemStatus>
      <LastUpdateDate />
      <LastUpdateTime />
    </Product>
    <Product>
      <PriceUpdateDate>2015/12/23 12:10</PriceUpdateDate>
      <ItemCode>7290000311845</ItemCode>
      <ItemType>1</ItemType>
      <ItemName>עוגיות חיטה מלאה ללא תוספת סוכר</ItemName>
      <ManufactureName>רוקחמן בעמ</ManufactureName>
      <ManufactureCountry />
      <ManufactureItemDescription />
      <UnitQty>יח`</UnitQty>
      <Quantity>200</Quantity>
      <UnitMeasure>גרם</UnitMeasure>
      <BisWeighted>0</BisWeighted>
      <QtyInPackage>1</QtyInPackage>
      <ItemPrice>8.90</ItemPrice>
      <UnitOfMeasurePrice>4.45</UnitOfMeasurePrice>
      <AllowDiscount>0</AllowDiscount>
      <itemStatus>1</itemStatus>
      <LastUpdateDate />
      <LastUpdateTime />
    </Product>
    <Product>
      <PriceUpdateDate>2015/12/23 12:10</PriceUpdateDate>
      <ItemCode>7290000311869</ItemCode>
      <ItemType>1</ItemType>
      <ItemName>ופלים ללא תוספת סוכר בטעם שוקולד</ItemName>
      <ManufactureName>רוקחמן בעמ</ManufactureName>
      <ManufactureCountry />
      <ManufactureItemDescription />
      <UnitQty>יח`</UnitQty>
      <Quantity>180</Quantity>
      <UnitMeasure>גרם</UnitMeasure>
      <BisWeighted>0</BisWeighted>
      <QtyInPackage>1</QtyInPackage>
      <ItemPrice>7.90</ItemPrice>
      <UnitOfMeasurePrice>4.39</UnitOfMeasurePrice>
      <AllowDiscount>0</AllowDiscount>
      <itemStatus>1</itemStatus>
      <LastUpdateDate />
      <LastUpdateTime />
    </Product>
    <Product>
      <PriceUpdateDate>2015/12/23 12:10</PriceUpdateDate>
      <ItemCode>7290000311876</ItemCode>
      <ItemType>1</ItemType>
      <ItemName>ופלים ללא תוספת סוכר בטעם וניל</ItemName>
      <ManufactureName>רוקחמן בעמ</ManufactureName>
      <ManufactureCountry />
      <ManufactureItemDescription />
      <UnitQty>יח`</UnitQty>
      <Quantity>180</Quantity>
      <UnitMeasure>גרם</UnitMeasure>
      <BisWeighted>0</BisWeighted>
      <QtyInPackage>1</QtyInPackage>
      <ItemPrice>7.90</ItemPrice>
      <UnitOfMeasurePrice>4.39</UnitOfMeasurePrice>
      <AllowDiscount>0</AllowDiscount>
      <itemStatus>1</itemStatus>
      <LastUpdateDate />
      <LastUpdateTime />
    </Product>
    <Product>
      <PriceUpdateDate>2015/12/23 12:10</PriceUpdateDate>
      <ItemCode>7290000311883</ItemCode>
      <ItemType>1</ItemType>
      <ItemName>עוגיות גרנולה ללא תוספת סוכר</ItemName>
      <ManufactureName>רוקחמן בעמ</ManufactureName>
      <ManufactureCountry />
      <ManufactureItemDescription />
      <UnitQty>יח`</UnitQty>
      <Quantity>200</Quantity>
      <UnitMeasure>גרם</UnitMeasure>
      <BisWeighted>0</BisWeighted>
      <QtyInPackage>1</QtyInPackage>
      <ItemPrice>8.90</ItemPrice>
      <UnitOfMeasurePrice>4.45</UnitOfMeasurePrice>
      <AllowDiscount>0</AllowDiscount>
      <itemStatus>1</itemStatus>
      <LastUpdateDate />
      <LastUpdateTime />
    </Product>
    <Product>
      <PriceUpdateDate>2014/09/28 11:07</PriceUpdateDate>
      <ItemCode>7290000313160</ItemCode>
      <ItemType>1</ItemType>
      <ItemName>חברים זהבה 3 דובים שוקו</ItemName>
      <ManufactureName>קבוצת אסם סחר שות. מוגבלת</ManufactureName>
      <ManufactureCountry />
      <ManufactureItemDescription />
      <UnitQty>יח`</UnitQty>
      <Quantity>250</Quantity>
      <UnitMeasure>גרם</UnitMeasure>
      <BisWeighted>0</BisWeighted>
      <QtyInPackage>1</QtyInPackage>
      <ItemPrice>7.90</ItemPrice>
      <UnitOfMeasurePrice>3.16</UnitOfMeasurePrice>
      <AllowDiscount>0</AllowDiscount>
      <itemStatus>1</itemStatus>
      <LastUpdateDate />
      <LastUpdateTime />
    </Product>
    <Product>
      <PriceUpdateDate>2018/03/19 14:12</PriceUpdateDate>
      <ItemCode>7290000313283</ItemCode>
      <ItemType>1</ItemType>
      <ItemName>נודלס אטריות ביצים שטוחות אסם (300 גרם)</ItemName>
      <ManufactureName>קבוצת אסם סחר שות. מוגבלת</ManufactureName>
      <ManufactureCountry />
      <ManufactureItemDescription />
      <UnitQty>יח`</UnitQty>
      <Quantity>300</Quantity>
      <UnitMeasure>גרם</UnitMeasure>
      <BisWeighted>0</BisWeighted>
      <QtyInPackage>1</QtyInPackage>
      <ItemPrice>9.90</ItemPrice>
      <UnitOfMeasurePrice>3.30</UnitOfMeasurePrice>
      <AllowDiscount>0</AllowDiscount>
      <itemStatus>1</itemStatus>
      <LastUpdateDate />
      <LastUpdateTime />
    </Product>
    <Product>
      <PriceUpdateDate>2018/03/19 14:12</PriceUpdateDate>
      <ItemCode>7290000313290</ItemCode>
      <ItemType>1</ItemType>
      <ItemName>נודלס אטריות מסולסלות אסם (50x4 גרם)</ItemName>
      <ManufactureName>קבוצת אסם סחר שות. מוגבלת</ManufactureName>
      <ManufactureCountry />
      <ManufactureItemDescription />
      <UnitQty>יח`</UnitQty>
      <Quantity>200</Quantity>
      <UnitMeasure>גרם</UnitMeasure>
      <BisWeighted>0</BisWeighted>
      <QtyInPackage>1</QtyInPackage>
      <ItemPrice>9.90</ItemPrice>
      <UnitOfMeasurePrice>4.95</UnitOfMeasurePrice>
      <AllowDiscount>0</AllowDiscount>
      <itemStatus>1</itemStatus>
      <LastUpdateDate />
      <LastUpdateTime />
    </Product>
    <Product>
      <PriceUpdateDate>2018/02/21 09:19</PriceUpdateDate>
      <ItemCode>7290000319124</ItemCode>
      <ItemType>1</ItemType>
      <ItemName>סלמי סרוולט יחיעם (250 גרם)</ItemName>
      <ManufactureName>מעדני יחיעם (1993) בעמ</ManufactureName>
      <ManufactureCountry />
      <ManufactureItemDescription />
      <UnitQty>יח`</UnitQty>
      <Quantity>250</Quantity>
      <UnitMeasure>גרם</UnitMeasure>
      <BisWeighted>0</BisWeighted>
      <QtyInPackage>1</QtyInPackage>
      <ItemPrice>34.90</ItemPrice>
      <UnitOfMeasurePrice>13.96</UnitOfMeasurePrice>
      <AllowDiscount>0</AllowDiscount>
      <itemStatus>1</itemStatus>
      <LastUpdateDate />
      <LastUpdateTime />
    </Product>
    <Product>
      <PriceUpdateDate>2017/08/09 14:45</PriceUpdateDate>
      <ItemCode>7290000319292</ItemCode>
      <ItemType>1</ItemType>
      <ItemName>נקניקיות וינר 1 קג</ItemName>
      <ManufactureName>מעדני יחיעם (1993) בעמ</ManufactureName>
      <ManufactureCountry />
      <ManufactureItemDescription />
      <UnitQty>יח`</UnitQty>
      <Quantity>1000</Quantity>
      <UnitMeasure>גרם</UnitMeasure>
      <BisWeighted>0</BisWeighted>
      <QtyInPackage>1</QtyInPackage>
      <ItemPrice>19.90</ItemPrice>
      <UnitOfMeasurePrice>1.99</UnitOfMeasurePrice>
      <AllowDiscount>0</AllowDiscount>
      <itemStatus>1</itemStatus>
      <LastUpdateDate />
      <LastUpdateTime />
    </Product>
    <Product>
      <PriceUpdateDate>2013/12/31 09:50</PriceUpdateDate>
      <ItemCode>7290000327624</ItemCode>
      <ItemType>1</ItemType>
      <ItemName>מי סודה טמפו (1.5 ליטר)</ItemName>
      <ManufactureName>טמפו משקאות בעמ</ManufactureName>
      <ManufactureCountry />
      <ManufactureItemDescription />
      <UnitQty>יח`</UnitQty>
      <Quantity>1500</Quantity>
      <UnitMeasure>מ"ל</UnitMeasure>
      <BisWeighted>0</BisWeighted>
      <QtyInPackage>1</QtyInPackage>
      <ItemPrice>3</ItemPrice>
      <UnitOfMeasurePrice>0.20</UnitOfMeasurePrice>
      <AllowDiscount>1</AllowDiscount>
      <itemStatus>1</itemStatus>
      <LastUpdateDate />
      <LastUpdateTime />
    </Product>
    <Product>
      <PriceUpdateDate>2014/11/09 13:55</PriceUpdateDate>
      <ItemCode>7290000334745</ItemCode>
      <ItemType>1</ItemType>
      <ItemName>אמריקן צ`יפס תפוגן (1.5 קג)</ItemName>
      <ManufactureName>קבוצת אסם סחר שות. מוגבלת</ManufactureName>
      <ManufactureCountry />
      <ManufactureItemDescription />
      <UnitQty>יח`</UnitQty>
      <Quantity>1.50</Quantity>
      <UnitMeasure>ק"ג</UnitMeasure>
      <BisWeighted>0</BisWeighted>
      <QtyInPackage>1</QtyInPackage>
      <ItemPrice>27.90</ItemPrice>
      <UnitOfMeasurePrice>18.60</UnitOfMeasurePrice>
      <AllowDiscount>0</AllowDiscount>
      <itemStatus>1</itemStatus>
      <LastUpdateDate />
      <LastUpdateTime />
    </Product>
    <Product>
      <PriceUpdateDate>2013/06/09 19:06</PriceUpdateDate>
      <ItemCode>7290000334981</ItemCode>
      <ItemType>1</ItemType>
      <ItemName>אמריקן צ`יפס 1-2-3 תפוגן (750 גרם)</ItemName>
      <ManufactureName>קבוצת אסם סחר שות. מוגבלת</ManufactureName>
      <ManufactureCountry />
      <ManufactureItemDescription />
      <UnitQty>יח`</UnitQty>
      <Quantity>750</Quantity>
      <UnitMeasure>גרם</UnitMeasure>
      <BisWeighted>0</BisWeighted>
      <QtyInPackage>1</QtyInPackage>
      <ItemPrice>23.90</ItemPrice>
      <UnitOfMeasurePrice>3.19</UnitOfMeasurePrice>
      <AllowDiscount>0</AllowDiscount>
      <itemStatus>1</itemStatus>
      <LastUpdateDate />
      <LastUpdateTime />
    </Product>
    <Product>
      <PriceUpdateDate>2015/01/13 10:53</PriceUpdateDate>
      <ItemCode>7290000339191</ItemCode>
      <ItemType>1</ItemType>
      <ItemName>רן אבקת הלבנה</ItemName>
      <ManufactureName>יוניליוור ישראל שיווק בעמ</ManufactureName>
      <ManufactureCountry />
      <ManufactureItemDescription />
      <UnitQty>יח`</UnitQty>
      <Quantity>350</Quantity>
      <UnitMeasure>גרם</UnitMeasure>
      <BisWeighted>0</BisWeighted>
      <QtyInPackage>1</QtyInPackage>
      <ItemPrice>21.90</ItemPrice>
      <UnitOfMeasurePrice>6.26</UnitOfMeasurePrice>
      <AllowDiscount>0</AllowDiscount>
      <itemStatus>1</itemStatus>
      <LastUpdateDate />
      <LastUpdateTime />
    </Product>
    <Product>
      <PriceUpdateDate>2015/12/03 11:25</PriceUpdateDate>
      <ItemCode>7290000339849</ItemCode>
      <ItemType>1</ItemType>
      <ItemName>משחת כלים קלין 3.5 קג`</ItemName>
      <ManufactureName>יוניליוור ישראל שיווק בעמ</ManufactureName>
      <ManufactureCountry />
      <ManufactureItemDescription />
      <UnitQty>יח`</UnitQty>
      <Quantity>3.50</Quantity>
      <UnitMeasure>ק"ג</UnitMeasure>
      <BisWeighted>0</BisWeighted>
      <QtyInPackage>1</QtyInPackage>
      <ItemPrice>31.90</ItemPrice>
      <UnitOfMeasurePrice>9.11</UnitOfMeasurePrice>
      <AllowDiscount>0</AllowDiscount>
      <itemStatus>1</itemStatus>
      <LastUpdateDate />
      <LastUpdateTime />
    </Product>
    <Product>
      <PriceUpdateDate>2015/12/03 11:25</PriceUpdateDate>
      <ItemCode>7290000339887</ItemCode>
      <ItemType>1</ItemType>
      <ItemName>משחת כלים קלין 3.5 קג`</ItemName>
      <ManufactureName>יוניליוור ישראל שיווק בעמ</ManufactureName>
      <ManufactureCountry />
      <ManufactureItemDescription />
      <UnitQty>יח`</UnitQty>
      <Quantity>3.50</Quantity>
      <UnitMeasure>ק"ג</UnitMeasure>
      <BisWeighted>0</BisWeighted>
      <QtyInPackage>1</QtyInPackage>
      <ItemPrice>31.90</ItemPrice>
      <UnitOfMeasurePrice>9.11</UnitOfMeasurePrice>
      <AllowDiscount>0</AllowDiscount>
      <itemStatus>1</itemStatus>
      <LastUpdateDate />
      <LastUpdateTime />
    </Product>
    <Product>
      <PriceUpdateDate>2014/07/13 13:58</PriceUpdateDate>
      <ItemCode>7290000341071</ItemCode>
      <ItemType>1</ItemType>
      <ItemName>בדין בייבי 2 ליטר</ItemName>
      <ManufactureName>יוניליוור ישראל שיווק בעמ</ManufactureName>
      <ManufactureCountry />
      <ManufactureItemDescription />
      <UnitQty>יח`</UnitQty>
      <Quantity>2</Quantity>
      <UnitMeasure>1 ליטר</UnitMeasure>
      <BisWeighted>0</BisWeighted>
      <QtyInPackage>1</QtyInPackage>
      <ItemPrice>20.90</ItemPrice>
      <UnitOfMeasurePrice>10.45</UnitOfMeasurePrice>
      <AllowDiscount>0</AllowDiscount>
      <itemStatus>1</itemStatus>
      <LastUpdateDate />
      <LastUpdateTime />
    </Product>
    <Product>
      <PriceUpdateDate>2019/08/18 06:57</PriceUpdateDate>
      <ItemCode>7290000342856</ItemCode>
      <ItemType>1</ItemType>
      <ItemName>מרכך כביסה כחול בדין (4 ליטר)</ItemName>
      <ManufactureName>יוניליוור ישראל שיווק בעמ</ManufactureName>
      <ManufactureCountry />
      <ManufactureItemDescription />
      <UnitQty>יח`</UnitQty>
      <Quantity>4</Quantity>
      <UnitMeasure>1 ליטר</UnitMeasure>
      <BisWeighted>0</BisWeighted>
      <QtyInPackage>1</QtyInPackage>
      <ItemPrice>19.90</ItemPrice>
      <UnitOfMeasurePrice>4.98</UnitOfMeasurePrice>
      <AllowDiscount>0</AllowDiscount>
      <itemStatus>1</itemStatus>
      <LastUpdateDate />
      <LastUpdateTime />
    </Product>
    <Product>
      <PriceUpdateDate>2013/06/09 08:31</PriceUpdateDate>
      <ItemCode>7290000345048</ItemCode>
      <ItemType>1</ItemType>
      <ItemName>תה 74</ItemName>
      <ManufactureName>תה ויסוצקי (ישראל) בעמ</ManufactureName>
      <ManufactureCountry />
      <ManufactureItemDescription />
      <UnitQty>יח`</UnitQty>
      <Quantity>125</Quantity>
      <UnitMeasure>גרם</UnitMeasure>
      <BisWeighted>0</BisWeighted>
      <QtyInPackage>1</QtyInPackage>
      <ItemPrice>13.10</ItemPrice>
      <UnitOfMeasurePrice>10.48</UnitOfMeasurePrice>
      <AllowDiscount>0</AllowDiscount>
      <itemStatus>1</itemStatus>
      <LastUpdateDate />
      <LastUpdateTime />
    </Product>
    <Product>
      <PriceUpdateDate>2015/05/27 14:32</PriceUpdateDate>
      <ItemCode>7290000345208</ItemCode>
      <ItemType>1</ItemType>
      <ItemName>תה מעודן ויסוצקי) (25</ItemName>
      <ManufactureName>תה ויסוצקי (ישראל) בעמ</ManufactureName>
      <ManufactureCountry />
      <ManufactureItemDescription />
      <UnitQty>יח`</UnitQty>
      <Quantity>25</Quantity>
      <UnitMeasure>גרם</UnitMeasure>
      <BisWeighted>0</BisWeighted>
      <QtyInPackage>1</QtyInPackage>
      <ItemPrice>6.90</ItemPrice>
      <UnitOfMeasurePrice>27.60</UnitOfMeasurePrice>
      <AllowDiscount>0</AllowDiscount>
      <itemStatus>1</itemStatus>
      <LastUpdateDate />
      <LastUpdateTime />
    </Product>
    <Product>
      <PriceUpdateDate>2018/03/01 10:00</PriceUpdateDate>
      <ItemCode>7290000345215</ItemCode>
      <ItemType>1</ItemType>
      <ItemName>תה מעודן ויסוצקי (100)</ItemName>
      <ManufactureName>תה ויסוצקי (ישראל) בעמ</ManufactureName>
      <ManufactureCountry />
      <ManufactureItemDescription />
      <UnitQty>יח`</UnitQty>
      <Quantity>100</Quantity>
      <UnitMeasure>גרם</UnitMeasure>
      <BisWeighted>0</BisWeighted>
      <QtyInPackage>1</QtyInPackage>
      <ItemPrice>16.90</ItemPrice>
      <UnitOfMeasurePrice>16.90</UnitOfMeasurePrice>
      <AllowDiscount>0</AllowDiscount>
      <itemStatus>1</itemStatus>
      <LastUpdateDate />
      <LastUpdateTime />
    </Product>
    <Product>
      <PriceUpdateDate>2013/12/31 09:51</PriceUpdateDate>
      <ItemCode>7290000345260</ItemCode>
      <ItemType>1</ItemType>
      <ItemName>תה קלאסיק ויסוצקי) (25</ItemName>
      <ManufactureName>תה ויסוצקי (ישראל) בעמ</ManufactureName>
      <ManufactureCountry />
      <ManufactureItemDescription />
      <UnitQty>יח`</UnitQty>
      <Quantity>37.50</Quantity>
      <UnitMeasure>גרם</UnitMeasure>
      <BisWeighted>0</BisWeighted>
      <QtyInPackage>1</QtyInPackage>
      <ItemPrice>7.30</ItemPrice>
      <UnitOfMeasurePrice>19.47</UnitOfMeasurePrice>
      <AllowDiscount>0</AllowDiscount>
      <itemStatus>1</itemStatus>
      <LastUpdateDate />
      <LastUpdateTime />
    </Product>
    <Product>
      <PriceUpdateDate>2019/03/24 10:34</PriceUpdateDate>
      <ItemCode>7290000345284</ItemCode>
      <ItemType>1</ItemType>
      <ItemName>תה קלאסיק ויסוצקי (100)</ItemName>
      <ManufactureName>תה ויסוצקי (ישראל) בעמ</ManufactureName>
      <ManufactureCountry />
      <ManufactureItemDescription />
      <UnitQty>יח`</UnitQty>
      <Quantity>150</Quantity>
      <UnitMeasure>גרם</UnitMeasure>
      <BisWeighted>0</BisWeighted>
      <QtyInPackage>1</QtyInPackage>
      <ItemPrice>16.90</ItemPrice>
      <UnitOfMeasurePrice>11.27</UnitOfMeasurePrice>
      <AllowDiscount>0</AllowDiscount>
      <itemStatus>1</itemStatus>
      <LastUpdateDate />
      <LastUpdateTime />
    </Product>
    <Product>
      <PriceUpdateDate>2015/09/09 09:44</PriceUpdateDate>
      <ItemCode>7290000345291</ItemCode>
      <ItemType>1</ItemType>
      <ItemName>תה ארל גריי ויסוצקי) (25</ItemName>
      <ManufactureName>תה ויסוצקי (ישראל) בעמ</ManufactureName>
      <ManufactureCountry />
      <ManufactureItemDescription />
      <UnitQty>יח`</UnitQty>
      <Quantity>37.50</Quantity>
      <UnitMeasure>גרם</UnitMeasure>
      <BisWeighted>0</BisWeighted>
      <QtyInPackage>1</QtyInPackage>
      <ItemPrice>15.90</ItemPrice>
      <UnitOfMeasurePrice>42.40</UnitOfMeasurePrice>
      <AllowDiscount>0</AllowDiscount>
      <itemStatus>1</itemStatus>
      <LastUpdateDate />
      <LastUpdateTime />
    </Product>
    <Product>
      <PriceUpdateDate>2019/10/23 09:01</PriceUpdateDate>
      <ItemCode>7290000345307</ItemCode>
      <ItemType>1</ItemType>
      <ItemName>תה ארל גריי ויסוצקי (50)</ItemName>
      <ManufactureName>תה ויסוצקי (ישראל) בעמ</ManufactureName>
      <ManufactureCountry />
      <ManufactureItemDescription />
      <UnitQty>יח`</UnitQty>
      <Quantity>75</Quantity>
      <UnitMeasure>גרם</UnitMeasure>
      <BisWeighted>0</BisWeighted>
      <QtyInPackage>1</QtyInPackage>
      <ItemPrice>27.90</ItemPrice>
      <UnitOfMeasurePrice>37.20</UnitOfMeasurePrice>
      <AllowDiscount>0</AllowDiscount>
      <itemStatus>1</itemStatus>
      <LastUpdateDate />
      <LastUpdateTime />
    </Product>
    <Product>
      <PriceUpdateDate>2015/09/09 16:01</PriceUpdateDate>
      <ItemCode>7290000345536</ItemCode>
      <ItemType>1</ItemType>
      <ItemName>תה נענע ויסוצקי) (25</ItemName>
      <ManufactureName>תה ויסוצקי (ישראל) בעמ</ManufactureName>
      <ManufactureCountry />
      <ManufactureItemDescription />
      <UnitQty>יח`</UnitQty>
      <Quantity>37.50</Quantity>
      <UnitMeasure>גרם</UnitMeasure>
      <BisWeighted>0</BisWeighted>
      <QtyInPackage>1</QtyInPackage>
      <ItemPrice>16.90</ItemPrice>
      <UnitOfMeasurePrice>45.07</UnitOfMeasurePrice>
      <AllowDiscount>0</AllowDiscount>
      <itemStatus>1</itemStatus>
      <LastUpdateDate />
      <LastUpdateTime />
    </Product>
    <Product>
      <PriceUpdateDate>2018/10/11 09:22</PriceUpdateDate>
      <ItemCode>7290000346120</ItemCode>
      <ItemType>1</ItemType>
      <ItemName>תה קסם הקינמון ויסוצקי הגן הקסום) (25</ItemName>
      <ManufactureName>תה ויסוצקי (ישראל) בעמ</ManufactureName>
      <ManufactureCountry />
      <ManufactureItemDescription />
      <UnitQty>יח`</UnitQty>
      <Quantity>62.50</Quantity>
      <UnitMeasure>גרם</UnitMeasure>
      <BisWeighted>0</BisWeighted>
      <QtyInPackage>1</QtyInPackage>
      <ItemPrice>17.50</ItemPrice>
      <UnitOfMeasurePrice>28</UnitOfMeasurePrice>
      <AllowDiscount>0</AllowDiscount>
      <itemStatus>1</itemStatus>
      <LastUpdateDate />
      <LastUpdateTime />
    </Product>
    <Product>
      <PriceUpdateDate>2018/10/11 09:22</PriceUpdateDate>
      <ItemCode>7290000346137</ItemCode>
      <ItemType>1</ItemType>
      <ItemName>תה הילולי פירות ויסוצקי הגן הקסום) (25</ItemName>
      <ManufactureName>תה ויסוצקי (ישראל) בעמ</ManufactureName>
      <ManufactureCountry />
      <ManufactureItemDescription />
      <UnitQty>יח`</UnitQty>
      <Quantity>62.50</Quantity>
      <UnitMeasure>גרם</UnitMeasure>
      <BisWeighted>0</BisWeighted>
      <QtyInPackage>1</QtyInPackage>
      <ItemPrice>17.50</ItemPrice>
      <UnitOfMeasurePrice>28</UnitOfMeasurePrice>
      <AllowDiscount>0</AllowDiscount>
      <itemStatus>1</itemStatus>
      <LastUpdateDate />
      <LastUpdateTime />
    </Product>
    <Product>
      <PriceUpdateDate>2018/10/11 09:22</PriceUpdateDate>
      <ItemCode>7290000346168</ItemCode>
      <ItemType>1</ItemType>
      <ItemName>תה שומר ויסוצקי הגן הקסום) (25</ItemName>
      <ManufactureName>תה ויסוצקי (ישראל) בעמ</ManufactureName>
      <ManufactureCountry />
      <ManufactureItemDescription />
      <UnitQty>יח`</UnitQty>
      <Quantity>37.50</Quantity>
      <UnitMeasure>גרם</UnitMeasure>
      <BisWeighted>0</BisWeighted>
      <QtyInPackage>1</QtyInPackage>
      <ItemPrice>17.50</ItemPrice>
      <UnitOfMeasurePrice>46.67</UnitOfMeasurePrice>
      <AllowDiscount>0</AllowDiscount>
      <itemStatus>1</itemStatus>
      <LastUpdateDate />
      <LastUpdateTime />
    </Product>
    <Product>
      <PriceUpdateDate>2018/10/11 09:22</PriceUpdateDate>
      <ItemCode>7290000346199</ItemCode>
      <ItemType>1</ItemType>
      <ItemName>תה פירות היער ויסוצקי הגן הקסום) (25</ItemName>
      <ManufactureName>תה ויסוצקי (ישראל) בעמ</ManufactureName>
      <ManufactureCountry />
      <ManufactureItemDescription />
      <UnitQty>יח`</UnitQty>
      <Quantity>67.50</Quantity>
      <UnitMeasure>גרם</UnitMeasure>
      <BisWeighted>0</BisWeighted>
      <QtyInPackage>1</QtyInPackage>
      <ItemPrice>17.50</ItemPrice>
      <UnitOfMeasurePrice>25.93</UnitOfMeasurePrice>
      <AllowDiscount>0</AllowDiscount>
      <itemStatus>1</itemStatus>
      <LastUpdateDate />
      <LastUpdateTime />
    </Product>
    <Product>
      <PriceUpdateDate>2018/10/11 09:22</PriceUpdateDate>
      <ItemCode>7290000346205</ItemCode>
      <ItemType>1</ItemType>
      <ItemName>תה קמומיל ויסוצקי הגן הקסום) (25</ItemName>
      <ManufactureName>תה ויסוצקי (ישראל) בעמ</ManufactureName>
      <ManufactureCountry />
      <ManufactureItemDescription />
      <UnitQty>יח`</UnitQty>
      <Quantity>37.50</Quantity>
      <UnitMeasure>גרם</UnitMeasure>
      <BisWeighted>0</BisWeighted>
      <QtyInPackage>1</QtyInPackage>
      <ItemPrice>17.50</ItemPrice>
      <UnitOfMeasurePrice>46.67</UnitOfMeasurePrice>
      <AllowDiscount>0</AllowDiscount>
      <itemStatus>1</itemStatus>
      <LastUpdateDate />
      <LastUpdateTime />
    </Product>
    <Product>
      <PriceUpdateDate>2019/01/30 09:00</PriceUpdateDate>
      <ItemCode>7290000347738</ItemCode>
      <ItemType>1</ItemType>
      <ItemName>תה ירוק נענע ויסוצקי (25)</ItemName>
      <ManufactureName>תה ויסוצקי (ישראל) בעמ</ManufactureName>
      <ManufactureCountry />
      <ManufactureItemDescription />
      <UnitQty>יח`</UnitQty>
      <Quantity>37.50</Quantity>
      <UnitMeasure>גרם</UnitMeasure>
      <BisWeighted>0</BisWeighted>
      <QtyInPackage>1</QtyInPackage>
      <ItemPrice>24.90</ItemPrice>
      <UnitOfMeasurePrice>66.40</UnitOfMeasurePrice>
      <AllowDiscount>0</AllowDiscount>
      <itemStatus>1</itemStatus>
      <LastUpdateDate />
      <LastUpdateTime />
    </Product>
    <Product>
      <PriceUpdateDate>2019/01/30 09:00</PriceUpdateDate>
      <ItemCode>7290000347752</ItemCode>
      <ItemType>1</ItemType>
      <ItemName>תה ירוק לימונית ולואיזה ויסוצקי (25)</ItemName>
      <ManufactureName>תה ויסוצקי (ישראל) בעמ</ManufactureName>
      <ManufactureCountry />
      <ManufactureItemDescription />
      <UnitQty>יח`</UnitQty>
      <Quantity>37.50</Quantity>
      <UnitMeasure>גרם</UnitMeasure>
      <BisWeighted>0</BisWeighted>
      <QtyInPackage>1</QtyInPackage>
      <ItemPrice>24.90</ItemPrice>
      <UnitOfMeasurePrice>66.40</UnitOfMeasurePrice>
      <AllowDiscount>0</AllowDiscount>
      <itemStatus>1</itemStatus>
      <LastUpdateDate />
      <LastUpdateTime />
    </Product>
    <Product>
      <PriceUpdateDate>2018/02/14 12:16</PriceUpdateDate>
      <ItemCode>7290000351827</ItemCode>
      <ItemType>1</ItemType>
      <ItemName>מלח ים 100 גר`</ItemName>
      <ManufactureName>תבליני טעם וריח בעמ</ManufactureName>
      <ManufactureCountry />
      <ManufactureItemDescription />
      <UnitQty>יח`</UnitQty>
      <Quantity>100</Quantity>
      <UnitMeasure>גרם</UnitMeasure>
      <BisWeighted>0</BisWeighted>
      <QtyInPackage>1</QtyInPackage>
      <ItemPrice>12.90</ItemPrice>
      <UnitOfMeasurePrice>12.90</UnitOfMeasurePrice>
      <AllowDiscount>0</AllowDiscount>
      <itemStatus>1</itemStatus>
      <LastUpdateDate />
      <LastUpdateTime />
    </Product>
    <Product>
      <PriceUpdateDate>2015/05/27 18:21</PriceUpdateDate>
      <ItemCode>7290000364261</ItemCode>
      <ItemType>1</ItemType>
      <ItemName>סלסולי כתף בקר 120 גר` טירת צבי</ItemName>
      <ManufactureName>תנובה קפואים</ManufactureName>
      <ManufactureCountry />
      <ManufactureItemDescription />
      <UnitQty>יח`</UnitQty>
      <Quantity>120</Quantity>
      <UnitMeasure>גרם</UnitMeasure>
      <BisWeighted>0</BisWeighted>
      <QtyInPackage>1</QtyInPackage>
      <ItemPrice>15.90</ItemPrice>
      <UnitOfMeasurePrice>13.25</UnitOfMeasurePrice>
      <AllowDiscount>1</AllowDiscount>
      <itemStatus>1</itemStatus>
      <LastUpdateDate />
      <LastUpdateTime />
    </Product>
    <Product>
      <PriceUpdateDate>2015/05/27 18:21</PriceUpdateDate>
      <ItemCode>7290000364278</ItemCode>
      <ItemType>1</ItemType>
      <ItemName>סלסולי סלמי איטלקי 120 גר` טירת צבי</ItemName>
      <ManufactureName>תנובה קפואים</ManufactureName>
      <ManufactureCountry />
      <ManufactureItemDescription />
      <UnitQty>יח`</UnitQty>
      <Quantity>120</Quantity>
      <UnitMeasure>גרם</UnitMeasure>
      <BisWeighted>0</BisWeighted>
      <QtyInPackage>1</QtyInPackage>
      <ItemPrice>15.90</ItemPrice>
      <UnitOfMeasurePrice>13.25</UnitOfMeasurePrice>
      <AllowDiscount>1</AllowDiscount>
      <itemStatus>1</itemStatus>
      <LastUpdateDate />
      <LastUpdateTime />
    </Product>
    <Product>
      <PriceUpdateDate>2015/05/27 18:21</PriceUpdateDate>
      <ItemCode>7290000364285</ItemCode>
      <ItemType>1</ItemType>
      <ItemName>דקניקים סלסולי הודו טירת צבי (120 גרם)</ItemName>
      <ManufactureName>תנובה קפואים</ManufactureName>
      <ManufactureCountry />
      <ManufactureItemDescription />
      <UnitQty>יח`</UnitQty>
      <Quantity>120</Quantity>
      <UnitMeasure>גרם</UnitMeasure>
      <BisWeighted>0</BisWeighted>
      <QtyInPackage>1</QtyInPackage>
      <ItemPrice>15.90</ItemPrice>
      <UnitOfMeasurePrice>13.25</UnitOfMeasurePrice>
      <AllowDiscount>1</AllowDiscount>
      <itemStatus>1</itemStatus>
      <LastUpdateDate />
      <LastUpdateTime />
    </Product>
    <Product>
      <PriceUpdateDate>2015/05/27 18:21</PriceUpdateDate>
      <ItemCode>7290000364292</ItemCode>
      <ItemType>1</ItemType>
      <ItemName>סלסולי פסטרמה גחלים 120 גר` טירת צבי</ItemName>
      <ManufactureName>תנובה קפואים</ManufactureName>
      <ManufactureCountry />
      <ManufactureItemDescription />
      <UnitQty>יח`</UnitQty>
      <Quantity>120</Quantity>
      <UnitMeasure>גרם</UnitMeasure>
      <BisWeighted>0</BisWeighted>
      <QtyInPackage>1</QtyInPackage>
      <ItemPrice>15.90</ItemPrice>
      <UnitOfMeasurePrice>13.25</UnitOfMeasurePrice>
      <AllowDiscount>1</AllowDiscount>
      <itemStatus>1</itemStatus>
      <LastUpdateDate />
      <LastUpdateTime />
    </Product>
    <Product>
      <PriceUpdateDate>2017/03/30 07:47</PriceUpdateDate>
      <ItemCode>7290000367590</ItemCode>
      <ItemType>1</ItemType>
      <ItemName>צמד כפרי 800 גר` טירת צבי</ItemName>
      <ManufactureName>תנובה קפואים</ManufactureName>
      <ManufactureCountry />
      <ManufactureItemDescription />
      <UnitQty>יח`</UnitQty>
      <Quantity>800</Quantity>
      <UnitMeasure>גרם</UnitMeasure>
      <BisWeighted>0</BisWeighted>
      <QtyInPackage>1</QtyInPackage>
      <ItemPrice>34.90</ItemPrice>
      <UnitOfMeasurePrice>4.36</UnitOfMeasurePrice>
      <AllowDiscount>1</AllowDiscount>
      <itemStatus>1</itemStatus>
      <LastUpdateDate />
      <LastUpdateTime />
    </Product>
    <Product>
      <PriceUpdateDate>2014/05/21 07:42</PriceUpdateDate>
      <ItemCode>7290000369365</ItemCode>
      <ItemType>1</ItemType>
      <ItemName>חציל עירוני 200 גר`</ItemName>
      <ManufactureName>הגבינות של ניצן</ManufactureName>
      <ManufactureCountry />
      <ManufactureItemDescription />
      <UnitQty>יח`</UnitQty>
      <Quantity>200</Quantity>
      <UnitMeasure>גרם</UnitMeasure>
      <BisWeighted>0</BisWeighted>
      <QtyInPackage>1</QtyInPackage>
      <ItemPrice>13.90</ItemPrice>
      <UnitOfMeasurePrice>6.95</UnitOfMeasurePrice>
      <AllowDiscount>0</AllowDiscount>
      <itemStatus>1</itemStatus>
      <LastUpdateDate />
      <LastUpdateTime />
    </Product>
    <Product>
      <PriceUpdateDate>2014/05/21 07:42</PriceUpdateDate>
      <ItemCode>7290000369617</ItemCode>
      <ItemType>1</ItemType>
      <ItemName>כדורי גבינת פטה בשמנים ארומתיים</ItemName>
      <ManufactureName>הגבינות של ניצן</ManufactureName>
      <ManufactureCountry />
      <ManufactureItemDescription />
      <UnitQty>יח`</UnitQty>
      <Quantity>230</Quantity>
      <UnitMeasure>גרם</UnitMeasure>
      <BisWeighted>0</BisWeighted>
      <QtyInPackage>1</QtyInPackage>
      <ItemPrice>16.90</ItemPrice>
      <UnitOfMeasurePrice>7.35</UnitOfMeasurePrice>
      <AllowDiscount>0</AllowDiscount>
      <itemStatus>1</itemStatus>
      <LastUpdateDate />
      <LastUpdateTime />
    </Product>
    <Product>
      <PriceUpdateDate>2014/05/21 07:42</PriceUpdateDate>
      <ItemCode>7290000369709</ItemCode>
      <ItemType>1</ItemType>
      <ItemName>חמאה 100גר ט.שוניים</ItemName>
      <ManufactureName>הגבינות של ניצן</ManufactureName>
      <ManufactureCountry />
      <ManufactureItemDescription />
      <UnitQty>יח`</UnitQty>
      <Quantity>100</Quantity>
      <UnitMeasure>גרם</UnitMeasure>
      <BisWeighted>0</BisWeighted>
      <QtyInPackage>1</QtyInPackage>
      <ItemPrice>12.90</ItemPrice>
      <UnitOfMeasurePrice>12.90</UnitOfMeasurePrice>
      <AllowDiscount>0</AllowDiscount>
      <itemStatus>1</itemStatus>
      <LastUpdateDate />
      <LastUpdateTime />
    </Product>
    <Product>
      <PriceUpdateDate>2015/12/01 12:05</PriceUpdateDate>
      <ItemCode>7290000377452</ItemCode>
      <ItemType>1</ItemType>
      <ItemName>גרעיני אבטיח 200  גר`גת</ItemName>
      <ManufactureName>ליימן שליסל בעמ</ManufactureName>
      <ManufactureCountry />
      <ManufactureItemDescription />
      <UnitQty>יח`</UnitQty>
      <Quantity>200</Quantity>
      <UnitMeasure>גרם</UnitMeasure>
      <BisWeighted>0</BisWeighted>
      <QtyInPackage>1</QtyInPackage>
      <ItemPrice>13.90</ItemPrice>
      <UnitOfMeasurePrice>6.95</UnitOfMeasurePrice>
      <AllowDiscount>0</AllowDiscount>
      <itemStatus>1</itemStatus>
      <LastUpdateDate />
      <LastUpdateTime />
    </Product>
    <Product>
      <PriceUpdateDate>2019/02/03 12:48</PriceUpdateDate>
      <ItemCode>7290000379104</ItemCode>
      <ItemType>1</ItemType>
      <ItemName>לחם אחיד פרוס (750 גרם פיקוח</ItemName>
      <ManufactureName>שלמה א. אנג`ל בעמ</ManufactureName>
      <ManufactureCountry />
      <ManufactureItemDescription />
      <UnitQty>יח`</UnitQty>
      <Quantity>750</Quantity>
      <UnitMeasure>גרם</UnitMeasure>
      <BisWeighted>0</BisWeighted>
      <QtyInPackage>1</QtyInPackage>
      <ItemPrice>6.60</ItemPrice>
      <UnitOfMeasurePrice>0.88</UnitOfMeasurePrice>
      <AllowDiscount>0</AllowDiscount>
      <itemStatus>1</itemStatus>
      <LastUpdateDate />
      <LastUpdateTime />
    </Product>
    <Product>
      <PriceUpdateDate>2017/03/01 08:16</PriceUpdateDate>
      <ItemCode>7290000379128</ItemCode>
      <ItemType>1</ItemType>
      <ItemName>חלה פרוסה 500  גר`אנג`ל</ItemName>
      <ManufactureName>שלמה א. אנג`ל בעמ</ManufactureName>
      <ManufactureCountry />
      <ManufactureItemDescription />
      <UnitQty>יח`</UnitQty>
      <Quantity>500</Quantity>
      <UnitMeasure>גרם</UnitMeasure>
      <BisWeighted>0</BisWeighted>
      <QtyInPackage>1</QtyInPackage>
      <ItemPrice>9.10</ItemPrice>
      <UnitOfMeasurePrice>1.82</UnitOfMeasurePrice>
      <AllowDiscount>0</AllowDiscount>
      <itemStatus>1</itemStatus>
      <LastUpdateDate />
      <LastUpdateTime />
    </Product>
    <Product>
      <PriceUpdateDate>2017/03/01 08:16</PriceUpdateDate>
      <ItemCode>7290000379142</ItemCode>
      <ItemType>1</ItemType>
      <ItemName>לחם עינן אנגל 750גר</ItemName>
      <ManufactureName>שלמה א. אנג`ל בעמ</ManufactureName>
      <ManufactureCountry />
      <ManufactureItemDescription />
      <UnitQty>יח`</UnitQty>
      <Quantity>750</Quantity>
      <UnitMeasure>גרם</UnitMeasure>
      <BisWeighted>0</BisWeighted>
      <QtyInPackage>1</QtyInPackage>
      <ItemPrice>14.90</ItemPrice>
      <UnitOfMeasurePrice>1.99</UnitOfMeasurePrice>
      <AllowDiscount>0</AllowDiscount>
      <itemStatus>1</itemStatus>
      <LastUpdateDate />
      <LastUpdateTime />
    </Product>
    <Product>
      <PriceUpdateDate>2017/03/01 08:16</PriceUpdateDate>
      <ItemCode>7290000379203</ItemCode>
      <ItemType>1</ItemType>
      <ItemName>לחם עינן קל פרוס אנג`ל (500 גרם)</ItemName>
      <ManufactureName>שלמה א. אנג`ל בעמ</ManufactureName>
      <ManufactureCountry />
      <ManufactureItemDescription />
      <UnitQty>יח`</UnitQty>
      <Quantity>500</Quantity>
      <UnitMeasure>גרם</UnitMeasure>
      <BisWeighted>0</BisWeighted>
      <QtyInPackage>1</QtyInPackage>
      <ItemPrice>14.80</ItemPrice>
      <UnitOfMeasurePrice>2.96</UnitOfMeasurePrice>
      <AllowDiscount>1</AllowDiscount>
      <itemStatus>1</itemStatus>
      <LastUpdateDate />
      <LastUpdateTime />
    </Product>
    <Product>
      <PriceUpdateDate>2017/11/07 13:14</PriceUpdateDate>
      <ItemCode>7290000379432</ItemCode>
      <ItemType>1</ItemType>
      <ItemName>לחמניה אנג`ל</ItemName>
      <ManufactureName>שלמה א. אנג`ל בעמ</ManufactureName>
      <ManufactureCountry />
      <ManufactureItemDescription />
      <UnitQty>יח`</UnitQty>
      <Quantity>75</Quantity>
      <UnitMeasure>גרם</UnitMeasure>
      <BisWeighted>0</BisWeighted>
      <QtyInPackage>1</QtyInPackage>
      <ItemPrice>1.90</ItemPrice>
      <UnitOfMeasurePrice>2.53</UnitOfMeasurePrice>
      <AllowDiscount>0</AllowDiscount>
      <itemStatus>1</itemStatus>
      <LastUpdateDate />
      <LastUpdateTime />
    </Product>
    <Product>
      <PriceUpdateDate>2017/03/01 08:16</PriceUpdateDate>
      <ItemCode>7290000379623</ItemCode>
      <ItemType>1</ItemType>
      <ItemName>לחם שחור פיקוח</ItemName>
      <ManufactureName>שלמה א. אנג`ל בעמ</ManufactureName>
      <ManufactureCountry />
      <ManufactureItemDescription />
      <UnitQty>יח`</UnitQty>
      <Quantity>750</Quantity>
      <UnitMeasure>גרם</UnitMeasure>
      <BisWeighted>0</BisWeighted>
      <QtyInPackage>1</QtyInPackage>
      <ItemPrice>3.90</ItemPrice>
      <UnitOfMeasurePrice>0.52</UnitOfMeasurePrice>
      <AllowDiscount>0</AllowDiscount>
      <itemStatus>1</itemStatus>
      <LastUpdateDate />
      <LastUpdateTime />
    </Product>
    <Product>
      <PriceUpdateDate>2019/02/03 12:48</PriceUpdateDate>
      <ItemCode>7290000379647</ItemCode>
      <ItemType>1</ItemType>
      <ItemName>חלה רגילה אנג`ל/דגנית (500 גרם) מובי</ItemName>
      <ManufactureName>שלמה א. אנג`ל בעמ</ManufactureName>
      <ManufactureCountry />
      <ManufactureItemDescription />
      <UnitQty>יח`</UnitQty>
      <Quantity>500</Quantity>
      <UnitMeasure>גרם</UnitMeasure>
      <BisWeighted>0</BisWeighted>
      <QtyInPackage>1</QtyInPackage>
      <ItemPrice>4.45</ItemPrice>
      <UnitOfMeasurePrice>0.89</UnitOfMeasurePrice>
      <AllowDiscount>0</AllowDiscount>
      <itemStatus>1</itemStatus>
      <LastUpdateDate />
      <LastUpdateTime />
    </Product>
    <Product>
      <PriceUpdateDate>2019/02/07 09:44</PriceUpdateDate>
      <ItemCode>7290000379654</ItemCode>
      <ItemType>1</ItemType>
      <ItemName>חלה קלועה</ItemName>
      <ManufactureName>שלמה א. אנג`ל בעמ</ManufactureName>
      <ManufactureCountry />
      <ManufactureItemDescription />
      <UnitQty>יח`</UnitQty>
      <Quantity>500</Quantity>
      <UnitMeasure>גרם</UnitMeasure>
      <BisWeighted>0</BisWeighted>
      <QtyInPackage>1</QtyInPackage>
      <ItemPrice>4.40</ItemPrice>
      <UnitOfMeasurePrice>0.88</UnitOfMeasurePrice>
      <AllowDiscount>0</AllowDiscount>
      <itemStatus>1</itemStatus>
      <LastUpdateDate />
      <LastUpdateTime />
    </Product>
    <Product>
      <PriceUpdateDate>2019/02/07 09:44</PriceUpdateDate>
      <ItemCode>7290000379661</ItemCode>
      <ItemType>1</ItemType>
      <ItemName>חלה עגולה אנג`ל</ItemName>
      <ManufactureName>שלמה א. אנג`ל בעמ</ManufactureName>
      <ManufactureCountry />
      <ManufactureItemDescription />
      <UnitQty>יח`</UnitQty>
      <Quantity>500</Quantity>
      <UnitMeasure>גרם</UnitMeasure>
      <BisWeighted>0</BisWeighted>
      <QtyInPackage>1</QtyInPackage>
      <ItemPrice>4.40</ItemPrice>
      <UnitOfMeasurePrice>0.88</UnitOfMeasurePrice>
      <AllowDiscount>0</AllowDiscount>
      <itemStatus>1</itemStatus>
      <LastUpdateDate />
      <LastUpdateTime />
    </Product>
    <Product>
      <PriceUpdateDate>2013/12/31 09:51</PriceUpdateDate>
      <ItemCode>7290000408316</ItemCode>
      <ItemType>1</ItemType>
      <ItemName>יוגורט ביו 3% דנונה (200 גרם)</ItemName>
      <ManufactureName>שטראוס גרופ בעמ/מצונן</ManufactureName>
      <ManufactureCountry />
      <ManufactureItemDescription />
      <UnitQty>יח`</UnitQty>
      <Quantity>200</Quantity>
      <UnitMeasure>מ"ל</UnitMeasure>
      <BisWeighted>0</BisWeighted>
      <QtyInPackage>1</QtyInPackage>
      <ItemPrice>3.40</ItemPrice>
      <UnitOfMeasurePrice>1.70</UnitOfMeasurePrice>
      <AllowDiscount>0</AllowDiscount>
      <itemStatus>1</itemStatus>
      <LastUpdateDate />
      <LastUpdateTime />
    </Product>
    <Product>
      <PriceUpdateDate>2013/06/17 09:01</PriceUpdateDate>
      <ItemCode>7290000408354</ItemCode>
      <ItemType>1</ItemType>
      <ItemName>דנונה פרי בר פיצפוצים</ItemName>
      <ManufactureName>שטראוס גרופ בעמ/מצונן</ManufactureName>
      <ManufactureCountry />
      <ManufactureItemDescription />
      <UnitQty>יח`</UnitQty>
      <Quantity>173</Quantity>
      <UnitMeasure>מ"ל</UnitMeasure>
      <BisWeighted>0</BisWeighted>
      <QtyInPackage>1</QtyInPackage>
      <ItemPrice>4.40</ItemPrice>
      <UnitOfMeasurePrice>2.54</UnitOfMeasurePrice>
      <AllowDiscount>0</AllowDiscount>
      <itemStatus>1</itemStatus>
      <LastUpdateDate />
      <LastUpdateTime />
    </Product>
    <Product>
      <PriceUpdateDate>2017/10/29 09:25</PriceUpdateDate>
      <ItemCode>7290000412481</ItemCode>
      <ItemType>1</ItemType>
      <ItemName>נוזל לניקוי אסלות 00 סנו (1 ליטר)</ItemName>
      <ManufactureName>החברה הדרומית לשיווק בעמ</ManufactureName>
      <ManufactureCountry />
      <ManufactureItemDescription />
      <UnitQty>יח`</UnitQty>
      <Quantity>1</Quantity>
      <UnitMeasure>1 ליטר</UnitMeasure>
      <BisWeighted>0</BisWeighted>
      <QtyInPackage>1</QtyInPackage>
      <ItemPrice>8.90</ItemPrice>
      <UnitOfMeasurePrice>8.90</UnitOfMeasurePrice>
      <AllowDiscount>1</AllowDiscount>
      <itemStatus>1</itemStatus>
      <LastUpdateDate />
      <LastUpdateTime />
    </Product>
    <Product>
      <PriceUpdateDate>2017/03/30 07:23</PriceUpdateDate>
      <ItemCode>7290000416021</ItemCode>
      <ItemType>1</ItemType>
      <ItemName>ממרח בטעם שוקולד השחר העולה (500 גרם)</ItemName>
      <ManufactureName>השחר העולה תעשית ממתקים בעמ</ManufactureName>
      <ManufactureCountry />
      <ManufactureItemDescription />
      <UnitQty>יח`</UnitQty>
      <Quantity>500</Quantity>
      <UnitMeasure>גרם</UnitMeasure>
      <BisWeighted>0</BisWeighted>
      <QtyInPackage>1</QtyInPackage>
      <ItemPrice>12.90</ItemPrice>
      <UnitOfMeasurePrice>2.58</UnitOfMeasurePrice>
      <AllowDiscount>0</AllowDiscount>
      <itemStatus>1</itemStatus>
      <LastUpdateDate />
      <LastUpdateTime />
    </Product>
    <Product>
      <PriceUpdateDate>2015/05/27 09:48</PriceUpdateDate>
      <ItemCode>7290000416045</ItemCode>
      <ItemType>1</ItemType>
      <ItemName>ממרח בטעם שוקולד השחר העולה (1 קג)</ItemName>
      <ManufactureName>השחר העולה תעשית ממתקים בעמ</ManufactureName>
      <ManufactureCountry />
      <ManufactureItemDescription />
      <UnitQty>יח`</UnitQty>
      <Quantity>1</Quantity>
      <UnitMeasure>ק"ג</UnitMeasure>
      <BisWeighted>0</BisWeighted>
      <QtyInPackage>1</QtyInPackage>
      <ItemPrice>23.90</ItemPrice>
      <UnitOfMeasurePrice>23.90</UnitOfMeasurePrice>
      <AllowDiscount>1</AllowDiscount>
      <itemStatus>1</itemStatus>
      <LastUpdateDate />
      <LastUpdateTime />
    </Product>
    <Product>
      <PriceUpdateDate>2015/12/01 18:41</PriceUpdateDate>
      <ItemCode>7290000416076</ItemCode>
      <ItemType>1</ItemType>
      <ItemName>צימקאו השחר העולה (400 גרם)</ItemName>
      <ManufactureName>השחר העולה תעשית ממתקים בעמ</ManufactureName>
      <ManufactureCountry />
      <ManufactureItemDescription />
      <UnitQty>יח`</UnitQty>
      <Quantity>400</Quantity>
      <UnitMeasure>גרם</UnitMeasure>
      <BisWeighted>0</BisWeighted>
      <QtyInPackage>1</QtyInPackage>
      <ItemPrice>12.90</ItemPrice>
      <UnitOfMeasurePrice>3.23</UnitOfMeasurePrice>
      <AllowDiscount>0</AllowDiscount>
      <itemStatus>1</itemStatus>
      <LastUpdateDate />
      <LastUpdateTime />
    </Product>
    <Product>
      <PriceUpdateDate>2019/01/16 15:22</PriceUpdateDate>
      <ItemCode>7290000416151</ItemCode>
      <ItemType>1</ItemType>
      <ItemName>ממרח אגוזי לוז עם קקאו 350 גר` פרווה</ItemName>
      <ManufactureName>השחר העולה תעשית ממתקים בעמ</ManufactureName>
      <ManufactureCountry />
      <ManufactureItemDescription />
      <UnitQty>יח`</UnitQty>
      <Quantity>350</Quantity>
      <UnitMeasure>גרם</UnitMeasure>
      <BisWeighted>0</BisWeighted>
      <QtyInPackage>1</QtyInPackage>
      <ItemPrice>13.90</ItemPrice>
      <UnitOfMeasurePrice>3.97</UnitOfMeasurePrice>
      <AllowDiscount>1</AllowDiscount>
      <itemStatus>1</itemStatus>
      <LastUpdateDate />
      <LastUpdateTime />
    </Product>
    <Product>
      <PriceUpdateDate>2016/02/28 12:14</PriceUpdateDate>
      <ItemCode>7290000416618</ItemCode>
      <ItemType>1</ItemType>
      <ItemName>ממרח 400 גר` פרווה השחר</ItemName>
      <ManufactureName>השחר העולה תעשית ממתקים בעמ</ManufactureName>
      <ManufactureCountry />
      <ManufactureItemDescription />
      <UnitQty>יח`</UnitQty>
      <Quantity>400</Quantity>
      <UnitMeasure>גרם</UnitMeasure>
      <BisWeighted>0</BisWeighted>
      <QtyInPackage>1</QtyInPackage>
      <ItemPrice>11.90</ItemPrice>
      <UnitOfMeasurePrice>2.98</UnitOfMeasurePrice>
      <AllowDiscount>1</AllowDiscount>
      <itemStatus>1</itemStatus>
      <LastUpdateDate />
      <LastUpdateTime />
    </Product>
    <Product>
      <PriceUpdateDate>2015/05/27 09:48</PriceUpdateDate>
      <ItemCode>7290000416632</ItemCode>
      <ItemType>1</ItemType>
      <ItemName>ממרח פרווה 1 קג` השחר</ItemName>
      <ManufactureName>השחר העולה תעשית ממתקים בעמ</ManufactureName>
      <ManufactureCountry />
      <ManufactureItemDescription />
      <UnitQty>יח`</UnitQty>
      <Quantity>1</Quantity>
      <UnitMeasure>ק"ג</UnitMeasure>
      <BisWeighted>0</BisWeighted>
      <QtyInPackage>1</QtyInPackage>
      <ItemPrice>22.90</ItemPrice>
      <UnitOfMeasurePrice>22.90</UnitOfMeasurePrice>
      <AllowDiscount>1</AllowDiscount>
      <itemStatus>1</itemStatus>
      <LastUpdateDate />
      <LastUpdateTime />
    </Product>
    <Product>
      <PriceUpdateDate>2018/01/21 16:16</PriceUpdateDate>
      <ItemCode>7290000416809</ItemCode>
      <ItemType>1</ItemType>
      <ItemName>ממרח חצי חצי 350 גר` השחר</ItemName>
      <ManufactureName>השחר העולה תעשית ממתקים בעמ</ManufactureName>
      <ManufactureCountry />
      <ManufactureItemDescription />
      <UnitQty>יח`</UnitQty>
      <Quantity>350</Quantity>
      <UnitMeasure>גרם</UnitMeasure>
      <BisWeighted>0</BisWeighted>
      <QtyInPackage>1</QtyInPackage>
      <ItemPrice>11.90</ItemPrice>
      <UnitOfMeasurePrice>3.40</UnitOfMeasurePrice>
      <AllowDiscount>1</AllowDiscount>
      <itemStatus>1</itemStatus>
      <LastUpdateDate />
      <LastUpdateTime />
    </Product>
    <Product>
      <PriceUpdateDate>2015/05/27 09:48</PriceUpdateDate>
      <ItemCode>7290000416854</ItemCode>
      <ItemType>1</ItemType>
      <ItemName>אבקת קקאו השחר העולה (150 גרם)</ItemName>
      <ManufactureName>השחר העולה תעשית ממתקים בעמ</ManufactureName>
      <ManufactureCountry />
      <ManufactureItemDescription />
      <UnitQty>יח`</UnitQty>
      <Quantity>150</Quantity>
      <UnitMeasure>גרם</UnitMeasure>
      <BisWeighted>0</BisWeighted>
      <QtyInPackage>1</QtyInPackage>
      <ItemPrice>9.90</ItemPrice>
      <UnitOfMeasurePrice>6.60</UnitOfMeasurePrice>
      <AllowDiscount>0</AllowDiscount>
      <itemStatus>1</itemStatus>
      <LastUpdateDate />
      <LastUpdateTime />
    </Product>
    <Product>
      <PriceUpdateDate>2015/05/27 09:48</PriceUpdateDate>
      <ItemCode>7290000416878</ItemCode>
      <ItemType>1</ItemType>
      <ItemName>אבקת קקאו השחר העולה (500 גרם)</ItemName>
      <ManufactureName>השחר העולה תעשית ממתקים בעמ</ManufactureName>
      <ManufactureCountry />
      <ManufactureItemDescription />
      <UnitQty>יח`</UnitQty>
      <Quantity>500</Quantity>
      <UnitMeasure>גרם</UnitMeasure>
      <BisWeighted>0</BisWeighted>
      <QtyInPackage>1</QtyInPackage>
      <ItemPrice>29.90</ItemPrice>
      <UnitOfMeasurePrice>5.98</UnitOfMeasurePrice>
      <AllowDiscount>1</AllowDiscount>
      <itemStatus>1</itemStatus>
      <LastUpdateDate />
      <LastUpdateTime />
    </Product>
    <Product>
      <PriceUpdateDate>2018/01/23 07:12</PriceUpdateDate>
      <ItemCode>7290000416984</ItemCode>
      <ItemType>1</ItemType>
      <ItemName>ממרח נוגט אגוזים 350 גר` השחר</ItemName>
      <ManufactureName>השחר העולה תעשית ממתקים בעמ</ManufactureName>
      <ManufactureCountry />
      <ManufactureItemDescription />
      <UnitQty>יח`</UnitQty>
      <Quantity>350</Quantity>
      <UnitMeasure>גרם</UnitMeasure>
      <BisWeighted>0</BisWeighted>
      <QtyInPackage>1</QtyInPackage>
      <ItemPrice>12.90</ItemPrice>
      <UnitOfMeasurePrice>3.69</UnitOfMeasurePrice>
      <AllowDiscount>1</AllowDiscount>
      <itemStatus>1</itemStatus>
      <LastUpdateDate />
      <LastUpdateTime />
    </Product>
    <Product>
      <PriceUpdateDate>2019/06/16 08:39</PriceUpdateDate>
      <ItemCode>7290000418155</ItemCode>
      <ItemType>1</ItemType>
      <ItemName>טופ פד סופר פלוס 16יח</ItemName>
      <ManufactureName>שקד תבל בעמ</ManufactureName>
      <ManufactureCountry />
      <ManufactureItemDescription />
      <UnitQty>יח`</UnitQty>
      <Quantity>1</Quantity>
      <UnitMeasure />
      <BisWeighted>0</BisWeighted>
      <QtyInPackage>1</QtyInPackage>
      <ItemPrice>5.90</ItemPrice>
      <UnitOfMeasurePrice>5.90</UnitOfMeasurePrice>
      <AllowDiscount>0</AllowDiscount>
      <itemStatus>1</itemStatus>
      <LastUpdateDate />
      <LastUpdateTime />
    </Product>
    <Product>
      <PriceUpdateDate>2014/11/09 13:55</PriceUpdateDate>
      <ItemCode>7290000419107</ItemCode>
      <ItemType>1</ItemType>
      <ItemName>קפה שחור קפה לנדוור (100 גרם)</ItemName>
      <ManufactureName>קבוצת אסם סחר שות. מוגבלת</ManufactureName>
      <ManufactureCountry />
      <ManufactureItemDescription />
      <UnitQty>יח`</UnitQty>
      <Quantity>100</Quantity>
      <UnitMeasure>גרם</UnitMeasure>
      <BisWeighted>0</BisWeighted>
      <QtyInPackage>1</QtyInPackage>
      <ItemPrice>7.90</ItemPrice>
      <UnitOfMeasurePrice>7.90</UnitOfMeasurePrice>
      <AllowDiscount>0</AllowDiscount>
      <itemStatus>1</itemStatus>
      <LastUpdateDate />
      <LastUpdateTime />
    </Product>
    <Product>
      <PriceUpdateDate>2015/08/02 10:29</PriceUpdateDate>
      <ItemCode>7290000419114</ItemCode>
      <ItemType>1</ItemType>
      <ItemName>קפה שחור קפה לנדוור (200 גרם)</ItemName>
      <ManufactureName>קבוצת אסם סחר שות. מוגבלת</ManufactureName>
      <ManufactureCountry />
      <ManufactureItemDescription />
      <UnitQty>יח`</UnitQty>
      <Quantity>200</Quantity>
      <UnitMeasure>גרם</UnitMeasure>
      <BisWeighted>0</BisWeighted>
      <QtyInPackage>1</QtyInPackage>
      <ItemPrice>15.90</ItemPrice>
      <UnitOfMeasurePrice>7.95</UnitOfMeasurePrice>
      <AllowDiscount>0</AllowDiscount>
      <itemStatus>1</itemStatus>
      <LastUpdateDate />
      <LastUpdateTime />
    </Product>
    <Product>
      <PriceUpdateDate>2017/05/03 09:37</PriceUpdateDate>
      <ItemCode>7290000419220</ItemCode>
      <ItemType>1</ItemType>
      <ItemName>קפה שחור קפה לנדוור (100x3 גרם)</ItemName>
      <ManufactureName>קבוצת אסם סחר שות. מוגבלת</ManufactureName>
      <ManufactureCountry />
      <ManufactureItemDescription />
      <UnitQty>יח`</UnitQty>
      <Quantity>300</Quantity>
      <UnitMeasure>גרם</UnitMeasure>
      <BisWeighted>0</BisWeighted>
      <QtyInPackage>1</QtyInPackage>
      <ItemPrice>22.90</ItemPrice>
      <UnitOfMeasurePrice>7.63</UnitOfMeasurePrice>
      <AllowDiscount>1</AllowDiscount>
      <itemStatus>1</itemStatus>
      <LastUpdateDate />
      <LastUpdateTime />
    </Product>
    <Product>
      <PriceUpdateDate>2015/04/12 18:16</PriceUpdateDate>
      <ItemCode>7290000419374</ItemCode>
      <ItemType>1</ItemType>
      <ItemName>קפה לנדוור לבוקר שלישיה</ItemName>
      <ManufactureName>קבוצת אסם סחר שות. מוגבלת</ManufactureName>
      <ManufactureCountry />
      <ManufactureItemDescription />
      <UnitQty>יח`</UnitQty>
      <Quantity>300</Quantity>
      <UnitMeasure>גרם</UnitMeasure>
      <BisWeighted>0</BisWeighted>
      <QtyInPackage>1</QtyInPackage>
      <ItemPrice>22.90</ItemPrice>
      <UnitOfMeasurePrice>7.63</UnitOfMeasurePrice>
      <AllowDiscount>1</AllowDiscount>
      <itemStatus>1</itemStatus>
      <LastUpdateDate />
      <LastUpdateTime />
    </Product>
    <Product>
      <PriceUpdateDate>2014/06/10 09:38</PriceUpdateDate>
      <ItemCode>7290000419893</ItemCode>
      <ItemType>1</ItemType>
      <ItemName>קפה לנדוור לבוקר 100</ItemName>
      <ManufactureName>קבוצת אסם סחר שות. מוגבלת</ManufactureName>
      <ManufactureCountry />
      <ManufactureItemDescription />
      <UnitQty>יח`</UnitQty>
      <Quantity>100</Quantity>
      <UnitMeasure>גרם</UnitMeasure>
      <BisWeighted>0</BisWeighted>
      <QtyInPackage>1</QtyInPackage>
      <ItemPrice>7.90</ItemPrice>
      <UnitOfMeasurePrice>7.90</UnitOfMeasurePrice>
      <AllowDiscount>0</AllowDiscount>
      <itemStatus>1</itemStatus>
      <LastUpdateDate />
      <LastUpdateTime />
    </Product>
    <Product>
      <PriceUpdateDate>2014/11/09 13:55</PriceUpdateDate>
      <ItemCode>7290000419909</ItemCode>
      <ItemType>1</ItemType>
      <ItemName>קפה לנדוור אספרסו קפה טחון 100</ItemName>
      <ManufactureName>קבוצת אסם סחר שות. מוגבלת</ManufactureName>
      <ManufactureCountry />
      <ManufactureItemDescription />
      <UnitQty>יח`</UnitQty>
      <Quantity>100</Quantity>
      <UnitMeasure>גרם</UnitMeasure>
      <BisWeighted>0</BisWeighted>
      <QtyInPackage>1</QtyInPackage>
      <ItemPrice>7.90</ItemPrice>
      <UnitOfMeasurePrice>7.90</UnitOfMeasurePrice>
      <AllowDiscount>0</AllowDiscount>
      <itemStatus>1</itemStatus>
      <LastUpdateDate />
      <LastUpdateTime />
    </Product>
    <Product>
      <PriceUpdateDate>2015/04/30 10:11</PriceUpdateDate>
      <ItemCode>7290000420325</ItemCode>
      <ItemType>1</ItemType>
      <ItemName>פופקורן פופסטאר חמישייה טבעי</ItemName>
      <ManufactureName>דנשר (1963) בעמ</ManufactureName>
      <ManufactureCountry />
      <ManufactureItemDescription />
      <UnitQty>יח`</UnitQty>
      <Quantity>500</Quantity>
      <UnitMeasure>גרם</UnitMeasure>
      <BisWeighted>0</BisWeighted>
      <QtyInPackage>1</QtyInPackage>
      <ItemPrice>16.90</ItemPrice>
      <UnitOfMeasurePrice>3.38</UnitOfMeasurePrice>
      <AllowDiscount>1</AllowDiscount>
      <itemStatus>1</itemStatus>
      <LastUpdateDate />
      <LastUpdateTime />
    </Product>
    <Product>
      <PriceUpdateDate>2015/04/30 10:11</PriceUpdateDate>
      <ItemCode>7290000420332</ItemCode>
      <ItemType>1</ItemType>
      <ItemName>פופקורן פופסטאר חמישייה חמאה</ItemName>
      <ManufactureName>דנשר (1963) בעמ</ManufactureName>
      <ManufactureCountry />
      <ManufactureItemDescription />
      <UnitQty>יח`</UnitQty>
      <Quantity>500</Quantity>
      <UnitMeasure>גרם</UnitMeasure>
      <BisWeighted>0</BisWeighted>
      <QtyInPackage>1</QtyInPackage>
      <ItemPrice>16.90</ItemPrice>
      <UnitOfMeasurePrice>3.38</UnitOfMeasurePrice>
      <AllowDiscount>1</AllowDiscount>
      <itemStatus>1</itemStatus>
      <LastUpdateDate />
      <LastUpdateTime />
    </Product>
    <Product>
      <PriceUpdateDate>2017/02/06 09:23</PriceUpdateDate>
      <ItemCode>7290000432113</ItemCode>
      <ItemType>1</ItemType>
      <ItemName>נרות שבת 4  יח`פאלאס</ItemName>
      <ManufactureName>פאלאס תעשיות נטו (2014) בעמ</ManufactureName>
      <ManufactureCountry />
      <ManufactureItemDescription />
      <UnitQty>יח`</UnitQty>
      <Quantity>140</Quantity>
      <UnitMeasure>גרם</UnitMeasure>
      <BisWeighted>0</BisWeighted>
      <QtyInPackage>1</QtyInPackage>
      <ItemPrice>3.90</ItemPrice>
      <UnitOfMeasurePrice>2.79</UnitOfMeasurePrice>
      <AllowDiscount>0</AllowDiscount>
      <itemStatus>1</itemStatus>
      <LastUpdateDate />
      <LastUpdateTime />
    </Product>
    <Product>
      <PriceUpdateDate>2017/02/06 11:46</PriceUpdateDate>
      <ItemCode>7290000432335</ItemCode>
      <ItemType>1</ItemType>
      <ItemName>נר נשמה 72 שעות</ItemName>
      <ManufactureName>פאלאס תעשיות נטו (2014) בעמ</ManufactureName>
      <ManufactureCountry />
      <ManufactureItemDescription />
      <UnitQty>יח`</UnitQty>
      <Quantity>1</Quantity>
      <UnitMeasure />
      <BisWeighted>0</BisWeighted>
      <QtyInPackage>1</QtyInPackage>
      <ItemPrice>6.90</ItemPrice>
      <UnitOfMeasurePrice>6.90</UnitOfMeasurePrice>
      <AllowDiscount>0</AllowDiscount>
      <itemStatus>1</itemStatus>
      <LastUpdateDate />
      <LastUpdateTime />
    </Product>
    <Product>
      <PriceUpdateDate>2017/02/06 09:23</PriceUpdateDate>
      <ItemCode>7290000432359</ItemCode>
      <ItemType>1</ItemType>
      <ItemName>נר זכרון לשבוע נר ציון</ItemName>
      <ManufactureName>פאלאס תעשיות נטו (2014) בעמ</ManufactureName>
      <ManufactureCountry />
      <ManufactureItemDescription />
      <UnitQty>יח`</UnitQty>
      <Quantity>1</Quantity>
      <UnitMeasure />
      <BisWeighted>0</BisWeighted>
      <QtyInPackage>1</QtyInPackage>
      <ItemPrice>11.90</ItemPrice>
      <UnitOfMeasurePrice>11.90</UnitOfMeasurePrice>
      <AllowDiscount>0</AllowDiscount>
      <itemStatus>1</itemStatus>
      <LastUpdateDate />
      <LastUpdateTime />
    </Product>
    <Product>
      <PriceUpdateDate>2019/03/26 09:32</PriceUpdateDate>
      <ItemCode>7290000433042</ItemCode>
      <ItemType>1</ItemType>
      <ItemName>מגבונים רפיל 72 סופט סטיק</ItemName>
      <ManufactureName>פאלאס תעשיות נטו (2014) בעמ</ManufactureName>
      <ManufactureCountry />
      <ManufactureItemDescription />
      <UnitQty>יח`</UnitQty>
      <Quantity>1</Quantity>
      <UnitMeasure />
      <BisWeighted>0</BisWeighted>
      <QtyInPackage>1</QtyInPackage>
      <ItemPrice>2.90</ItemPrice>
      <UnitOfMeasurePrice>2.90</UnitOfMeasurePrice>
      <AllowDiscount>0</AllowDiscount>
      <itemStatus>1</itemStatus>
      <LastUpdateDate />
      <LastUpdateTime />
    </Product>
    <Product>
      <PriceUpdateDate>2016/03/13 12:47</PriceUpdateDate>
      <ItemCode>7290000433684</ItemCode>
      <ItemType>1</ItemType>
      <ItemName>משקה מוגז בטעם קולה פפסי (1.5 ליטר)</ItemName>
      <ManufactureName>טמפו משקאות בעמ</ManufactureName>
      <ManufactureCountry />
      <ManufactureItemDescription />
      <UnitQty>יח`</UnitQty>
      <Quantity>1500</Quantity>
      <UnitMeasure>מ"ל</UnitMeasure>
      <BisWeighted>0</BisWeighted>
      <QtyInPackage>1</QtyInPackage>
      <ItemPrice>5.90</ItemPrice>
      <UnitOfMeasurePrice>0.39</UnitOfMeasurePrice>
      <AllowDiscount>1</AllowDiscount>
      <itemStatus>1</itemStatus>
      <LastUpdateDate />
      <LastUpdateTime />
    </Product>
    <Product>
      <PriceUpdateDate>2016/03/13 12:47</PriceUpdateDate>
      <ItemCode>7290000433714</ItemCode>
      <ItemType>1</ItemType>
      <ItemName>משקה מוגז בטעם ליים סבן אפ (1.5 ליטר)</ItemName>
      <ManufactureName>טמפו משקאות בעמ</ManufactureName>
      <ManufactureCountry />
      <ManufactureItemDescription />
      <UnitQty>יח`</UnitQty>
      <Quantity>1500</Quantity>
      <UnitMeasure>מ"ל</UnitMeasure>
      <BisWeighted>0</BisWeighted>
      <QtyInPackage>1</QtyInPackage>
      <ItemPrice>5.90</ItemPrice>
      <UnitOfMeasurePrice>0.39</UnitOfMeasurePrice>
      <AllowDiscount>1</AllowDiscount>
      <itemStatus>1</itemStatus>
      <LastUpdateDate />
      <LastUpdateTime />
    </Product>
    <Product>
      <PriceUpdateDate>2016/03/13 12:47</PriceUpdateDate>
      <ItemCode>7290000433745</ItemCode>
      <ItemType>1</ItemType>
      <ItemName>משקה אורנג` מירנדה (1.5 ליטר)</ItemName>
      <ManufactureName>טמפו משקאות בעמ</ManufactureName>
      <ManufactureCountry />
      <ManufactureItemDescription />
      <UnitQty>יח`</UnitQty>
      <Quantity>1500</Quantity>
      <UnitMeasure>מ"ל</UnitMeasure>
      <BisWeighted>0</BisWeighted>
      <QtyInPackage>1</QtyInPackage>
      <ItemPrice>5.90</ItemPrice>
      <UnitOfMeasurePrice>0.39</UnitOfMeasurePrice>
      <AllowDiscount>1</AllowDiscount>
      <itemStatus>1</itemStatus>
      <LastUpdateDate />
      <LastUpdateTime />
    </Product>
    <Product>
      <PriceUpdateDate>2016/03/13 12:47</PriceUpdateDate>
      <ItemCode>7290000433899</ItemCode>
      <ItemType>1</ItemType>
      <ItemName>פפסי סבן אפ דיאט 1.5 ליטר</ItemName>
      <ManufactureName>טמפו משקאות בעמ</ManufactureName>
      <ManufactureCountry />
      <ManufactureItemDescription />
      <UnitQty>יח`</UnitQty>
      <Quantity>1500</Quantity>
      <UnitMeasure>מ"ל</UnitMeasure>
      <BisWeighted>0</BisWeighted>
      <QtyInPackage>1</QtyInPackage>
      <ItemPrice>5.90</ItemPrice>
      <UnitOfMeasurePrice>0.39</UnitOfMeasurePrice>
      <AllowDiscount>1</AllowDiscount>
      <itemStatus>1</itemStatus>
      <LastUpdateDate />
      <LastUpdateTime />
    </Product>
    <Product>
      <PriceUpdateDate>2015/04/29 10:59</PriceUpdateDate>
      <ItemCode>7290000433974</ItemCode>
      <ItemType>1</ItemType>
      <ItemName>פפסי מקס 1.5 ליטר</ItemName>
      <ManufactureName>טמפו משקאות בעמ</ManufactureName>
      <ManufactureCountry />
      <ManufactureItemDescription />
      <UnitQty>יח`</UnitQty>
      <Quantity>1500</Quantity>
      <UnitMeasure>מ"ל</UnitMeasure>
      <BisWeighted>0</BisWeighted>
      <QtyInPackage>1</QtyInPackage>
      <ItemPrice>5.90</ItemPrice>
      <UnitOfMeasurePrice>0.39</UnitOfMeasurePrice>
      <AllowDiscount>1</AllowDiscount>
      <itemStatus>1</itemStatus>
      <LastUpdateDate />
      <LastUpdateTime />
    </Product>
    <Product>
      <PriceUpdateDate>2015/12/01 18:41</PriceUpdateDate>
      <ItemCode>7290000446523</ItemCode>
      <ItemType>1</ItemType>
      <ItemName>חמאת בוטנים מתוקה בי &amp; די (350 גרם)</ItemName>
      <ManufactureName>בטר אנד דיפרנט בעמ</ManufactureName>
      <ManufactureCountry />
      <ManufactureItemDescription />
      <UnitQty>יח`</UnitQty>
      <Quantity>350</Quantity>
      <UnitMeasure>גרם</UnitMeasure>
      <BisWeighted>0</BisWeighted>
      <QtyInPackage>1</QtyInPackage>
      <ItemPrice>12.90</ItemPrice>
      <UnitOfMeasurePrice>3.69</UnitOfMeasurePrice>
      <AllowDiscount>0</AllowDiscount>
      <itemStatus>1</itemStatus>
      <LastUpdateDate />
      <LastUpdateTime />
    </Product>
    <Product>
      <PriceUpdateDate>2015/12/01 18:41</PriceUpdateDate>
      <ItemCode>7290000446547</ItemCode>
      <ItemType>1</ItemType>
      <ItemName>חמאת בוטנים טבעית בי &amp; די (350 גרם)</ItemName>
      <ManufactureName>בטר אנד דיפרנט בעמ</ManufactureName>
      <ManufactureCountry />
      <ManufactureItemDescription />
      <UnitQty>יח`</UnitQty>
      <Quantity>350</Quantity>
      <UnitMeasure>גרם</UnitMeasure>
      <BisWeighted>0</BisWeighted>
      <QtyInPackage>1</QtyInPackage>
      <ItemPrice>12.90</ItemPrice>
      <UnitOfMeasurePrice>3.69</UnitOfMeasurePrice>
      <AllowDiscount>0</AllowDiscount>
      <itemStatus>1</itemStatus>
      <LastUpdateDate />
      <LastUpdateTime />
    </Product>
    <Product>
      <PriceUpdateDate>2013/12/31 09:50</PriceUpdateDate>
      <ItemCode>7290000446554</ItemCode>
      <ItemType>1</ItemType>
      <ItemName>חמאת בוטנים טבעית בי   די (1 קג)</ItemName>
      <ManufactureName>בטר אנד דיפרנט בעמ</ManufactureName>
      <ManufactureCountry />
      <ManufactureItemDescription />
      <UnitQty>יח`</UnitQty>
      <Quantity>510</Quantity>
      <UnitMeasure>גרם</UnitMeasure>
      <BisWeighted>0</BisWeighted>
      <QtyInPackage>1</QtyInPackage>
      <ItemPrice>25.90</ItemPrice>
      <UnitOfMeasurePrice>5.08</UnitOfMeasurePrice>
      <AllowDiscount>0</AllowDiscount>
      <itemStatus>1</itemStatus>
      <LastUpdateDate />
      <LastUpdateTime />
    </Product>
    <Product>
      <PriceUpdateDate>2015/12/03 09:31</PriceUpdateDate>
      <ItemCode>7290000446745</ItemCode>
      <ItemType>1</ItemType>
      <ItemName>חמאת שקדים 100% 350 גר`</ItemName>
      <ManufactureName>בטר אנד דיפרנט בעמ</ManufactureName>
      <ManufactureCountry />
      <ManufactureItemDescription />
      <UnitQty>יח`</UnitQty>
      <Quantity>1</Quantity>
      <UnitMeasure />
      <BisWeighted>0</BisWeighted>
      <QtyInPackage>1</QtyInPackage>
      <ItemPrice>44.90</ItemPrice>
      <UnitOfMeasurePrice>44.90</UnitOfMeasurePrice>
      <AllowDiscount>0</AllowDiscount>
      <itemStatus>1</itemStatus>
      <LastUpdateDate />
      <LastUpdateTime />
    </Product>
    <Product>
      <PriceUpdateDate>2015/11/29 15:17</PriceUpdateDate>
      <ItemCode>7290000453019</ItemCode>
      <ItemType>1</ItemType>
      <ItemName>שמרים טריים שמרית (50 גרם)</ItemName>
      <ManufactureName>שטראוס גרופ בעמ/מצונן</ManufactureName>
      <ManufactureCountry />
      <ManufactureItemDescription />
      <UnitQty>יח`</UnitQty>
      <Quantity>50</Quantity>
      <UnitMeasure>גרם</UnitMeasure>
      <BisWeighted>0</BisWeighted>
      <QtyInPackage>1</QtyInPackage>
      <ItemPrice>4.50</ItemPrice>
      <UnitOfMeasurePrice>9</UnitOfMeasurePrice>
      <AllowDiscount>0</AllowDiscount>
      <itemStatus>1</itemStatus>
      <LastUpdateDate />
      <LastUpdateTime />
    </Product>
    <Product>
      <PriceUpdateDate>2017/08/09 14:10</PriceUpdateDate>
      <ItemCode>7290000453798</ItemCode>
      <ItemType>1</ItemType>
      <ItemName>שמרים אקטיבים שימרית 500 גר`</ItemName>
      <ManufactureName>שטראוס גרופ בעמ</ManufactureName>
      <ManufactureCountry />
      <ManufactureItemDescription />
      <UnitQty>יח`</UnitQty>
      <Quantity>500</Quantity>
      <UnitMeasure>גרם</UnitMeasure>
      <BisWeighted>0</BisWeighted>
      <QtyInPackage>1</QtyInPackage>
      <ItemPrice>15.90</ItemPrice>
      <UnitOfMeasurePrice>3.18</UnitOfMeasurePrice>
      <AllowDiscount>0</AllowDiscount>
      <itemStatus>1</itemStatus>
      <LastUpdateDate />
      <LastUpdateTime />
    </Product>
    <Product>
      <PriceUpdateDate>2017/11/07 08:11</PriceUpdateDate>
      <ItemCode>7290000453866</ItemCode>
      <ItemType>1</ItemType>
      <ItemName>נטורינה קוקוס 200  גר`שמרית</ItemName>
      <ManufactureName>שטראוס גרופ בעמ/מצונן</ManufactureName>
      <ManufactureCountry />
      <ManufactureItemDescription />
      <UnitQty>יח`</UnitQty>
      <Quantity>200</Quantity>
      <UnitMeasure>גרם</UnitMeasure>
      <BisWeighted>0</BisWeighted>
      <QtyInPackage>1</QtyInPackage>
      <ItemPrice>6.90</ItemPrice>
      <UnitOfMeasurePrice>3.45</UnitOfMeasurePrice>
      <AllowDiscount>0</AllowDiscount>
      <itemStatus>1</itemStatus>
      <LastUpdateDate />
      <LastUpdateTime />
    </Product>
    <Product>
      <PriceUpdateDate>2016/04/20 08:15</PriceUpdateDate>
      <ItemCode>7290000453880</ItemCode>
      <ItemType>1</ItemType>
      <ItemName>מרגרינה ללא מלח לאפיה ובישול -שמרית</ItemName>
      <ManufactureName>שטראוס גרופ בעמ/מצונן</ManufactureName>
      <ManufactureCountry />
      <ManufactureItemDescription />
      <UnitQty>יח`</UnitQty>
      <Quantity>200</Quantity>
      <UnitMeasure>גרם</UnitMeasure>
      <BisWeighted>0</BisWeighted>
      <QtyInPackage>1</QtyInPackage>
      <ItemPrice>4.90</ItemPrice>
      <UnitOfMeasurePrice>2.45</UnitOfMeasurePrice>
      <AllowDiscount>0</AllowDiscount>
      <itemStatus>1</itemStatus>
      <LastUpdateDate />
      <LastUpdateTime />
    </Product>
    <Product>
      <PriceUpdateDate>2016/04/20 08:15</PriceUpdateDate>
      <ItemCode>7290000453897</ItemCode>
      <ItemType>1</ItemType>
      <ItemName>מרגרינה בטעם חמאה -שמרית</ItemName>
      <ManufactureName>שטראוס גרופ בעמ/מצונן</ManufactureName>
      <ManufactureCountry />
      <ManufactureItemDescription />
      <UnitQty>יח`</UnitQty>
      <Quantity>200</Quantity>
      <UnitMeasure>גרם</UnitMeasure>
      <BisWeighted>0</BisWeighted>
      <QtyInPackage>1</QtyInPackage>
      <ItemPrice>4.90</ItemPrice>
      <UnitOfMeasurePrice>2.45</UnitOfMeasurePrice>
      <AllowDiscount>0</AllowDiscount>
      <itemStatus>1</itemStatus>
      <LastUpdateDate />
      <LastUpdateTime />
    </Product>
    <Product>
      <PriceUpdateDate>2015/12/01 10:59</PriceUpdateDate>
      <ItemCode>7290000461625</ItemCode>
      <ItemType>1</ItemType>
      <ItemName>בייגלה שמונה שמונה 400 גר`</ItemName>
      <ManufactureName>יוניליוור ישראל שיווק בעמ</ManufactureName>
      <ManufactureCountry />
      <ManufactureItemDescription />
      <UnitQty>יח`</UnitQty>
      <Quantity>400</Quantity>
      <UnitMeasure>גרם</UnitMeasure>
      <BisWeighted>0</BisWeighted>
      <QtyInPackage>1</QtyInPackage>
      <ItemPrice>10.90</ItemPrice>
      <UnitOfMeasurePrice>2.73</UnitOfMeasurePrice>
      <AllowDiscount>1</AllowDiscount>
      <itemStatus>1</itemStatus>
      <LastUpdateDate />
      <LastUpdateTime />
    </Product>
    <Product>
      <PriceUpdateDate>2014/06/29 14:29</PriceUpdateDate>
      <ItemCode>7290000461700</ItemCode>
      <ItemType>1</ItemType>
      <ItemName>גדול גדול 400</ItemName>
      <ManufactureName>יוניליוור ישראל שיווק בעמ</ManufactureName>
      <ManufactureCountry />
      <ManufactureItemDescription />
      <UnitQty>יח`</UnitQty>
      <Quantity>400</Quantity>
      <UnitMeasure>גרם</UnitMeasure>
      <BisWeighted>0</BisWeighted>
      <QtyInPackage>1</QtyInPackage>
      <ItemPrice>12.90</ItemPrice>
      <UnitOfMeasurePrice>3.23</UnitOfMeasurePrice>
      <AllowDiscount>0</AllowDiscount>
      <itemStatus>1</itemStatus>
      <LastUpdateDate />
      <LastUpdateTime />
    </Product>
    <Product>
      <PriceUpdateDate>2015/12/01 10:59</PriceUpdateDate>
      <ItemCode>7290000461793</ItemCode>
      <ItemType>1</ItemType>
      <ItemName>מקלות  ארוך- 150 גרם</ItemName>
      <ManufactureName>יוניליוור ישראל שיווק בעמ</ManufactureName>
      <ManufactureCountry />
      <ManufactureItemDescription />
      <UnitQty>יח`</UnitQty>
      <Quantity>150</Quantity>
      <UnitMeasure>גרם</UnitMeasure>
      <BisWeighted>0</BisWeighted>
      <QtyInPackage>1</QtyInPackage>
      <ItemPrice>5.90</ItemPrice>
      <UnitOfMeasurePrice>3.93</UnitOfMeasurePrice>
      <AllowDiscount>0</AllowDiscount>
      <itemStatus>1</itemStatus>
      <LastUpdateDate />
      <LastUpdateTime />
    </Product>
    <Product>
      <PriceUpdateDate>2017/02/08 08:23</PriceUpdateDate>
      <ItemCode>7290000462103</ItemCode>
      <ItemType>1</ItemType>
      <ItemName>סחוג תימני</ItemName>
      <ManufactureName>שטראוס גרופ בעמ/מצונן</ManufactureName>
      <ManufactureCountry />
      <ManufactureItemDescription />
      <UnitQty>יח`</UnitQty>
      <Quantity>150</Quantity>
      <UnitMeasure>גרם</UnitMeasure>
      <BisWeighted>0</BisWeighted>
      <QtyInPackage>1</QtyInPackage>
      <ItemPrice>7.90</ItemPrice>
      <UnitOfMeasurePrice>5.27</UnitOfMeasurePrice>
      <AllowDiscount>0</AllowDiscount>
      <itemStatus>1</itemStatus>
      <LastUpdateDate />
      <LastUpdateTime />
    </Product>
    <Product>
      <PriceUpdateDate>2015/09/16 13:21</PriceUpdateDate>
      <ItemCode>7290000462141</ItemCode>
      <ItemType>1</ItemType>
      <ItemName>סחוג תימני</ItemName>
      <ManufactureName>שטראוס גרופ בעמ/מצונן</ManufactureName>
      <ManufactureCountry />
      <ManufactureItemDescription />
      <UnitQty>יח`</UnitQty>
      <Quantity>150</Quantity>
      <UnitMeasure>גרם</UnitMeasure>
      <BisWeighted>0</BisWeighted>
      <QtyInPackage>1</QtyInPackage>
      <ItemPrice>7.90</ItemPrice>
      <UnitOfMeasurePrice>5.27</UnitOfMeasurePrice>
      <AllowDiscount>0</AllowDiscount>
      <itemStatus>1</itemStatus>
      <LastUpdateDate />
      <LastUpdateTime />
    </Product>
    <Product>
      <PriceUpdateDate>2017/02/08 08:23</PriceUpdateDate>
      <ItemCode>7290000462172</ItemCode>
      <ItemType>1</ItemType>
      <ItemName>סחוג זחוק ירוק תימני חריף זהבי (150 גרם)</ItemName>
      <ManufactureName>שטראוס גרופ בעמ/מצונן</ManufactureName>
      <ManufactureCountry />
      <ManufactureItemDescription />
      <UnitQty>יח`</UnitQty>
      <Quantity>140</Quantity>
      <UnitMeasure>גרם</UnitMeasure>
      <BisWeighted>0</BisWeighted>
      <QtyInPackage>1</QtyInPackage>
      <ItemPrice>7.90</ItemPrice>
      <UnitOfMeasurePrice>5.64</UnitOfMeasurePrice>
      <AllowDiscount>0</AllowDiscount>
      <itemStatus>1</itemStatus>
      <LastUpdateDate />
      <LastUpdateTime />
    </Product>
    <Product>
      <PriceUpdateDate>2015/12/01 08:27</PriceUpdateDate>
      <ItemCode>7290000463124</ItemCode>
      <ItemType>1</ItemType>
      <ItemName>זיתים ירוקים גדול בית השיטה (560 גרם)</ItemName>
      <ManufactureName>קבוצת אסם סחר שות. מוגבלת</ManufactureName>
      <ManufactureCountry />
      <ManufactureItemDescription />
      <UnitQty>יח`</UnitQty>
      <Quantity>560</Quantity>
      <UnitMeasure>גרם</UnitMeasure>
      <BisWeighted>0</BisWeighted>
      <QtyInPackage>1</QtyInPackage>
      <ItemPrice>9.90</ItemPrice>
      <UnitOfMeasurePrice>1.77</UnitOfMeasurePrice>
      <AllowDiscount>0</AllowDiscount>
      <itemStatus>1</itemStatus>
      <LastUpdateDate />
      <LastUpdateTime />
    </Product>
    <Product>
      <PriceUpdateDate>2015/12/01 08:27</PriceUpdateDate>
      <ItemCode>7290000464435</ItemCode>
      <ItemType>1</ItemType>
      <ItemName>חרוזית מושחר A2</ItemName>
      <ManufactureName>קבוצת אסם סחר שות. מוגבלת</ManufactureName>
      <ManufactureCountry />
      <ManufactureItemDescription />
      <UnitQty>יח`</UnitQty>
      <Quantity>560</Quantity>
      <UnitMeasure>גרם</UnitMeasure>
      <BisWeighted>0</BisWeighted>
      <QtyInPackage>1</QtyInPackage>
      <ItemPrice>10.90</ItemPrice>
      <UnitOfMeasurePrice>1.95</UnitOfMeasurePrice>
      <AllowDiscount>0</AllowDiscount>
      <itemStatus>1</itemStatus>
      <LastUpdateDate />
      <LastUpdateTime />
    </Product>
    <Product>
      <PriceUpdateDate>2014/07/10 12:05</PriceUpdateDate>
      <ItemCode>7290000464459</ItemCode>
      <ItemType>1</ItemType>
      <ItemName>קוקטייל זיתים בית השיטה (560 גרם)</ItemName>
      <ManufactureName>קבוצת אסם סחר שות. מוגבלת</ManufactureName>
      <ManufactureCountry />
      <ManufactureItemDescription />
      <UnitQty>יח`</UnitQty>
      <Quantity>560</Quantity>
      <UnitMeasure>גרם</UnitMeasure>
      <BisWeighted>0</BisWeighted>
      <QtyInPackage>1</QtyInPackage>
      <ItemPrice>11.90</ItemPrice>
      <UnitOfMeasurePrice>2.13</UnitOfMeasurePrice>
      <AllowDiscount>0</AllowDiscount>
      <itemStatus>1</itemStatus>
      <LastUpdateDate />
      <LastUpdateTime />
    </Product>
    <Product>
      <PriceUpdateDate>2013/12/31 09:51</PriceUpdateDate>
      <ItemCode>7290000464992</ItemCode>
      <ItemType>1</ItemType>
      <ItemName>זיתים מושחרים טבעות בית השיטה (560 גרם)</ItemName>
      <ManufactureName>קבוצת אסם סחר שות. מוגבלת</ManufactureName>
      <ManufactureCountry />
      <ManufactureItemDescription />
      <UnitQty>יח`</UnitQty>
      <Quantity>560</Quantity>
      <UnitMeasure>גרם</UnitMeasure>
      <BisWeighted>0</BisWeighted>
      <QtyInPackage>1</QtyInPackage>
      <ItemPrice>10.90</ItemPrice>
      <UnitOfMeasurePrice>1.95</UnitOfMeasurePrice>
      <AllowDiscount>0</AllowDiscount>
      <itemStatus>1</itemStatus>
      <LastUpdateDate />
      <LastUpdateTime />
    </Product>
    <Product>
      <PriceUpdateDate>2015/12/01 08:27</PriceUpdateDate>
      <ItemCode>7290000466170</ItemCode>
      <ItemType>1</ItemType>
      <ItemName>מלפפון במלח 10-12 A2</ItemName>
      <ManufactureName>קבוצת אסם סחר שות. מוגבלת</ManufactureName>
      <ManufactureCountry />
      <ManufactureItemDescription />
      <UnitQty>יח`</UnitQty>
      <Quantity>540</Quantity>
      <UnitMeasure>גרם</UnitMeasure>
      <BisWeighted>0</BisWeighted>
      <QtyInPackage>1</QtyInPackage>
      <ItemPrice>7.90</ItemPrice>
      <UnitOfMeasurePrice>1.46</UnitOfMeasurePrice>
      <AllowDiscount>0</AllowDiscount>
      <itemStatus>1</itemStatus>
      <LastUpdateDate />
      <LastUpdateTime />
    </Product>
    <Product>
      <PriceUpdateDate>2015/12/01 08:27</PriceUpdateDate>
      <ItemCode>7290000466187</ItemCode>
      <ItemType>1</ItemType>
      <ItemName>מלפפון במלח 13-17 A2</ItemName>
      <ManufactureName>קבוצת אסם סחר שות. מוגבלת</ManufactureName>
      <ManufactureCountry />
      <ManufactureItemDescription />
      <UnitQty>יח`</UnitQty>
      <Quantity>320</Quantity>
      <UnitMeasure>גרם</UnitMeasure>
      <BisWeighted>0</BisWeighted>
      <QtyInPackage>1</QtyInPackage>
      <ItemPrice>9.90</ItemPrice>
      <UnitOfMeasurePrice>3.09</UnitOfMeasurePrice>
      <AllowDiscount>0</AllowDiscount>
      <itemStatus>1</itemStatus>
      <LastUpdateDate />
      <LastUpdateTime />
    </Product>
    <Product>
      <PriceUpdateDate>2014/11/09 13:55</PriceUpdateDate>
      <ItemCode>7290000466910</ItemCode>
      <ItemType>1</ItemType>
      <ItemName>מלפפון במלח בלאדי 13-17</ItemName>
      <ManufactureName>קבוצת אסם סחר שות. מוגבלת</ManufactureName>
      <ManufactureCountry />
      <ManufactureItemDescription />
      <UnitQty>יח`</UnitQty>
      <Quantity>340</Quantity>
      <UnitMeasure>גרם</UnitMeasure>
      <BisWeighted>0</BisWeighted>
      <QtyInPackage>1</QtyInPackage>
      <ItemPrice>9.90</ItemPrice>
      <UnitOfMeasurePrice>2.91</UnitOfMeasurePrice>
      <AllowDiscount>0</AllowDiscount>
      <itemStatus>1</itemStatus>
      <LastUpdateDate />
      <LastUpdateTime />
    </Product>
    <Product>
      <PriceUpdateDate>2018/01/31 10:43</PriceUpdateDate>
      <ItemCode>7290000467153</ItemCode>
      <ItemType>1</ItemType>
      <ItemName>חומוס צבר סמיר הגדול</ItemName>
      <ManufactureName>קבוצת אסם סחר שות. מוגבלת</ManufactureName>
      <ManufactureCountry />
      <ManufactureItemDescription />
      <UnitQty>יח`</UnitQty>
      <Quantity>400</Quantity>
      <UnitMeasure>גרם</UnitMeasure>
      <BisWeighted>0</BisWeighted>
      <QtyInPackage>1</QtyInPackage>
      <ItemPrice>13.90</ItemPrice>
      <UnitOfMeasurePrice>3.48</UnitOfMeasurePrice>
      <AllowDiscount>1</AllowDiscount>
      <itemStatus>1</itemStatus>
      <LastUpdateDate />
      <LastUpdateTime />
    </Product>
    <Product>
      <PriceUpdateDate>2016/06/28 11:33</PriceUpdateDate>
      <ItemCode>7290000467160</ItemCode>
      <ItemType>1</ItemType>
      <ItemName>מלפפון בחומץ 7-9 A2</ItemName>
      <ManufactureName>קבוצת אסם סחר שות. מוגבלת</ManufactureName>
      <ManufactureCountry />
      <ManufactureItemDescription />
      <UnitQty>יח`</UnitQty>
      <Quantity>560</Quantity>
      <UnitMeasure>גרם</UnitMeasure>
      <BisWeighted>0</BisWeighted>
      <QtyInPackage>1</QtyInPackage>
      <ItemPrice>6.90</ItemPrice>
      <UnitOfMeasurePrice>1.23</UnitOfMeasurePrice>
      <AllowDiscount>0</AllowDiscount>
      <itemStatus>1</itemStatus>
      <LastUpdateDate />
      <LastUpdateTime />
    </Product>
    <Product>
      <PriceUpdateDate>2015/12/01 08:27</PriceUpdateDate>
      <ItemCode>7290000467177</ItemCode>
      <ItemType>1</ItemType>
      <ItemName>מלפפון בחומץ 10-12 A2</ItemName>
      <ManufactureName>קבוצת אסם סחר שות. מוגבלת</ManufactureName>
      <ManufactureCountry />
      <ManufactureItemDescription />
      <UnitQty>יח`</UnitQty>
      <Quantity>290</Quantity>
      <UnitMeasure>גרם</UnitMeasure>
      <BisWeighted>0</BisWeighted>
      <QtyInPackage>1</QtyInPackage>
      <ItemPrice>7.90</ItemPrice>
      <UnitOfMeasurePrice>2.72</UnitOfMeasurePrice>
      <AllowDiscount>0</AllowDiscount>
      <itemStatus>1</itemStatus>
      <LastUpdateDate />
      <LastUpdateTime />
    </Product>
    <Product>
      <PriceUpdateDate>2015/12/01 08:27</PriceUpdateDate>
      <ItemCode>7290000467184</ItemCode>
      <ItemType>1</ItemType>
      <ItemName>מלפפון בחומץ 13-17 A2</ItemName>
      <ManufactureName>קבוצת אסם סחר שות. מוגבלת</ManufactureName>
      <ManufactureCountry />
      <ManufactureItemDescription />
      <UnitQty>יח`</UnitQty>
      <Quantity>320</Quantity>
      <UnitMeasure>גרם</UnitMeasure>
      <BisWeighted>0</BisWeighted>
      <QtyInPackage>1</QtyInPackage>
      <ItemPrice>9.90</ItemPrice>
      <UnitOfMeasurePrice>3.09</UnitOfMeasurePrice>
      <AllowDiscount>0</AllowDiscount>
      <itemStatus>1</itemStatus>
      <LastUpdateDate />
      <LastUpdateTime />
    </Product>
    <Product>
      <PriceUpdateDate>2015/12/01 08:27</PriceUpdateDate>
      <ItemCode>7290000467191</ItemCode>
      <ItemType>1</ItemType>
      <ItemName>מלפפון בחומץ 18-25 A2</ItemName>
      <ManufactureName>קבוצת אסם סחר שות. מוגבלת</ManufactureName>
      <ManufactureCountry />
      <ManufactureItemDescription />
      <UnitQty>יח`</UnitQty>
      <Quantity>320</Quantity>
      <UnitMeasure>גרם</UnitMeasure>
      <BisWeighted>0</BisWeighted>
      <QtyInPackage>1</QtyInPackage>
      <ItemPrice>10.90</ItemPrice>
      <UnitOfMeasurePrice>3.41</UnitOfMeasurePrice>
      <AllowDiscount>0</AllowDiscount>
      <itemStatus>1</itemStatus>
      <LastUpdateDate />
      <LastUpdateTime />
    </Product>
    <Product>
      <PriceUpdateDate>2018/01/31 10:43</PriceUpdateDate>
      <ItemCode>7290000467320</ItemCode>
      <ItemType>1</ItemType>
      <ItemName>חומוס צבר אבו מרוואן</ItemName>
      <ManufactureName>קבוצת אסם סחר שות. מוגבלת</ManufactureName>
      <ManufactureCountry />
      <ManufactureItemDescription />
      <UnitQty>יח`</UnitQty>
      <Quantity>400</Quantity>
      <UnitMeasure>גרם</UnitMeasure>
      <BisWeighted>0</BisWeighted>
      <QtyInPackage>1</QtyInPackage>
      <ItemPrice>13.90</ItemPrice>
      <UnitOfMeasurePrice>3.48</UnitOfMeasurePrice>
      <AllowDiscount>1</AllowDiscount>
      <itemStatus>1</itemStatus>
      <LastUpdateDate />
      <LastUpdateTime />
    </Product>
    <Product>
      <PriceUpdateDate>2015/12/01 08:27</PriceUpdateDate>
      <ItemCode>7290000468167</ItemCode>
      <ItemType>1</ItemType>
      <ItemName>פלפל חריף כבוש שיפקה בית השיטה (560 גרם)</ItemName>
      <ManufactureName>קבוצת אסם סחר שות. מוגבלת</ManufactureName>
      <ManufactureCountry />
      <ManufactureItemDescription />
      <UnitQty>יח`</UnitQty>
      <Quantity>230</Quantity>
      <UnitMeasure>גרם</UnitMeasure>
      <BisWeighted>0</BisWeighted>
      <QtyInPackage>1</QtyInPackage>
      <ItemPrice>6.90</ItemPrice>
      <UnitOfMeasurePrice>3</UnitOfMeasurePrice>
      <AllowDiscount>0</AllowDiscount>
      <itemStatus>1</itemStatus>
      <LastUpdateDate />
      <LastUpdateTime />
    </Product>
    <Product>
      <PriceUpdateDate>2019/06/16 10:51</PriceUpdateDate>
      <ItemCode>7290000474021</ItemCode>
      <ItemType>1</ItemType>
      <ItemName>חלב 3% בשקית טרה (1  ליטר)פיקוח</ItemName>
      <ManufactureName>החב` המרכזית - טרה</ManufactureName>
      <ManufactureCountry />
      <ManufactureItemDescription />
      <UnitQty>יח`</UnitQty>
      <Quantity>1</Quantity>
      <UnitMeasure>1 ליטר</UnitMeasure>
      <BisWeighted>0</BisWeighted>
      <QtyInPackage>1</QtyInPackage>
      <ItemPrice>5.17</ItemPrice>
      <UnitOfMeasurePrice>5.17</UnitOfMeasurePrice>
      <AllowDiscount>0</AllowDiscount>
      <itemStatus>1</itemStatus>
      <LastUpdateDate />
      <LastUpdateTime />
    </Product>
    <Product>
      <PriceUpdateDate>2019/06/16 10:51</PriceUpdateDate>
      <ItemCode>7290000474090</ItemCode>
      <ItemType>1</ItemType>
      <ItemName>חלב 1% בקרטון טרה (1  ליטר)פ</ItemName>
      <ManufactureName>החב` המרכזית - טרה</ManufactureName>
      <ManufactureCountry />
      <ManufactureItemDescription />
      <UnitQty>יח`</UnitQty>
      <Quantity>1</Quantity>
      <UnitMeasure>1 ליטר</UnitMeasure>
      <BisWeighted>0</BisWeighted>
      <QtyInPackage>1</QtyInPackage>
      <ItemPrice>5.59</ItemPrice>
      <UnitOfMeasurePrice>5.59</UnitOfMeasurePrice>
      <AllowDiscount>0</AllowDiscount>
      <itemStatus>1</itemStatus>
      <LastUpdateDate />
      <LastUpdateTime />
    </Product>
    <Product>
      <PriceUpdateDate>2019/06/16 10:51</PriceUpdateDate>
      <ItemCode>7290000474373</ItemCode>
      <ItemType>1</ItemType>
      <ItemName>שמנת חמוצה 15% טרה (200 מל)</ItemName>
      <ManufactureName>החב` המרכזית - טרה</ManufactureName>
      <ManufactureCountry />
      <ManufactureItemDescription />
      <UnitQty>יח`</UnitQty>
      <Quantity>200</Quantity>
      <UnitMeasure>מ"ל</UnitMeasure>
      <BisWeighted>0</BisWeighted>
      <QtyInPackage>1</QtyInPackage>
      <ItemPrice>2.28</ItemPrice>
      <UnitOfMeasurePrice>1.14</UnitOfMeasurePrice>
      <AllowDiscount>0</AllowDiscount>
      <itemStatus>1</itemStatus>
      <LastUpdateDate />
      <LastUpdateTime />
    </Product>
    <Product>
      <PriceUpdateDate>2019/06/16 10:51</PriceUpdateDate>
      <ItemCode>7290000474502</ItemCode>
      <ItemType>1</ItemType>
      <ItemName>גבינה לבנה 5% 250 גר` פיקוח</ItemName>
      <ManufactureName>החב` המרכזית - טרה</ManufactureName>
      <ManufactureCountry />
      <ManufactureItemDescription />
      <UnitQty>יח`</UnitQty>
      <Quantity>250</Quantity>
      <UnitMeasure>גרם</UnitMeasure>
      <BisWeighted>0</BisWeighted>
      <QtyInPackage>1</QtyInPackage>
      <ItemPrice>4.75</ItemPrice>
      <UnitOfMeasurePrice>1.90</UnitOfMeasurePrice>
      <AllowDiscount>1</AllowDiscount>
      <itemStatus>1</itemStatus>
      <LastUpdateDate />
      <LastUpdateTime />
    </Product>
    <Product>
      <PriceUpdateDate>2018/10/07 20:11</PriceUpdateDate>
      <ItemCode>7290000474540</ItemCode>
      <ItemType>1</ItemType>
      <ItemName>גבינת טוב טעם</ItemName>
      <ManufactureName>החב` המרכזית - טרה</ManufactureName>
      <ManufactureCountry />
      <ManufactureItemDescription />
      <UnitQty>יח`</UnitQty>
      <Quantity>250</Quantity>
      <UnitMeasure>גרם</UnitMeasure>
      <BisWeighted>0</BisWeighted>
      <QtyInPackage>1</QtyInPackage>
      <ItemPrice>10.90</ItemPrice>
      <UnitOfMeasurePrice>4.36</UnitOfMeasurePrice>
      <AllowDiscount>1</AllowDiscount>
      <itemStatus>1</itemStatus>
      <LastUpdateDate />
      <LastUpdateTime />
    </Product>
    <Product>
      <PriceUpdateDate>2015/09/29 08:56</PriceUpdateDate>
      <ItemCode>7290000474830</ItemCode>
      <ItemType>1</ItemType>
      <ItemName>גבינה צהובה מגורדת 28% נעם (500 גרם)</ItemName>
      <ManufactureName>החב` המרכזית - טרה</ManufactureName>
      <ManufactureCountry />
      <ManufactureItemDescription />
      <UnitQty>יח`</UnitQty>
      <Quantity>500</Quantity>
      <UnitMeasure>גרם</UnitMeasure>
      <BisWeighted>0</BisWeighted>
      <QtyInPackage>1</QtyInPackage>
      <ItemPrice>32.90</ItemPrice>
      <UnitOfMeasurePrice>6.58</UnitOfMeasurePrice>
      <AllowDiscount>1</AllowDiscount>
      <itemStatus>1</itemStatus>
      <LastUpdateDate />
      <LastUpdateTime />
    </Product>
    <Product>
      <PriceUpdateDate>2018/02/09 10:14</PriceUpdateDate>
      <ItemCode>7290000480107</ItemCode>
      <ItemType>1</ItemType>
      <ItemName>שיבולת שועל קוואקר (500 גרם)</ItemName>
      <ManufactureName>שטראוס פריטו ליי בעמ</ManufactureName>
      <ManufactureCountry />
      <ManufactureItemDescription />
      <UnitQty>יח`</UnitQty>
      <Quantity>500</Quantity>
      <UnitMeasure>גרם</UnitMeasure>
      <BisWeighted>0</BisWeighted>
      <QtyInPackage>1</QtyInPackage>
      <ItemPrice>11.90</ItemPrice>
      <UnitOfMeasurePrice>2.38</UnitOfMeasurePrice>
      <AllowDiscount>1</AllowDiscount>
      <itemStatus>1</itemStatus>
      <LastUpdateDate />
      <LastUpdateTime />
    </Product>
    <Product>
      <PriceUpdateDate>2020/04/20 10:24</PriceUpdateDate>
      <ItemCode>7290000481029</ItemCode>
      <ItemType>1</ItemType>
      <ItemName>10 פיתות בטעם ביתי דגנית עין בר</ItemName>
      <ManufactureName>דגנית עין בר תעשיות מזון ואפיה</ManufactureName>
      <ManufactureCountry />
      <ManufactureItemDescription />
      <UnitQty>יח`</UnitQty>
      <Quantity>1000</Quantity>
      <UnitMeasure>גרם</UnitMeasure>
      <BisWeighted>0</BisWeighted>
      <QtyInPackage>1</QtyInPackage>
      <ItemPrice>9.90</ItemPrice>
      <UnitOfMeasurePrice>0.99</UnitOfMeasurePrice>
      <AllowDiscount>0</AllowDiscount>
      <itemStatus>1</itemStatus>
      <LastUpdateDate />
      <LastUpdateTime />
    </Product>
    <Product>
      <PriceUpdateDate>2015/05/28 11:38</PriceUpdateDate>
      <ItemCode>7290000481883</ItemCode>
      <ItemType>1</ItemType>
      <ItemName>לחמניות אצבע דגנית עין בר (10)</ItemName>
      <ManufactureName>דגנית עין בר תעשיות מזון ואפיה</ManufactureName>
      <ManufactureCountry />
      <ManufactureItemDescription />
      <UnitQty>יח`</UnitQty>
      <Quantity>750</Quantity>
      <UnitMeasure>גרם</UnitMeasure>
      <BisWeighted>0</BisWeighted>
      <QtyInPackage>1</QtyInPackage>
      <ItemPrice>11.90</ItemPrice>
      <UnitOfMeasurePrice>1.59</UnitOfMeasurePrice>
      <AllowDiscount>1</AllowDiscount>
      <itemStatus>1</itemStatus>
      <LastUpdateDate />
      <LastUpdateTime />
    </Product>
    <Product>
      <PriceUpdateDate>2015/12/28 08:17</PriceUpdateDate>
      <ItemCode>7290000482019</ItemCode>
      <ItemType>1</ItemType>
      <ItemName>קוקי רגיל שקיות צליה 10 יח</ItemName>
      <ManufactureName>ש.שסטוביץ בעמ</ManufactureName>
      <ManufactureCountry />
      <ManufactureItemDescription />
      <UnitQty>יח`</UnitQty>
      <Quantity>1</Quantity>
      <UnitMeasure />
      <BisWeighted>0</BisWeighted>
      <QtyInPackage>1</QtyInPackage>
      <ItemPrice>12.90</ItemPrice>
      <UnitOfMeasurePrice>12.90</UnitOfMeasurePrice>
      <AllowDiscount>0</AllowDiscount>
      <itemStatus>1</itemStatus>
      <LastUpdateDate />
      <LastUpdateTime />
    </Product>
    <Product>
      <PriceUpdateDate>2015/12/28 08:17</PriceUpdateDate>
      <ItemCode>7290000482033</ItemCode>
      <ItemType>1</ItemType>
      <ItemName>קוקי ענק שקיות צליה 5 יח</ItemName>
      <ManufactureName>ש.שסטוביץ בעמ</ManufactureName>
      <ManufactureCountry />
      <ManufactureItemDescription />
      <UnitQty>יח`</UnitQty>
      <Quantity>1</Quantity>
      <UnitMeasure />
      <BisWeighted>0</BisWeighted>
      <QtyInPackage>1</QtyInPackage>
      <ItemPrice>12.90</ItemPrice>
      <UnitOfMeasurePrice>12.90</UnitOfMeasurePrice>
      <AllowDiscount>0</AllowDiscount>
      <itemStatus>1</itemStatus>
      <LastUpdateDate />
      <LastUpdateTime />
    </Product>
    <Product>
      <PriceUpdateDate>2016/11/08 12:29</PriceUpdateDate>
      <ItemCode>7290000484716</ItemCode>
      <ItemType>1</ItemType>
      <ItemName>אלוף הארק 50% 700 מל</ItemName>
      <ManufactureName>יקב הגליל שיווק בעמ</ManufactureName>
      <ManufactureCountry />
      <ManufactureItemDescription />
      <UnitQty>יח`</UnitQty>
      <Quantity>700</Quantity>
      <UnitMeasure>מ"ל</UnitMeasure>
      <BisWeighted>0</BisWeighted>
      <QtyInPackage>1</QtyInPackage>
      <ItemPrice>66.90</ItemPrice>
      <UnitOfMeasurePrice>9.51</UnitOfMeasurePrice>
      <AllowDiscount>0</AllowDiscount>
      <itemStatus>1</itemStatus>
      <LastUpdateDate />
      <LastUpdateTime />
    </Product>
    <Product>
      <PriceUpdateDate>2019/05/17 10:39</PriceUpdateDate>
      <ItemCode>7290000484747</ItemCode>
      <ItemType>1</ItemType>
      <ItemName>עלית הארק יקב הגליל (700 מל)</ItemName>
      <ManufactureName>יקב הגליל שיווק בעמ</ManufactureName>
      <ManufactureCountry />
      <ManufactureItemDescription />
      <UnitQty>יח`</UnitQty>
      <Quantity>750</Quantity>
      <UnitMeasure>מ"ל</UnitMeasure>
      <BisWeighted>0</BisWeighted>
      <QtyInPackage>1</QtyInPackage>
      <ItemPrice>59.90</ItemPrice>
      <UnitOfMeasurePrice>7.95</UnitOfMeasurePrice>
      <AllowDiscount>0</AllowDiscount>
      <itemStatus>1</itemStatus>
      <LastUpdateDate />
      <LastUpdateTime />
    </Product>
    <Product>
      <PriceUpdateDate>2013/12/31 09:51</PriceUpdateDate>
      <ItemCode>7290000490601</ItemCode>
      <ItemType>1</ItemType>
      <ItemName>מאגדת מצופה דיאט שמינייה</ItemName>
      <ManufactureName>פלקו בעמ</ManufactureName>
      <ManufactureCountry />
      <ManufactureItemDescription />
      <UnitQty>יח`</UnitQty>
      <Quantity>400</Quantity>
      <UnitMeasure>גרם</UnitMeasure>
      <BisWeighted>0</BisWeighted>
      <QtyInPackage>1</QtyInPackage>
      <ItemPrice>27</ItemPrice>
      <UnitOfMeasurePrice>6.75</UnitOfMeasurePrice>
      <AllowDiscount>0</AllowDiscount>
      <itemStatus>1</itemStatus>
      <LastUpdateDate />
      <LastUpdateTime />
    </Product>
    <Product>
      <PriceUpdateDate>2015/04/30 08:32</PriceUpdateDate>
      <ItemCode>7290000490717</ItemCode>
      <ItemType>1</ItemType>
      <ItemName>מאגדת גלית 8 יח`</ItemName>
      <ManufactureName>פלקו בעמ</ManufactureName>
      <ManufactureCountry />
      <ManufactureItemDescription />
      <UnitQty>יח`</UnitQty>
      <Quantity>1</Quantity>
      <UnitMeasure />
      <BisWeighted>0</BisWeighted>
      <QtyInPackage>1</QtyInPackage>
      <ItemPrice>19.90</ItemPrice>
      <UnitOfMeasurePrice>19.90</UnitOfMeasurePrice>
      <AllowDiscount>0</AllowDiscount>
      <itemStatus>1</itemStatus>
      <LastUpdateDate />
      <LastUpdateTime />
    </Product>
    <Product>
      <PriceUpdateDate>2017/08/06 10:50</PriceUpdateDate>
      <ItemCode>7290000493176</ItemCode>
      <ItemType>1</ItemType>
      <ItemName>רוטב צלי אסם (22 גרם)</ItemName>
      <ManufactureName>קבוצת אסם סחר שות. מוגבלת</ManufactureName>
      <ManufactureCountry />
      <ManufactureItemDescription />
      <UnitQty>יח`</UnitQty>
      <Quantity>22</Quantity>
      <UnitMeasure>גרם</UnitMeasure>
      <BisWeighted>0</BisWeighted>
      <QtyInPackage>1</QtyInPackage>
      <ItemPrice>4.90</ItemPrice>
      <UnitOfMeasurePrice>22.27</UnitOfMeasurePrice>
      <AllowDiscount>0</AllowDiscount>
      <itemStatus>1</itemStatus>
      <LastUpdateDate />
      <LastUpdateTime />
    </Product>
    <Product>
      <PriceUpdateDate>2015/11/29 15:17</PriceUpdateDate>
      <ItemCode>7290000493183</ItemCode>
      <ItemType>1</ItemType>
      <ItemName>רוטב פטריות אסם (30 גרם)</ItemName>
      <ManufactureName>קבוצת אסם סחר שות. מוגבלת</ManufactureName>
      <ManufactureCountry />
      <ManufactureItemDescription />
      <UnitQty>יח`</UnitQty>
      <Quantity>30</Quantity>
      <UnitMeasure>גרם</UnitMeasure>
      <BisWeighted>0</BisWeighted>
      <QtyInPackage>1</QtyInPackage>
      <ItemPrice>4.90</ItemPrice>
      <UnitOfMeasurePrice>16.33</UnitOfMeasurePrice>
      <AllowDiscount>0</AllowDiscount>
      <itemStatus>1</itemStatus>
      <LastUpdateDate />
      <LastUpdateTime />
    </Product>
    <Product>
      <PriceUpdateDate>2015/08/24 10:23</PriceUpdateDate>
      <ItemCode>7290000497044</ItemCode>
      <ItemType>1</ItemType>
      <ItemName>לחם אקטיב ברמן (750 גרם)</ItemName>
      <ManufactureName>י.את א. ברמן בעמ</ManufactureName>
      <ManufactureCountry />
      <ManufactureItemDescription />
      <UnitQty>יח`</UnitQty>
      <Quantity>750</Quantity>
      <UnitMeasure>גרם</UnitMeasure>
      <BisWeighted>0</BisWeighted>
      <QtyInPackage>1</QtyInPackage>
      <ItemPrice>14.90</ItemPrice>
      <UnitOfMeasurePrice>1.99</UnitOfMeasurePrice>
      <AllowDiscount>1</AllowDiscount>
      <itemStatus>1</itemStatus>
      <LastUpdateDate />
      <LastUpdateTime />
    </Product>
    <Product>
      <PriceUpdateDate>2019/03/24 10:34</PriceUpdateDate>
      <ItemCode>7290000497112</ItemCode>
      <ItemType>1</ItemType>
      <ItemName>לחם אחיד כהה פרוס ברמן (750  גרם)פי</ItemName>
      <ManufactureName>י.את א. ברמן בעמ</ManufactureName>
      <ManufactureCountry />
      <ManufactureItemDescription />
      <UnitQty>יח`</UnitQty>
      <Quantity>750</Quantity>
      <UnitMeasure>גרם</UnitMeasure>
      <BisWeighted>0</BisWeighted>
      <QtyInPackage>1</QtyInPackage>
      <ItemPrice>6.60</ItemPrice>
      <UnitOfMeasurePrice>0.88</UnitOfMeasurePrice>
      <AllowDiscount>0</AllowDiscount>
      <itemStatus>1</itemStatus>
      <LastUpdateDate />
      <LastUpdateTime />
    </Product>
    <Product>
      <PriceUpdateDate>2015/11/30 11:06</PriceUpdateDate>
      <ItemCode>7290000497136</ItemCode>
      <ItemType>1</ItemType>
      <ItemName>חלה ארוזה .</ItemName>
      <ManufactureName>י.את א. ברמן בעמ</ManufactureName>
      <ManufactureCountry />
      <ManufactureItemDescription />
      <UnitQty>יח`</UnitQty>
      <Quantity>500</Quantity>
      <UnitMeasure>גרם</UnitMeasure>
      <BisWeighted>0</BisWeighted>
      <QtyInPackage>1</QtyInPackage>
      <ItemPrice>8.90</ItemPrice>
      <UnitOfMeasurePrice>1.78</UnitOfMeasurePrice>
      <AllowDiscount>0</AllowDiscount>
      <itemStatus>1</itemStatus>
      <LastUpdateDate />
      <LastUpdateTime />
    </Product>
    <Product>
      <PriceUpdateDate>2015/11/30 11:06</PriceUpdateDate>
      <ItemCode>7290000497198</ItemCode>
      <ItemType>1</ItemType>
      <ItemName>פיתות אסלי ברמן) (10</ItemName>
      <ManufactureName>י.את א. ברמן בעמ</ManufactureName>
      <ManufactureCountry />
      <ManufactureItemDescription />
      <UnitQty>יח`</UnitQty>
      <Quantity>1000</Quantity>
      <UnitMeasure>גרם</UnitMeasure>
      <BisWeighted>0</BisWeighted>
      <QtyInPackage>1</QtyInPackage>
      <ItemPrice>9.90</ItemPrice>
      <UnitOfMeasurePrice>0.99</UnitOfMeasurePrice>
      <AllowDiscount>0</AllowDiscount>
      <itemStatus>1</itemStatus>
      <LastUpdateDate />
      <LastUpdateTime />
    </Product>
    <Product>
      <PriceUpdateDate>2014/08/24 16:03</PriceUpdateDate>
      <ItemCode>7290000497228</ItemCode>
      <ItemType>1</ItemType>
      <ItemName>לחמניות שישייה</ItemName>
      <ManufactureName>י.את א. ברמן בעמ</ManufactureName>
      <ManufactureCountry />
      <ManufactureItemDescription />
      <UnitQty>יח`</UnitQty>
      <Quantity>450</Quantity>
      <UnitMeasure>גרם</UnitMeasure>
      <BisWeighted>0</BisWeighted>
      <QtyInPackage>1</QtyInPackage>
      <ItemPrice>7.90</ItemPrice>
      <UnitOfMeasurePrice>1.76</UnitOfMeasurePrice>
      <AllowDiscount>0</AllowDiscount>
      <itemStatus>1</itemStatus>
      <LastUpdateDate />
      <LastUpdateTime />
    </Product>
    <Product>
      <PriceUpdateDate>2016/08/04 08:36</PriceUpdateDate>
      <ItemCode>7290000497273</ItemCode>
      <ItemType>1</ItemType>
      <ItemName>לחמניות אקטיב ברמן</ItemName>
      <ManufactureName>י.את א. ברמן בעמ</ManufactureName>
      <ManufactureCountry />
      <ManufactureItemDescription />
      <UnitQty>יח`</UnitQty>
      <Quantity>450</Quantity>
      <UnitMeasure>גרם</UnitMeasure>
      <BisWeighted>0</BisWeighted>
      <QtyInPackage>1</QtyInPackage>
      <ItemPrice>11.90</ItemPrice>
      <UnitOfMeasurePrice>2.64</UnitOfMeasurePrice>
      <AllowDiscount>1</AllowDiscount>
      <itemStatus>1</itemStatus>
      <LastUpdateDate />
      <LastUpdateTime />
    </Product>
    <Product>
      <PriceUpdateDate>2013/06/09 09:56</PriceUpdateDate>
      <ItemCode>7290000497358</ItemCode>
      <ItemType>1</ItemType>
      <ItemName>חלומית חלה מתוקה קלועה ברמן (500 גרם)</ItemName>
      <ManufactureName>י.את א. ברמן בעמ</ManufactureName>
      <ManufactureCountry />
      <ManufactureItemDescription />
      <UnitQty>יח`</UnitQty>
      <Quantity>500</Quantity>
      <UnitMeasure>גרם</UnitMeasure>
      <BisWeighted>0</BisWeighted>
      <QtyInPackage>1</QtyInPackage>
      <ItemPrice>10.10</ItemPrice>
      <UnitOfMeasurePrice>2.02</UnitOfMeasurePrice>
      <AllowDiscount>0</AllowDiscount>
      <itemStatus>1</itemStatus>
      <LastUpdateDate />
      <LastUpdateTime />
    </Product>
    <Product>
      <PriceUpdateDate>2015/11/30 12:37</PriceUpdateDate>
      <ItemCode>7290000497426</ItemCode>
      <ItemType>1</ItemType>
      <ItemName>לחם קל ברמן לענין קמח חיטה מלאה</ItemName>
      <ManufactureName>י.את א. ברמן בעמ</ManufactureName>
      <ManufactureCountry />
      <ManufactureItemDescription />
      <UnitQty>יח`</UnitQty>
      <Quantity>750</Quantity>
      <UnitMeasure>גרם</UnitMeasure>
      <BisWeighted>0</BisWeighted>
      <QtyInPackage>1</QtyInPackage>
      <ItemPrice>12.90</ItemPrice>
      <UnitOfMeasurePrice>1.72</UnitOfMeasurePrice>
      <AllowDiscount>0</AllowDiscount>
      <itemStatus>1</itemStatus>
      <LastUpdateDate />
      <LastUpdateTime />
    </Product>
    <Product>
      <PriceUpdateDate>2018/02/05 11:28</PriceUpdateDate>
      <ItemCode>7290000497488</ItemCode>
      <ItemType>1</ItemType>
      <ItemName>חלה קלה פרוסה ברמן (500 גרם)</ItemName>
      <ManufactureName>י.את א. ברמן בעמ</ManufactureName>
      <ManufactureCountry />
      <ManufactureItemDescription />
      <UnitQty>יח`</UnitQty>
      <Quantity>500</Quantity>
      <UnitMeasure>גרם</UnitMeasure>
      <BisWeighted>0</BisWeighted>
      <QtyInPackage>1</QtyInPackage>
      <ItemPrice>12.90</ItemPrice>
      <UnitOfMeasurePrice>2.58</UnitOfMeasurePrice>
      <AllowDiscount>0</AllowDiscount>
      <itemStatus>1</itemStatus>
      <LastUpdateDate />
      <LastUpdateTime />
    </Product>
    <Product>
      <PriceUpdateDate>2015/11/30 12:37</PriceUpdateDate>
      <ItemCode>7290000497532</ItemCode>
      <ItemType>1</ItemType>
      <ItemName>לחם ברמן לעניין פרוס ברמן (750 גרם)</ItemName>
      <ManufactureName>י.את א. ברמן בעמ</ManufactureName>
      <ManufactureCountry />
      <ManufactureItemDescription />
      <UnitQty>יח`</UnitQty>
      <Quantity>750</Quantity>
      <UnitMeasure>גרם</UnitMeasure>
      <BisWeighted>0</BisWeighted>
      <QtyInPackage>1</QtyInPackage>
      <ItemPrice>12.90</ItemPrice>
      <UnitOfMeasurePrice>1.72</UnitOfMeasurePrice>
      <AllowDiscount>0</AllowDiscount>
      <itemStatus>1</itemStatus>
      <LastUpdateDate />
      <LastUpdateTime />
    </Product>
    <Product>
      <PriceUpdateDate>2015/11/30 12:37</PriceUpdateDate>
      <ItemCode>7290000497570</ItemCode>
      <ItemType>1</ItemType>
      <ItemName>דגני קלות פרוס ברמן (500 גרם)</ItemName>
      <ManufactureName>י.את א. ברמן בעמ</ManufactureName>
      <ManufactureCountry />
      <ManufactureItemDescription />
      <UnitQty>יח`</UnitQty>
      <Quantity>500</Quantity>
      <UnitMeasure>גרם</UnitMeasure>
      <BisWeighted>0</BisWeighted>
      <QtyInPackage>1</QtyInPackage>
      <ItemPrice>12.90</ItemPrice>
      <UnitOfMeasurePrice>2.58</UnitOfMeasurePrice>
      <AllowDiscount>0</AllowDiscount>
      <itemStatus>1</itemStatus>
      <LastUpdateDate />
      <LastUpdateTime />
    </Product>
    <Product>
      <PriceUpdateDate>2018/04/25 09:00</PriceUpdateDate>
      <ItemCode>7290000498003</ItemCode>
      <ItemType>1</ItemType>
      <ItemName>לחם מקמח מלא 750  גר`E FREE ברמן</ItemName>
      <ManufactureName>י.את א. ברמן בעמ</ManufactureName>
      <ManufactureCountry />
      <ManufactureItemDescription />
      <UnitQty>יח`</UnitQty>
      <Quantity>750</Quantity>
      <UnitMeasure>גרם</UnitMeasure>
      <BisWeighted>0</BisWeighted>
      <QtyInPackage>1</QtyInPackage>
      <ItemPrice>14.90</ItemPrice>
      <UnitOfMeasurePrice>1.99</UnitOfMeasurePrice>
      <AllowDiscount>0</AllowDiscount>
      <itemStatus>1</itemStatus>
      <LastUpdateDate />
      <LastUpdateTime />
    </Product>
    <Product>
      <PriceUpdateDate>2019/12/02 08:24</PriceUpdateDate>
      <ItemCode>7290000498034</ItemCode>
      <ItemType>1</ItemType>
      <ItemName>לחם מקמח כוסמין מלא 750 גר` E FREE</ItemName>
      <ManufactureName>י.את א. ברמן בעמ</ManufactureName>
      <ManufactureCountry />
      <ManufactureItemDescription />
      <UnitQty>יח`</UnitQty>
      <Quantity>750</Quantity>
      <UnitMeasure>גרם</UnitMeasure>
      <BisWeighted>0</BisWeighted>
      <QtyInPackage>1</QtyInPackage>
      <ItemPrice>15.50</ItemPrice>
      <UnitOfMeasurePrice>2.07</UnitOfMeasurePrice>
      <AllowDiscount>0</AllowDiscount>
      <itemStatus>1</itemStatus>
      <LastUpdateDate />
      <LastUpdateTime />
    </Product>
    <Product>
      <PriceUpdateDate>2018/08/17 09:47</PriceUpdateDate>
      <ItemCode>7290000498256</ItemCode>
      <ItemType>1</ItemType>
      <ItemName>10 לחמניות בשקית ברמן</ItemName>
      <ManufactureName>י.את א. ברמן בעמ</ManufactureName>
      <ManufactureCountry />
      <ManufactureItemDescription />
      <UnitQty>יח`</UnitQty>
      <Quantity>750</Quantity>
      <UnitMeasure>גרם</UnitMeasure>
      <BisWeighted>0</BisWeighted>
      <QtyInPackage>1</QtyInPackage>
      <ItemPrice>9.90</ItemPrice>
      <UnitOfMeasurePrice>1.32</UnitOfMeasurePrice>
      <AllowDiscount>0</AllowDiscount>
      <itemStatus>1</itemStatus>
      <LastUpdateDate />
      <LastUpdateTime />
    </Product>
    <Product>
      <PriceUpdateDate>2019/01/27 10:25</PriceUpdateDate>
      <ItemCode>7290000498355</ItemCode>
      <ItemType>1</ItemType>
      <ItemName>לחם כהה פיקוח</ItemName>
      <ManufactureName>י.את א. ברמן בעמ</ManufactureName>
      <ManufactureCountry />
      <ManufactureItemDescription />
      <UnitQty>יח`</UnitQty>
      <Quantity>750</Quantity>
      <UnitMeasure>גרם</UnitMeasure>
      <BisWeighted>0</BisWeighted>
      <QtyInPackage>1</QtyInPackage>
      <ItemPrice>3.90</ItemPrice>
      <UnitOfMeasurePrice>0.52</UnitOfMeasurePrice>
      <AllowDiscount>0</AllowDiscount>
      <itemStatus>1</itemStatus>
      <LastUpdateDate />
      <LastUpdateTime />
    </Product>
    <Product>
      <PriceUpdateDate>2014/01/02 08:36</PriceUpdateDate>
      <ItemCode>7290000498362</ItemCode>
      <ItemType>1</ItemType>
      <ItemName>לחם לבן אחיד פיקוח מוביל</ItemName>
      <ManufactureName>י.את א. ברמן בעמ</ManufactureName>
      <ManufactureCountry />
      <ManufactureItemDescription />
      <UnitQty>יח`</UnitQty>
      <Quantity>750</Quantity>
      <UnitMeasure>גרם</UnitMeasure>
      <BisWeighted>0</BisWeighted>
      <QtyInPackage>1</QtyInPackage>
      <ItemPrice>4.85</ItemPrice>
      <UnitOfMeasurePrice>0.65</UnitOfMeasurePrice>
      <AllowDiscount>0</AllowDiscount>
      <itemStatus>1</itemStatus>
      <LastUpdateDate />
      <LastUpdateTime />
    </Product>
    <Product>
      <PriceUpdateDate>2019/02/03 11:42</PriceUpdateDate>
      <ItemCode>7290000498393</ItemCode>
      <ItemType>1</ItemType>
      <ItemName>חלה רגילה (500 גרם) פיקוח</ItemName>
      <ManufactureName>י.את א. ברמן בעמ</ManufactureName>
      <ManufactureCountry />
      <ManufactureItemDescription />
      <UnitQty>יח`</UnitQty>
      <Quantity>500</Quantity>
      <UnitMeasure>גרם</UnitMeasure>
      <BisWeighted>0</BisWeighted>
      <QtyInPackage>1</QtyInPackage>
      <ItemPrice>4.45</ItemPrice>
      <UnitOfMeasurePrice>0.89</UnitOfMeasurePrice>
      <AllowDiscount>0</AllowDiscount>
      <itemStatus>1</itemStatus>
      <LastUpdateDate />
      <LastUpdateTime />
    </Product>
    <Product>
      <PriceUpdateDate>2015/11/30 11:06</PriceUpdateDate>
      <ItemCode>7290000498409</ItemCode>
      <ItemType>1</ItemType>
      <ItemName>חלה מתוקה</ItemName>
      <ManufactureName>י.את א. ברמן בעמ</ManufactureName>
      <ManufactureCountry />
      <ManufactureItemDescription />
      <UnitQty>יח`</UnitQty>
      <Quantity>500</Quantity>
      <UnitMeasure>גרם</UnitMeasure>
      <BisWeighted>0</BisWeighted>
      <QtyInPackage>1</QtyInPackage>
      <ItemPrice>8.90</ItemPrice>
      <UnitOfMeasurePrice>1.78</UnitOfMeasurePrice>
      <AllowDiscount>0</AllowDiscount>
      <itemStatus>1</itemStatus>
      <LastUpdateDate />
      <LastUpdateTime />
    </Product>
    <Product>
      <PriceUpdateDate>2016/03/06 08:22</PriceUpdateDate>
      <ItemCode>7290000504025</ItemCode>
      <ItemType>1</ItemType>
      <ItemName>סוכרזית פטריה) (300</ItemName>
      <ManufactureName>שטראוס גרופ בעמ</ManufactureName>
      <ManufactureCountry />
      <ManufactureItemDescription />
      <UnitQty>יח`</UnitQty>
      <Quantity>246</Quantity>
      <UnitMeasure>גרם</UnitMeasure>
      <BisWeighted>0</BisWeighted>
      <QtyInPackage>1</QtyInPackage>
      <ItemPrice>7.90</ItemPrice>
      <UnitOfMeasurePrice>3.21</UnitOfMeasurePrice>
      <AllowDiscount>0</AllowDiscount>
      <itemStatus>1</itemStatus>
      <LastUpdateDate />
      <LastUpdateTime />
    </Product>
    <Product>
      <PriceUpdateDate>2016/03/06 08:22</PriceUpdateDate>
      <ItemCode>7290000504049</ItemCode>
      <ItemType>1</ItemType>
      <ItemName>סוכרזית קלאסי) (1200</ItemName>
      <ManufactureName>שטראוס גרופ בעמ</ManufactureName>
      <ManufactureCountry />
      <ManufactureItemDescription />
      <UnitQty>יח`</UnitQty>
      <Quantity>984</Quantity>
      <UnitMeasure>גרם</UnitMeasure>
      <BisWeighted>0</BisWeighted>
      <QtyInPackage>1</QtyInPackage>
      <ItemPrice>21.90</ItemPrice>
      <UnitOfMeasurePrice>2.23</UnitOfMeasurePrice>
      <AllowDiscount>0</AllowDiscount>
      <itemStatus>1</itemStatus>
      <LastUpdateDate />
      <LastUpdateTime />
    </Product>
    <Product>
      <PriceUpdateDate>2016/03/06 08:22</PriceUpdateDate>
      <ItemCode>7290000504278</ItemCode>
      <ItemType>1</ItemType>
      <ItemName>סוכרזית פטנט) (700</ItemName>
      <ManufactureName>שטראוס גרופ בעמ</ManufactureName>
      <ManufactureCountry />
      <ManufactureItemDescription />
      <UnitQty>יח`</UnitQty>
      <Quantity>574</Quantity>
      <UnitMeasure>גרם</UnitMeasure>
      <BisWeighted>0</BisWeighted>
      <QtyInPackage>1</QtyInPackage>
      <ItemPrice>15.90</ItemPrice>
      <UnitOfMeasurePrice>2.77</UnitOfMeasurePrice>
      <AllowDiscount>0</AllowDiscount>
      <itemStatus>1</itemStatus>
      <LastUpdateDate />
      <LastUpdateTime />
    </Product>
    <Product>
      <PriceUpdateDate>2017/03/30 07:47</PriceUpdateDate>
      <ItemCode>7290000521008</ItemCode>
      <ItemType>1</ItemType>
      <ItemName>יין אדום יבש של סגל (750 מל)</ItemName>
      <ManufactureName>טמפו משקאות בעמ</ManufactureName>
      <ManufactureCountry />
      <ManufactureItemDescription />
      <UnitQty>יח`</UnitQty>
      <Quantity>750</Quantity>
      <UnitMeasure>מ"ל</UnitMeasure>
      <BisWeighted>0</BisWeighted>
      <QtyInPackage>1</QtyInPackage>
      <ItemPrice>21</ItemPrice>
      <UnitOfMeasurePrice>2.76</UnitOfMeasurePrice>
      <AllowDiscount>1</AllowDiscount>
      <itemStatus>1</itemStatus>
      <LastUpdateDate />
      <LastUpdateTime />
    </Product>
    <Product>
      <PriceUpdateDate>2015/05/27 14:02</PriceUpdateDate>
      <ItemCode>7290000521350</ItemCode>
      <ItemType>1</ItemType>
      <ItemName>קברנה סוביניון של סגל (750 מל)</ItemName>
      <ManufactureName>טמפו משקאות בעמ</ManufactureName>
      <ManufactureCountry />
      <ManufactureItemDescription />
      <UnitQty>יח`</UnitQty>
      <Quantity>750</Quantity>
      <UnitMeasure>מ"ל</UnitMeasure>
      <BisWeighted>0</BisWeighted>
      <QtyInPackage>1</QtyInPackage>
      <ItemPrice>25</ItemPrice>
      <UnitOfMeasurePrice>3.29</UnitOfMeasurePrice>
      <AllowDiscount>0</AllowDiscount>
      <itemStatus>1</itemStatus>
      <LastUpdateDate />
      <LastUpdateTime />
    </Product>
    <Product>
      <PriceUpdateDate>2015/05/27 14:02</PriceUpdateDate>
      <ItemCode>7290000521367</ItemCode>
      <ItemType>1</ItemType>
      <ItemName>זני של סגל מרלו סגל (750 מל)</ItemName>
      <ManufactureName>טמפו משקאות בעמ</ManufactureName>
      <ManufactureCountry />
      <ManufactureItemDescription />
      <UnitQty>יח`</UnitQty>
      <Quantity>750</Quantity>
      <UnitMeasure>מ"ל</UnitMeasure>
      <BisWeighted>0</BisWeighted>
      <QtyInPackage>1</QtyInPackage>
      <ItemPrice>25</ItemPrice>
      <UnitOfMeasurePrice>3.29</UnitOfMeasurePrice>
      <AllowDiscount>0</AllowDiscount>
      <itemStatus>1</itemStatus>
      <LastUpdateDate />
      <LastUpdateTime />
    </Product>
    <Product>
      <PriceUpdateDate>2018/08/19 16:12</PriceUpdateDate>
      <ItemCode>7290000522388</ItemCode>
      <ItemType>1</ItemType>
      <ItemName>שוקו שקית 225 מל</ItemName>
      <ManufactureName>אמא מ.א.א. ניהול והשקעות בעמ</ManufactureName>
      <ManufactureCountry />
      <ManufactureItemDescription />
      <UnitQty>יח`</UnitQty>
      <Quantity>225</Quantity>
      <UnitMeasure>מ"ל</UnitMeasure>
      <BisWeighted>0</BisWeighted>
      <QtyInPackage>1</QtyInPackage>
      <ItemPrice>2.20</ItemPrice>
      <UnitOfMeasurePrice>0.98</UnitOfMeasurePrice>
      <AllowDiscount>0</AllowDiscount>
      <itemStatus>1</itemStatus>
      <LastUpdateDate />
      <LastUpdateTime />
    </Product>
    <Product>
      <PriceUpdateDate>2015/11/30 12:15</PriceUpdateDate>
      <ItemCode>7290000523125</ItemCode>
      <ItemType>1</ItemType>
      <ItemName>מלח ים יבש מלח הארץ (250 גרם)</ItemName>
      <ManufactureName>תה ויסוצקי (ישראל) בעמ</ManufactureName>
      <ManufactureCountry />
      <ManufactureItemDescription />
      <UnitQty>יח`</UnitQty>
      <Quantity>200</Quantity>
      <UnitMeasure>גרם</UnitMeasure>
      <BisWeighted>0</BisWeighted>
      <QtyInPackage>1</QtyInPackage>
      <ItemPrice>5.90</ItemPrice>
      <UnitOfMeasurePrice>2.95</UnitOfMeasurePrice>
      <AllowDiscount>0</AllowDiscount>
      <itemStatus>1</itemStatus>
      <LastUpdateDate />
      <LastUpdateTime />
    </Product>
    <Product>
      <PriceUpdateDate>2015/04/30 11:26</PriceUpdateDate>
      <ItemCode>7290000523224</ItemCode>
      <ItemType>1</ItemType>
      <ItemName>מלח ים יבש מלח הארץ (500 גרם)</ItemName>
      <ManufactureName>תה ויסוצקי (ישראל) בעמ</ManufactureName>
      <ManufactureCountry />
      <ManufactureItemDescription />
      <UnitQty>יח`</UnitQty>
      <Quantity>500</Quantity>
      <UnitMeasure>גרם</UnitMeasure>
      <BisWeighted>0</BisWeighted>
      <QtyInPackage>1</QtyInPackage>
      <ItemPrice>7.90</ItemPrice>
      <UnitOfMeasurePrice>1.58</UnitOfMeasurePrice>
      <AllowDiscount>0</AllowDiscount>
      <itemStatus>1</itemStatus>
      <LastUpdateDate />
      <LastUpdateTime />
    </Product>
    <Product>
      <PriceUpdateDate>2019/03/04 08:19</PriceUpdateDate>
      <ItemCode>7290000523521</ItemCode>
      <ItemType>1</ItemType>
      <ItemName>מלח הארץ מועשר ביוד 250 גר`</ItemName>
      <ManufactureName>תה ויסוצקי (ישראל) בעמ</ManufactureName>
      <ManufactureCountry />
      <ManufactureItemDescription />
      <UnitQty>יח`</UnitQty>
      <Quantity>200</Quantity>
      <UnitMeasure>גרם</UnitMeasure>
      <BisWeighted>0</BisWeighted>
      <QtyInPackage>1</QtyInPackage>
      <ItemPrice>5.90</ItemPrice>
      <UnitOfMeasurePrice>2.95</UnitOfMeasurePrice>
      <AllowDiscount>0</AllowDiscount>
      <itemStatus>1</itemStatus>
      <LastUpdateDate />
      <LastUpdateTime />
    </Product>
    <Product>
      <PriceUpdateDate>2019/03/04 08:19</PriceUpdateDate>
      <ItemCode>7290000523804</ItemCode>
      <ItemType>1</ItemType>
      <ItemName>מלח עדין מלח הארץ (1 קג)</ItemName>
      <ManufactureName>תה ויסוצקי (ישראל) בעמ</ManufactureName>
      <ManufactureCountry />
      <ManufactureItemDescription />
      <UnitQty>יח`</UnitQty>
      <Quantity>1</Quantity>
      <UnitMeasure>ק"ג</UnitMeasure>
      <BisWeighted>0</BisWeighted>
      <QtyInPackage>1</QtyInPackage>
      <ItemPrice>7.20</ItemPrice>
      <UnitOfMeasurePrice>7.20</UnitOfMeasurePrice>
      <AllowDiscount>0</AllowDiscount>
      <itemStatus>1</itemStatus>
      <LastUpdateDate />
      <LastUpdateTime />
    </Product>
    <Product>
      <PriceUpdateDate>2015/12/01 09:30</PriceUpdateDate>
      <ItemCode>7290000525969</ItemCode>
      <ItemType>1</ItemType>
      <ItemName>מיץ תפוזים סחוט טבעי פרימור (1 ליטר)</ItemName>
      <ManufactureName>שטראוס גרופ בעמ/מצונן</ManufactureName>
      <ManufactureCountry />
      <ManufactureItemDescription />
      <UnitQty>יח`</UnitQty>
      <Quantity>1</Quantity>
      <UnitMeasure>1 ליטר</UnitMeasure>
      <BisWeighted>0</BisWeighted>
      <QtyInPackage>1</QtyInPackage>
      <ItemPrice>16.20</ItemPrice>
      <UnitOfMeasurePrice>16.20</UnitOfMeasurePrice>
      <AllowDiscount>0</AllowDiscount>
      <itemStatus>1</itemStatus>
      <LastUpdateDate />
      <LastUpdateTime />
    </Product>
    <Product>
      <PriceUpdateDate>2014/05/11 10:50</PriceUpdateDate>
      <ItemCode>7290000530086</ItemCode>
      <ItemType>1</ItemType>
      <ItemName>נקניק סלמי מעושן 7000 זוגלובק (600 גרם)</ItemName>
      <ManufactureName>זוגלובק שיווק בעמ</ManufactureName>
      <ManufactureCountry />
      <ManufactureItemDescription />
      <UnitQty>יח`</UnitQty>
      <Quantity>800</Quantity>
      <UnitMeasure>גרם</UnitMeasure>
      <BisWeighted>0</BisWeighted>
      <QtyInPackage>1</QtyInPackage>
      <ItemPrice>34.90</ItemPrice>
      <UnitOfMeasurePrice>4.36</UnitOfMeasurePrice>
      <AllowDiscount>0</AllowDiscount>
      <itemStatus>1</itemStatus>
      <LastUpdateDate />
      <LastUpdateTime />
    </Product>
    <Product>
      <PriceUpdateDate>2017/09/10 13:11</PriceUpdateDate>
      <ItemCode>7290000530116</ItemCode>
      <ItemType>1</ItemType>
      <ItemName>נקניק סלמי בשן זוגלובק (470 גרם)</ItemName>
      <ManufactureName>זוגלובק שיווק בעמ</ManufactureName>
      <ManufactureCountry />
      <ManufactureItemDescription />
      <UnitQty>יח`</UnitQty>
      <Quantity>700</Quantity>
      <UnitMeasure>גרם</UnitMeasure>
      <BisWeighted>0</BisWeighted>
      <QtyInPackage>1</QtyInPackage>
      <ItemPrice>28.90</ItemPrice>
      <UnitOfMeasurePrice>4.13</UnitOfMeasurePrice>
      <AllowDiscount>0</AllowDiscount>
      <itemStatus>1</itemStatus>
      <LastUpdateDate />
      <LastUpdateTime />
    </Product>
    <Product>
      <PriceUpdateDate>2017/03/30 07:47</PriceUpdateDate>
      <ItemCode>7290000530413</ItemCode>
      <ItemType>1</ItemType>
      <ItemName>המבורגר זהב</ItemName>
      <ManufactureName>זוגלובק שיווק בעמ</ManufactureName>
      <ManufactureCountry />
      <ManufactureItemDescription />
      <UnitQty>יח`</UnitQty>
      <Quantity>400</Quantity>
      <UnitMeasure>גרם</UnitMeasure>
      <BisWeighted>0</BisWeighted>
      <QtyInPackage>1</QtyInPackage>
      <ItemPrice>19.90</ItemPrice>
      <UnitOfMeasurePrice>4.98</UnitOfMeasurePrice>
      <AllowDiscount>0</AllowDiscount>
      <itemStatus>1</itemStatus>
      <LastUpdateDate />
      <LastUpdateTime />
    </Product>
    <Product>
      <PriceUpdateDate>2015/04/29 10:24</PriceUpdateDate>
      <ItemCode>7290000530468</ItemCode>
      <ItemType>1</ItemType>
      <ItemName>נקניקיות וניר 1 קג` זוגלובק</ItemName>
      <ManufactureName>זוגלובק שיווק בעמ</ManufactureName>
      <ManufactureCountry />
      <ManufactureItemDescription />
      <UnitQty>יח`</UnitQty>
      <Quantity>1</Quantity>
      <UnitMeasure>ק"ג</UnitMeasure>
      <BisWeighted>0</BisWeighted>
      <QtyInPackage>1</QtyInPackage>
      <ItemPrice>29.90</ItemPrice>
      <UnitOfMeasurePrice>29.90</UnitOfMeasurePrice>
      <AllowDiscount>1</AllowDiscount>
      <itemStatus>1</itemStatus>
      <LastUpdateDate />
      <LastUpdateTime />
    </Product>
    <Product>
      <PriceUpdateDate>2015/05/28 08:53</PriceUpdateDate>
      <ItemCode>7290000530598</ItemCode>
      <ItemType>1</ItemType>
      <ItemName>נקניקיות וינר זוגלובק (500 גרם)</ItemName>
      <ManufactureName>זוגלובק שיווק בעמ</ManufactureName>
      <ManufactureCountry />
      <ManufactureItemDescription />
      <UnitQty>יח`</UnitQty>
      <Quantity>500</Quantity>
      <UnitMeasure>גרם</UnitMeasure>
      <BisWeighted>0</BisWeighted>
      <QtyInPackage>1</QtyInPackage>
      <ItemPrice>16.90</ItemPrice>
      <UnitOfMeasurePrice>3.38</UnitOfMeasurePrice>
      <AllowDiscount>1</AllowDiscount>
      <itemStatus>1</itemStatus>
      <LastUpdateDate />
      <LastUpdateTime />
    </Product>
    <Product>
      <PriceUpdateDate>2015/12/01 11:01</PriceUpdateDate>
      <ItemCode>7290000530604</ItemCode>
      <ItemType>1</ItemType>
      <ItemName>גוליבר חריפות 400 גר` זוגלובק</ItemName>
      <ManufactureName>זוגלובק שיווק בעמ</ManufactureName>
      <ManufactureCountry />
      <ManufactureItemDescription />
      <UnitQty>יח`</UnitQty>
      <Quantity>400</Quantity>
      <UnitMeasure>גרם</UnitMeasure>
      <BisWeighted>0</BisWeighted>
      <QtyInPackage>1</QtyInPackage>
      <ItemPrice>17.90</ItemPrice>
      <UnitOfMeasurePrice>4.48</UnitOfMeasurePrice>
      <AllowDiscount>1</AllowDiscount>
      <itemStatus>1</itemStatus>
      <LastUpdateDate />
      <LastUpdateTime />
    </Product>
    <Product>
      <PriceUpdateDate>2015/06/28 12:13</PriceUpdateDate>
      <ItemCode>7290000530703</ItemCode>
      <ItemType>1</ItemType>
      <ItemName>מארז פסטרמה חרמון+תה</ItemName>
      <ManufactureName>זוגלובק שיווק בעמ</ManufactureName>
      <ManufactureCountry />
      <ManufactureItemDescription />
      <UnitQty>יח`</UnitQty>
      <Quantity>800</Quantity>
      <UnitMeasure>גרם</UnitMeasure>
      <BisWeighted>0</BisWeighted>
      <QtyInPackage>1</QtyInPackage>
      <ItemPrice>33.90</ItemPrice>
      <UnitOfMeasurePrice>4.24</UnitOfMeasurePrice>
      <AllowDiscount>1</AllowDiscount>
      <itemStatus>1</itemStatus>
      <LastUpdateDate />
      <LastUpdateTime />
    </Product>
    <Product>
      <PriceUpdateDate>2017/03/30 07:47</PriceUpdateDate>
      <ItemCode>7290000531601</ItemCode>
      <ItemType>1</ItemType>
      <ItemName>סטייק בורגר</ItemName>
      <ManufactureName>זוגלובק שיווק בעמ</ManufactureName>
      <ManufactureCountry />
      <ManufactureItemDescription />
      <UnitQty>יח`</UnitQty>
      <Quantity>400</Quantity>
      <UnitMeasure>גרם</UnitMeasure>
      <BisWeighted>0</BisWeighted>
      <QtyInPackage>1</QtyInPackage>
      <ItemPrice>19.90</ItemPrice>
      <UnitOfMeasurePrice>4.98</UnitOfMeasurePrice>
      <AllowDiscount>0</AllowDiscount>
      <itemStatus>1</itemStatus>
      <LastUpdateDate />
      <LastUpdateTime />
    </Product>
    <Product>
      <PriceUpdateDate>2014/08/28 10:16</PriceUpdateDate>
      <ItemCode>7290000533353</ItemCode>
      <ItemType>1</ItemType>
      <ItemName>בצק עלים זוגלובק</ItemName>
      <ManufactureName>זוגלובק שיווק בעמ</ManufactureName>
      <ManufactureCountry />
      <ManufactureItemDescription />
      <UnitQty>יח`</UnitQty>
      <Quantity>1</Quantity>
      <UnitMeasure>ק"ג</UnitMeasure>
      <BisWeighted>0</BisWeighted>
      <QtyInPackage>1</QtyInPackage>
      <ItemPrice>19.90</ItemPrice>
      <UnitOfMeasurePrice>19.90</UnitOfMeasurePrice>
      <AllowDiscount>1</AllowDiscount>
      <itemStatus>1</itemStatus>
      <LastUpdateDate />
      <LastUpdateTime />
    </Product>
    <Product>
      <PriceUpdateDate>2015/12/01 11:01</PriceUpdateDate>
      <ItemCode>7290000536316</ItemCode>
      <ItemType>1</ItemType>
      <ItemName>שניצל מן הצומח זוגלובק (1 קג)</ItemName>
      <ManufactureName>זוגלובק שיווק בעמ</ManufactureName>
      <ManufactureCountry />
      <ManufactureItemDescription />
      <UnitQty>יח`</UnitQty>
      <Quantity>1000</Quantity>
      <UnitMeasure>גרם</UnitMeasure>
      <BisWeighted>0</BisWeighted>
      <QtyInPackage>1</QtyInPackage>
      <ItemPrice>35.90</ItemPrice>
      <UnitOfMeasurePrice>3.59</UnitOfMeasurePrice>
      <AllowDiscount>0</AllowDiscount>
      <itemStatus>1</itemStatus>
      <LastUpdateDate />
      <LastUpdateTime />
    </Product>
    <Product>
      <PriceUpdateDate>2015/05/18 08:55</PriceUpdateDate>
      <ItemCode>7290000536774</ItemCode>
      <ItemType>1</ItemType>
      <ItemName>טבע נקניקיה זוגלובק (1 קג)</ItemName>
      <ManufactureName>זוגלובק שיווק בעמ</ManufactureName>
      <ManufactureCountry />
      <ManufactureItemDescription />
      <UnitQty>יח`</UnitQty>
      <Quantity>1</Quantity>
      <UnitMeasure>ק"ג</UnitMeasure>
      <BisWeighted>0</BisWeighted>
      <QtyInPackage>1</QtyInPackage>
      <ItemPrice>39.90</ItemPrice>
      <UnitOfMeasurePrice>39.90</UnitOfMeasurePrice>
      <AllowDiscount>0</AllowDiscount>
      <itemStatus>1</itemStatus>
      <LastUpdateDate />
      <LastUpdateTime />
    </Product>
    <Product>
      <PriceUpdateDate>2014/05/11 10:50</PriceUpdateDate>
      <ItemCode>7290000537566</ItemCode>
      <ItemType>1</ItemType>
      <ItemName>נקניקיות עוף זוגלובק (400 גרם)</ItemName>
      <ManufactureName>זוגלובק שיווק בעמ</ManufactureName>
      <ManufactureCountry />
      <ManufactureItemDescription />
      <UnitQty>יח`</UnitQty>
      <Quantity>400</Quantity>
      <UnitMeasure>גרם</UnitMeasure>
      <BisWeighted>0</BisWeighted>
      <QtyInPackage>1</QtyInPackage>
      <ItemPrice>13.90</ItemPrice>
      <UnitOfMeasurePrice>3.48</UnitOfMeasurePrice>
      <AllowDiscount>1</AllowDiscount>
      <itemStatus>1</itemStatus>
      <LastUpdateDate />
      <LastUpdateTime />
    </Product>
    <Product>
      <PriceUpdateDate>2015/04/29 10:24</PriceUpdateDate>
      <ItemCode>7290000537603</ItemCode>
      <ItemType>1</ItemType>
      <ItemName>נקניקיות עוף זוגלובק (1 קג)</ItemName>
      <ManufactureName>זוגלובק שיווק בעמ</ManufactureName>
      <ManufactureCountry />
      <ManufactureItemDescription />
      <UnitQty>יח`</UnitQty>
      <Quantity>1</Quantity>
      <UnitMeasure>ק"ג</UnitMeasure>
      <BisWeighted>0</BisWeighted>
      <QtyInPackage>1</QtyInPackage>
      <ItemPrice>29.90</ItemPrice>
      <UnitOfMeasurePrice>29.90</UnitOfMeasurePrice>
      <AllowDiscount>1</AllowDiscount>
      <itemStatus>1</itemStatus>
      <LastUpdateDate />
      <LastUpdateTime />
    </Product>
    <Product>
      <PriceUpdateDate>2014/05/11 10:50</PriceUpdateDate>
      <ItemCode>7290000538709</ItemCode>
      <ItemType>1</ItemType>
      <ItemName>תה מעושן 200</ItemName>
      <ManufactureName>זוגלובק שיווק בעמ</ManufactureName>
      <ManufactureCountry />
      <ManufactureItemDescription />
      <UnitQty>יח`</UnitQty>
      <Quantity>200</Quantity>
      <UnitMeasure>גרם</UnitMeasure>
      <BisWeighted>0</BisWeighted>
      <QtyInPackage>1</QtyInPackage>
      <ItemPrice>14.90</ItemPrice>
      <UnitOfMeasurePrice>7.45</UnitOfMeasurePrice>
      <AllowDiscount>0</AllowDiscount>
      <itemStatus>1</itemStatus>
      <LastUpdateDate />
      <LastUpdateTime />
    </Product>
    <Product>
      <PriceUpdateDate>2015/04/30 12:31</PriceUpdateDate>
      <ItemCode>7290000552118</ItemCode>
      <ItemType>1</ItemType>
      <ItemName>נקניקיות מרגז קפואות טיבון ויל (400 גרם)</ItemName>
      <ManufactureName>נטו מלינדה סחר בעמ</ManufactureName>
      <ManufactureCountry />
      <ManufactureItemDescription />
      <UnitQty>יח`</UnitQty>
      <Quantity>400</Quantity>
      <UnitMeasure>גרם</UnitMeasure>
      <BisWeighted>0</BisWeighted>
      <QtyInPackage>1</QtyInPackage>
      <ItemPrice>21.90</ItemPrice>
      <UnitOfMeasurePrice>5.48</UnitOfMeasurePrice>
      <AllowDiscount>0</AllowDiscount>
      <itemStatus>1</itemStatus>
      <LastUpdateDate />
      <LastUpdateTime />
    </Product>
    <Product>
      <PriceUpdateDate>2019/01/30 08:43</PriceUpdateDate>
      <ItemCode>7290000552569</ItemCode>
      <ItemType>1</ItemType>
      <ItemName>סטייק בורגר 400 גר` טיבונוויל</ItemName>
      <ManufactureName>נטו מלינדה סחר בעמ</ManufactureName>
      <ManufactureCountry />
      <ManufactureItemDescription />
      <UnitQty>יח`</UnitQty>
      <Quantity>400</Quantity>
      <UnitMeasure>גרם</UnitMeasure>
      <BisWeighted>0</BisWeighted>
      <QtyInPackage>1</QtyInPackage>
      <ItemPrice>20.90</ItemPrice>
      <UnitOfMeasurePrice>5.23</UnitOfMeasurePrice>
      <AllowDiscount>1</AllowDiscount>
      <itemStatus>1</itemStatus>
      <LastUpdateDate />
      <LastUpdateTime />
    </Product>
    <Product>
      <PriceUpdateDate>2013/12/31 09:51</PriceUpdateDate>
      <ItemCode>7290000554402</ItemCode>
      <ItemType>1</ItemType>
      <ItemName>מעדן חלב מלבי גד (160 גרם)</ItemName>
      <ManufactureName>מחלבות גד שיווק 1992 בעמ</ManufactureName>
      <ManufactureCountry />
      <ManufactureItemDescription />
      <UnitQty>יח`</UnitQty>
      <Quantity>160</Quantity>
      <UnitMeasure>מ"ל</UnitMeasure>
      <BisWeighted>0</BisWeighted>
      <QtyInPackage>1</QtyInPackage>
      <ItemPrice>5.60</ItemPrice>
      <UnitOfMeasurePrice>3.50</UnitOfMeasurePrice>
      <AllowDiscount>0</AllowDiscount>
      <itemStatus>1</itemStatus>
      <LastUpdateDate />
      <LastUpdateTime />
    </Product>
    <Product>
      <PriceUpdateDate>2015/03/03 07:49</PriceUpdateDate>
      <ItemCode>7290000554457</ItemCode>
      <ItemType>1</ItemType>
      <ItemName>גבינה צפתית 5% גד (350 גרם)</ItemName>
      <ManufactureName>מחלבות גד שיווק 1992 בעמ</ManufactureName>
      <ManufactureCountry />
      <ManufactureItemDescription />
      <UnitQty>יח`</UnitQty>
      <Quantity>350</Quantity>
      <UnitMeasure>גרם</UnitMeasure>
      <BisWeighted>0</BisWeighted>
      <QtyInPackage>1</QtyInPackage>
      <ItemPrice>21.90</ItemPrice>
      <UnitOfMeasurePrice>6.26</UnitOfMeasurePrice>
      <AllowDiscount>0</AllowDiscount>
      <itemStatus>1</itemStatus>
      <LastUpdateDate />
      <LastUpdateTime />
    </Product>
    <Product>
      <PriceUpdateDate>2015/01/15 10:39</PriceUpdateDate>
      <ItemCode>7290000554471</ItemCode>
      <ItemType>1</ItemType>
      <ItemName>גבינה מוצרלה 22% גד (180 גרם)</ItemName>
      <ManufactureName>מחלבות גד שיווק 1992 בעמ</ManufactureName>
      <ManufactureCountry />
      <ManufactureItemDescription />
      <UnitQty>יח`</UnitQty>
      <Quantity>180</Quantity>
      <UnitMeasure>גרם</UnitMeasure>
      <BisWeighted>0</BisWeighted>
      <QtyInPackage>1</QtyInPackage>
      <ItemPrice>16.90</ItemPrice>
      <UnitOfMeasurePrice>9.39</UnitOfMeasurePrice>
      <AllowDiscount>0</AllowDiscount>
      <itemStatus>1</itemStatus>
      <LastUpdateDate />
      <LastUpdateTime />
    </Product>
    <Product>
      <PriceUpdateDate>2015/04/13 14:35</PriceUpdateDate>
      <ItemCode>7290000554532</ItemCode>
      <ItemType>1</ItemType>
      <ItemName>גבינה צפתית מעודנת 5% גד (200 גרם)</ItemName>
      <ManufactureName>מחלבות גד שיווק 1992 בעמ</ManufactureName>
      <ManufactureCountry />
      <ManufactureItemDescription />
      <UnitQty>יח`</UnitQty>
      <Quantity>200</Quantity>
      <UnitMeasure>גרם</UnitMeasure>
      <BisWeighted>0</BisWeighted>
      <QtyInPackage>1</QtyInPackage>
      <ItemPrice>14.90</ItemPrice>
      <UnitOfMeasurePrice>7.45</UnitOfMeasurePrice>
      <AllowDiscount>0</AllowDiscount>
      <itemStatus>1</itemStatus>
      <LastUpdateDate />
      <LastUpdateTime />
    </Product>
    <Product>
      <PriceUpdateDate>2019/01/30 08:46</PriceUpdateDate>
      <ItemCode>7290000554600</ItemCode>
      <ItemType>1</ItemType>
      <ItemName>מוצרלה מגורדת 22% גד (300 גרם)</ItemName>
      <ManufactureName>מחלבות גד שיווק 1992 בעמ</ManufactureName>
      <ManufactureCountry />
      <ManufactureItemDescription />
      <UnitQty>יח`</UnitQty>
      <Quantity>300</Quantity>
      <UnitMeasure>גרם</UnitMeasure>
      <BisWeighted>0</BisWeighted>
      <QtyInPackage>1</QtyInPackage>
      <ItemPrice>24.50</ItemPrice>
      <UnitOfMeasurePrice>8.17</UnitOfMeasurePrice>
      <AllowDiscount>0</AllowDiscount>
      <itemStatus>1</itemStatus>
      <LastUpdateDate />
      <LastUpdateTime />
    </Product>
    <Product>
      <PriceUpdateDate>2018/10/07 11:51</PriceUpdateDate>
      <ItemCode>7290000554624</ItemCode>
      <ItemType>1</ItemType>
      <ItemName>ירח מתוק-גד</ItemName>
      <ManufactureName>מחלבות גד שיווק 1992 בעמ</ManufactureName>
      <ManufactureCountry />
      <ManufactureItemDescription />
      <UnitQty>יח`</UnitQty>
      <Quantity>150</Quantity>
      <UnitMeasure>מ"ל</UnitMeasure>
      <BisWeighted>0</BisWeighted>
      <QtyInPackage>1</QtyInPackage>
      <ItemPrice>5.60</ItemPrice>
      <UnitOfMeasurePrice>3.73</UnitOfMeasurePrice>
      <AllowDiscount>0</AllowDiscount>
      <itemStatus>1</itemStatus>
      <LastUpdateDate />
      <LastUpdateTime />
    </Product>
    <Product>
      <PriceUpdateDate>2014/08/28 08:15</PriceUpdateDate>
      <ItemCode>7290000554686</ItemCode>
      <ItemType>1</ItemType>
      <ItemName>לבנה בשמן זית-גד - מדף</ItemName>
      <ManufactureName>מחלבות גד שיווק 1992 בעמ</ManufactureName>
      <ManufactureCountry />
      <ManufactureItemDescription />
      <UnitQty>יח`</UnitQty>
      <Quantity>250</Quantity>
      <UnitMeasure>גרם</UnitMeasure>
      <BisWeighted>0</BisWeighted>
      <QtyInPackage>1</QtyInPackage>
      <ItemPrice>13.90</ItemPrice>
      <UnitOfMeasurePrice>5.56</UnitOfMeasurePrice>
      <AllowDiscount>0</AllowDiscount>
      <itemStatus>1</itemStatus>
      <LastUpdateDate />
      <LastUpdateTime />
    </Product>
    <Product>
      <PriceUpdateDate>2018/10/07 11:51</PriceUpdateDate>
      <ItemCode>7290000554822</ItemCode>
      <ItemType>1</ItemType>
      <ItemName>גבינת ריקוטה 5% גד (250 גרם)</ItemName>
      <ManufactureName>מחלבות גד שיווק 1992 בעמ</ManufactureName>
      <ManufactureCountry />
      <ManufactureItemDescription />
      <UnitQty>יח`</UnitQty>
      <Quantity>250</Quantity>
      <UnitMeasure>גרם</UnitMeasure>
      <BisWeighted>0</BisWeighted>
      <QtyInPackage>1</QtyInPackage>
      <ItemPrice>14.90</ItemPrice>
      <UnitOfMeasurePrice>5.96</UnitOfMeasurePrice>
      <AllowDiscount>0</AllowDiscount>
      <itemStatus>1</itemStatus>
      <LastUpdateDate />
      <LastUpdateTime />
    </Product>
    <Product>
      <PriceUpdateDate>2018/10/07 11:51</PriceUpdateDate>
      <ItemCode>7290000554839</ItemCode>
      <ItemType>1</ItemType>
      <ItemName>גבינת מסקרפונה 40% גד (250 גרם)</ItemName>
      <ManufactureName>מחלבות גד שיווק 1992 בעמ</ManufactureName>
      <ManufactureCountry />
      <ManufactureItemDescription />
      <UnitQty>יח`</UnitQty>
      <Quantity>250</Quantity>
      <UnitMeasure>גרם</UnitMeasure>
      <BisWeighted>0</BisWeighted>
      <QtyInPackage>1</QtyInPackage>
      <ItemPrice>21.90</ItemPrice>
      <UnitOfMeasurePrice>8.76</UnitOfMeasurePrice>
      <AllowDiscount>1</AllowDiscount>
      <itemStatus>1</itemStatus>
      <LastUpdateDate />
      <LastUpdateTime />
    </Product>
    <Product>
      <PriceUpdateDate>2015/12/01 11:26</PriceUpdateDate>
      <ItemCode>7290000560021</ItemCode>
      <ItemType>1</ItemType>
      <ItemName>ג`ל גילוח נגד חתכים אדג` (198 גרם)</ItemName>
      <ManufactureName>דנשר (1963) בעמ</ManufactureName>
      <ManufactureCountry />
      <ManufactureItemDescription />
      <UnitQty>יח`</UnitQty>
      <Quantity>200</Quantity>
      <UnitMeasure>גרם</UnitMeasure>
      <BisWeighted>0</BisWeighted>
      <QtyInPackage>1</QtyInPackage>
      <ItemPrice>19.90</ItemPrice>
      <UnitOfMeasurePrice>9.95</UnitOfMeasurePrice>
      <AllowDiscount>1</AllowDiscount>
      <itemStatus>1</itemStatus>
      <LastUpdateDate />
      <LastUpdateTime />
    </Product>
    <Product>
      <PriceUpdateDate>2015/12/01 11:26</PriceUpdateDate>
      <ItemCode>7290000560533</ItemCode>
      <ItemType>1</ItemType>
      <ItemName>אדג` ג`ל גילוח 200 מל ירוק</ItemName>
      <ManufactureName>דנשר (1963) בעמ</ManufactureName>
      <ManufactureCountry />
      <ManufactureItemDescription />
      <UnitQty>יח`</UnitQty>
      <Quantity>200</Quantity>
      <UnitMeasure>גרם</UnitMeasure>
      <BisWeighted>0</BisWeighted>
      <QtyInPackage>1</QtyInPackage>
      <ItemPrice>19.90</ItemPrice>
      <UnitOfMeasurePrice>9.95</UnitOfMeasurePrice>
      <AllowDiscount>1</AllowDiscount>
      <itemStatus>1</itemStatus>
      <LastUpdateDate />
      <LastUpdateTime />
    </Product>
    <Product>
      <PriceUpdateDate>2015/12/01 11:26</PriceUpdateDate>
      <ItemCode>7290000560540</ItemCode>
      <ItemType>1</ItemType>
      <ItemName>ג`ל גילוח לעור רגיש אדג` (198 גרם)</ItemName>
      <ManufactureName>דנשר (1963) בעמ</ManufactureName>
      <ManufactureCountry />
      <ManufactureItemDescription />
      <UnitQty>יח`</UnitQty>
      <Quantity>200</Quantity>
      <UnitMeasure>גרם</UnitMeasure>
      <BisWeighted>0</BisWeighted>
      <QtyInPackage>1</QtyInPackage>
      <ItemPrice>19.90</ItemPrice>
      <UnitOfMeasurePrice>9.95</UnitOfMeasurePrice>
      <AllowDiscount>1</AllowDiscount>
      <itemStatus>1</itemStatus>
      <LastUpdateDate />
      <LastUpdateTime />
    </Product>
    <Product>
      <PriceUpdateDate>2015/12/01 11:26</PriceUpdateDate>
      <ItemCode>7290000560557</ItemCode>
      <ItemType>1</ItemType>
      <ItemName>אדג` ג`ל גילוח 200 מל סגול כהה</ItemName>
      <ManufactureName>דנשר (1963) בעמ</ManufactureName>
      <ManufactureCountry />
      <ManufactureItemDescription />
      <UnitQty>יח`</UnitQty>
      <Quantity>200</Quantity>
      <UnitMeasure>גרם</UnitMeasure>
      <BisWeighted>0</BisWeighted>
      <QtyInPackage>1</QtyInPackage>
      <ItemPrice>19.90</ItemPrice>
      <UnitOfMeasurePrice>9.95</UnitOfMeasurePrice>
      <AllowDiscount>1</AllowDiscount>
      <itemStatus>1</itemStatus>
      <LastUpdateDate />
      <LastUpdateTime />
    </Product>
    <Product>
      <PriceUpdateDate>2017/01/15 11:02</PriceUpdateDate>
      <ItemCode>7290000561158</ItemCode>
      <ItemType>1</ItemType>
      <ItemName>תערובת אגוזים וחמוציות חממה (150 גרם)</ItemName>
      <ManufactureName>בוטנת בעמ</ManufactureName>
      <ManufactureCountry />
      <ManufactureItemDescription />
      <UnitQty>יח`</UnitQty>
      <Quantity>150</Quantity>
      <UnitMeasure>גרם</UnitMeasure>
      <BisWeighted>0</BisWeighted>
      <QtyInPackage>1</QtyInPackage>
      <ItemPrice>12.90</ItemPrice>
      <UnitOfMeasurePrice>8.60</UnitOfMeasurePrice>
      <AllowDiscount>1</AllowDiscount>
      <itemStatus>1</itemStatus>
      <LastUpdateDate />
      <LastUpdateTime />
    </Product>
    <Product>
      <PriceUpdateDate>2018/07/19 16:39</PriceUpdateDate>
      <ItemCode>7290000561301</ItemCode>
      <ItemType>1</ItemType>
      <ItemName>משמש 200 גר` פיצוחי חממה</ItemName>
      <ManufactureName>בוטנת בעמ</ManufactureName>
      <ManufactureCountry />
      <ManufactureItemDescription />
      <UnitQty>יח`</UnitQty>
      <Quantity>200</Quantity>
      <UnitMeasure>גרם</UnitMeasure>
      <BisWeighted>0</BisWeighted>
      <QtyInPackage>1</QtyInPackage>
      <ItemPrice>9.90</ItemPrice>
      <UnitOfMeasurePrice>4.95</UnitOfMeasurePrice>
      <AllowDiscount>0</AllowDiscount>
      <itemStatus>1</itemStatus>
      <LastUpdateDate />
      <LastUpdateTime />
    </Product>
    <Product>
      <PriceUpdateDate>2018/07/19 16:39</PriceUpdateDate>
      <ItemCode>7290000561325</ItemCode>
      <ItemType>1</ItemType>
      <ItemName>אגוז לוז טבעי 150  גר`פיצוחי חממה</ItemName>
      <ManufactureName>בוטנת בעמ</ManufactureName>
      <ManufactureCountry />
      <ManufactureItemDescription />
      <UnitQty>יח`</UnitQty>
      <Quantity>150</Quantity>
      <UnitMeasure>גרם</UnitMeasure>
      <BisWeighted>0</BisWeighted>
      <QtyInPackage>1</QtyInPackage>
      <ItemPrice>12.90</ItemPrice>
      <UnitOfMeasurePrice>8.60</UnitOfMeasurePrice>
      <AllowDiscount>0</AllowDiscount>
      <itemStatus>1</itemStatus>
      <LastUpdateDate />
      <LastUpdateTime />
    </Product>
    <Product>
      <PriceUpdateDate>2019/01/06 10:19</PriceUpdateDate>
      <ItemCode>7290000571386</ItemCode>
      <ItemType>1</ItemType>
      <ItemName>יוגורמה בית יצחק</ItemName>
      <ManufactureName>תנובה - חלב</ManufactureName>
      <ManufactureCountry />
      <ManufactureItemDescription />
      <UnitQty>יח`</UnitQty>
      <Quantity>850</Quantity>
      <UnitMeasure>מ"ל</UnitMeasure>
      <BisWeighted>0</BisWeighted>
      <QtyInPackage>1</QtyInPackage>
      <ItemPrice>26.90</ItemPrice>
      <UnitOfMeasurePrice>3.16</UnitOfMeasurePrice>
      <AllowDiscount>0</AllowDiscount>
      <itemStatus>1</itemStatus>
      <LastUpdateDate />
      <LastUpdateTime />
    </Product>
    <Product>
      <PriceUpdateDate>2019/01/06 10:19</PriceUpdateDate>
      <ItemCode>7290000571393</ItemCode>
      <ItemType>1</ItemType>
      <ItemName>יוגורמה 140 גר</ItemName>
      <ManufactureName>תנובה - חלב</ManufactureName>
      <ManufactureCountry />
      <ManufactureItemDescription />
      <UnitQty>יח`</UnitQty>
      <Quantity>140</Quantity>
      <UnitMeasure>מ"ל</UnitMeasure>
      <BisWeighted>0</BisWeighted>
      <QtyInPackage>1</QtyInPackage>
      <ItemPrice>6</ItemPrice>
      <UnitOfMeasurePrice>4.29</UnitOfMeasurePrice>
      <AllowDiscount>0</AllowDiscount>
      <itemStatus>1</itemStatus>
      <LastUpdateDate />
      <LastUpdateTime />
    </Product>
    <Product>
      <PriceUpdateDate>2019/10/27 08:31</PriceUpdateDate>
      <ItemCode>7290000572086</ItemCode>
      <ItemType>1</ItemType>
      <ItemName>טחינה אורגנית 500 גר`</ItemName>
      <ManufactureName>אחדות בעמ</ManufactureName>
      <ManufactureCountry />
      <ManufactureItemDescription />
      <UnitQty>יח`</UnitQty>
      <Quantity>500</Quantity>
      <UnitMeasure>גרם</UnitMeasure>
      <BisWeighted>0</BisWeighted>
      <QtyInPackage>1</QtyInPackage>
      <ItemPrice>11.90</ItemPrice>
      <UnitOfMeasurePrice>2.38</UnitOfMeasurePrice>
      <AllowDiscount>0</AllowDiscount>
      <itemStatus>1</itemStatus>
      <LastUpdateDate />
      <LastUpdateTime />
    </Product>
    <Product>
      <PriceUpdateDate>2015/12/01 09:38</PriceUpdateDate>
      <ItemCode>7290000572208</ItemCode>
      <ItemType>1</ItemType>
      <ItemName>חלבה וניל אחוה (100 גרם)</ItemName>
      <ManufactureName>אחדות בעמ</ManufactureName>
      <ManufactureCountry />
      <ManufactureItemDescription />
      <UnitQty>יח`</UnitQty>
      <Quantity>100</Quantity>
      <UnitMeasure>גרם</UnitMeasure>
      <BisWeighted>0</BisWeighted>
      <QtyInPackage>1</QtyInPackage>
      <ItemPrice>2.90</ItemPrice>
      <UnitOfMeasurePrice>2.90</UnitOfMeasurePrice>
      <AllowDiscount>0</AllowDiscount>
      <itemStatus>1</itemStatus>
      <LastUpdateDate />
      <LastUpdateTime />
    </Product>
    <Product>
      <PriceUpdateDate>2020/01/19 09:13</PriceUpdateDate>
      <ItemCode>7290000572222</ItemCode>
      <ItemType>1</ItemType>
      <ItemName>חלבה וניל אחוה (500 גרם)</ItemName>
      <ManufactureName>אחדות בעמ</ManufactureName>
      <ManufactureCountry />
      <ManufactureItemDescription />
      <UnitQty>יח`</UnitQty>
      <Quantity>500</Quantity>
      <UnitMeasure>גרם</UnitMeasure>
      <BisWeighted>0</BisWeighted>
      <QtyInPackage>1</QtyInPackage>
      <ItemPrice>9.90</ItemPrice>
      <UnitOfMeasurePrice>1.98</UnitOfMeasurePrice>
      <AllowDiscount>0</AllowDiscount>
      <itemStatus>1</itemStatus>
      <LastUpdateDate />
      <LastUpdateTime />
    </Product>
    <Product>
      <PriceUpdateDate>2013/12/24 14:18</PriceUpdateDate>
      <ItemCode>7290000572536</ItemCode>
      <ItemType>1</ItemType>
      <ItemName>חלבה וניל אחוה (400 גרם)</ItemName>
      <ManufactureName>אחדות בעמ</ManufactureName>
      <ManufactureCountry />
      <ManufactureItemDescription />
      <UnitQty>יח`</UnitQty>
      <Quantity>400</Quantity>
      <UnitMeasure>גרם</UnitMeasure>
      <BisWeighted>0</BisWeighted>
      <QtyInPackage>1</QtyInPackage>
      <ItemPrice>10.90</ItemPrice>
      <UnitOfMeasurePrice>2.73</UnitOfMeasurePrice>
      <AllowDiscount>0</AllowDiscount>
      <itemStatus>1</itemStatus>
      <LastUpdateDate />
      <LastUpdateTime />
    </Product>
    <Product>
      <PriceUpdateDate>2013/12/24 14:18</PriceUpdateDate>
      <ItemCode>7290000572543</ItemCode>
      <ItemType>1</ItemType>
      <ItemName>חלבה שוקו וניל אחוה (400 גרם)</ItemName>
      <ManufactureName>אחדות בעמ</ManufactureName>
      <ManufactureCountry />
      <ManufactureItemDescription />
      <UnitQty>יח`</UnitQty>
      <Quantity>400</Quantity>
      <UnitMeasure>גרם</UnitMeasure>
      <BisWeighted>0</BisWeighted>
      <QtyInPackage>1</QtyInPackage>
      <ItemPrice>10.90</ItemPrice>
      <UnitOfMeasurePrice>2.73</UnitOfMeasurePrice>
      <AllowDiscount>0</AllowDiscount>
      <itemStatus>1</itemStatus>
      <LastUpdateDate />
      <LastUpdateTime />
    </Product>
    <Product>
      <PriceUpdateDate>2016/08/04 08:35</PriceUpdateDate>
      <ItemCode>7290000572628</ItemCode>
      <ItemType>1</ItemType>
      <ItemName>חלבה בקופסא ללא סוכר 11 יח`</ItemName>
      <ManufactureName>אחדות בעמ</ManufactureName>
      <ManufactureCountry />
      <ManufactureItemDescription />
      <UnitQty>יח`</UnitQty>
      <Quantity>276</Quantity>
      <UnitMeasure>גרם</UnitMeasure>
      <BisWeighted>0</BisWeighted>
      <QtyInPackage>1</QtyInPackage>
      <ItemPrice>11.90</ItemPrice>
      <UnitOfMeasurePrice>4.31</UnitOfMeasurePrice>
      <AllowDiscount>0</AllowDiscount>
      <itemStatus>1</itemStatus>
      <LastUpdateDate />
      <LastUpdateTime />
    </Product>
    <Product>
      <PriceUpdateDate>2016/08/04 08:35</PriceUpdateDate>
      <ItemCode>7290000572673</ItemCode>
      <ItemType>1</ItemType>
      <ItemName>חלבה וניל קקאו ואגוזים אחוה (25x12 גרם)</ItemName>
      <ManufactureName>אחדות בעמ</ManufactureName>
      <ManufactureCountry />
      <ManufactureItemDescription />
      <UnitQty>יח`</UnitQty>
      <Quantity>300</Quantity>
      <UnitMeasure>גרם</UnitMeasure>
      <BisWeighted>0</BisWeighted>
      <QtyInPackage>1</QtyInPackage>
      <ItemPrice>11.90</ItemPrice>
      <UnitOfMeasurePrice>3.97</UnitOfMeasurePrice>
      <AllowDiscount>0</AllowDiscount>
      <itemStatus>1</itemStatus>
      <LastUpdateDate />
      <LastUpdateTime />
    </Product>
    <Product>
      <PriceUpdateDate>2019/10/27 08:31</PriceUpdateDate>
      <ItemCode>7290000572802</ItemCode>
      <ItemType>1</ItemType>
      <ItemName>טחינה שומשום אורגנית 500 גר`</ItemName>
      <ManufactureName>אחדות בעמ</ManufactureName>
      <ManufactureCountry />
      <ManufactureItemDescription />
      <UnitQty>יח`</UnitQty>
      <Quantity>500</Quantity>
      <UnitMeasure>גרם</UnitMeasure>
      <BisWeighted>0</BisWeighted>
      <QtyInPackage>1</QtyInPackage>
      <ItemPrice>11.90</ItemPrice>
      <UnitOfMeasurePrice>2.38</UnitOfMeasurePrice>
      <AllowDiscount>0</AllowDiscount>
      <itemStatus>1</itemStatus>
      <LastUpdateDate />
      <LastUpdateTime />
    </Product>
    <Product>
      <PriceUpdateDate>2016/03/15 12:48</PriceUpdateDate>
      <ItemCode>7290000572819</ItemCode>
      <ItemType>1</ItemType>
      <ItemName>טחינה גולמית אחוה (1 קג)</ItemName>
      <ManufactureName>אחדות בעמ</ManufactureName>
      <ManufactureCountry />
      <ManufactureItemDescription />
      <UnitQty>יח`</UnitQty>
      <Quantity>1</Quantity>
      <UnitMeasure>ק"ג</UnitMeasure>
      <BisWeighted>0</BisWeighted>
      <QtyInPackage>1</QtyInPackage>
      <ItemPrice>19.90</ItemPrice>
      <UnitOfMeasurePrice>19.90</UnitOfMeasurePrice>
      <AllowDiscount>1</AllowDiscount>
      <itemStatus>1</itemStatus>
      <LastUpdateDate />
      <LastUpdateTime />
    </Product>
    <Product>
      <PriceUpdateDate>2019/11/26 07:42</PriceUpdateDate>
      <ItemCode>7290000574028</ItemCode>
      <ItemType>1</ItemType>
      <ItemName>לחם שחור מעושר פלוס 750  גר`דגנית</ItemName>
      <ManufactureName>דגנית עין בר תעשיות מזון ואפיה</ManufactureName>
      <ManufactureCountry />
      <ManufactureItemDescription />
      <UnitQty>יח`</UnitQty>
      <Quantity>750</Quantity>
      <UnitMeasure>גרם</UnitMeasure>
      <BisWeighted>0</BisWeighted>
      <QtyInPackage>1</QtyInPackage>
      <ItemPrice>7.90</ItemPrice>
      <UnitOfMeasurePrice>1.05</UnitOfMeasurePrice>
      <AllowDiscount>0</AllowDiscount>
      <itemStatus>1</itemStatus>
      <LastUpdateDate />
      <LastUpdateTime />
    </Product>
    <Product>
      <PriceUpdateDate>2019/05/22 18:17</PriceUpdateDate>
      <ItemCode>7290000574035</ItemCode>
      <ItemType>1</ItemType>
      <ItemName>לחם אחיד פרוס דגנית עין בר (750 גרם)</ItemName>
      <ManufactureName>דגנית עין בר תעשיות מזון ואפיה</ManufactureName>
      <ManufactureCountry />
      <ManufactureItemDescription />
      <UnitQty>יח`</UnitQty>
      <Quantity>750</Quantity>
      <UnitMeasure>גרם</UnitMeasure>
      <BisWeighted>0</BisWeighted>
      <QtyInPackage>1</QtyInPackage>
      <ItemPrice>5.90</ItemPrice>
      <UnitOfMeasurePrice>0.79</UnitOfMeasurePrice>
      <AllowDiscount>0</AllowDiscount>
      <itemStatus>1</itemStatus>
      <LastUpdateDate />
      <LastUpdateTime />
    </Product>
    <Product>
      <PriceUpdateDate>2018/12/10 17:06</PriceUpdateDate>
      <ItemCode>7290000574141</ItemCode>
      <ItemType>1</ItemType>
      <ItemName>לחם חיטה מלאה 750  גר`דגנית</ItemName>
      <ManufactureName>דגנית עין בר תעשיות מזון ואפיה</ManufactureName>
      <ManufactureCountry />
      <ManufactureItemDescription />
      <UnitQty>יח`</UnitQty>
      <Quantity>750</Quantity>
      <UnitMeasure>גרם</UnitMeasure>
      <BisWeighted>0</BisWeighted>
      <QtyInPackage>1</QtyInPackage>
      <ItemPrice>13.90</ItemPrice>
      <UnitOfMeasurePrice>1.85</UnitOfMeasurePrice>
      <AllowDiscount>0</AllowDiscount>
      <itemStatus>1</itemStatus>
      <LastUpdateDate />
      <LastUpdateTime />
    </Product>
    <Product>
      <PriceUpdateDate>2018/02/06 12:11</PriceUpdateDate>
      <ItemCode>7290000574172</ItemCode>
      <ItemType>1</ItemType>
      <ItemName>לחם קל חיטה מלאה 750  גר`דגנית</ItemName>
      <ManufactureName>דגנית עין בר תעשיות מזון ואפיה</ManufactureName>
      <ManufactureCountry />
      <ManufactureItemDescription />
      <UnitQty>יח`</UnitQty>
      <Quantity>750</Quantity>
      <UnitMeasure>גרם</UnitMeasure>
      <BisWeighted>0</BisWeighted>
      <QtyInPackage>1</QtyInPackage>
      <ItemPrice>14.90</ItemPrice>
      <UnitOfMeasurePrice>1.99</UnitOfMeasurePrice>
      <AllowDiscount>0</AllowDiscount>
      <itemStatus>1</itemStatus>
      <LastUpdateDate />
      <LastUpdateTime />
    </Product>
    <Product>
      <PriceUpdateDate>2018/02/06 12:11</PriceUpdateDate>
      <ItemCode>7290000574370</ItemCode>
      <ItemType>1</ItemType>
      <ItemName>לחם שיפון אמיתי קל 750  גר`דגנית</ItemName>
      <ManufactureName>דגנית עין בר תעשיות מזון ואפיה</ManufactureName>
      <ManufactureCountry />
      <ManufactureItemDescription />
      <UnitQty>יח`</UnitQty>
      <Quantity>750</Quantity>
      <UnitMeasure>גרם</UnitMeasure>
      <BisWeighted>0</BisWeighted>
      <QtyInPackage>1</QtyInPackage>
      <ItemPrice>14.90</ItemPrice>
      <UnitOfMeasurePrice>1.99</UnitOfMeasurePrice>
      <AllowDiscount>0</AllowDiscount>
      <itemStatus>1</itemStatus>
      <LastUpdateDate />
      <LastUpdateTime />
    </Product>
    <Product>
      <PriceUpdateDate>2015/07/15 08:41</PriceUpdateDate>
      <ItemCode>7290000574455</ItemCode>
      <ItemType>1</ItemType>
      <ItemName>לחם חיטה מלא +כוסמין דגנית</ItemName>
      <ManufactureName>דגנית עין בר תעשיות מזון ואפיה</ManufactureName>
      <ManufactureCountry />
      <ManufactureItemDescription />
      <UnitQty>יח`</UnitQty>
      <Quantity>750</Quantity>
      <UnitMeasure>גרם</UnitMeasure>
      <BisWeighted>0</BisWeighted>
      <QtyInPackage>1</QtyInPackage>
      <ItemPrice>13.90</ItemPrice>
      <UnitOfMeasurePrice>1.85</UnitOfMeasurePrice>
      <AllowDiscount>1</AllowDiscount>
      <itemStatus>1</itemStatus>
      <LastUpdateDate />
      <LastUpdateTime />
    </Product>
    <Product>
      <PriceUpdateDate>2020/03/29 11:21</PriceUpdateDate>
      <ItemCode>7290000591742</ItemCode>
      <ItemType>1</ItemType>
      <ItemName>קמח מצה 500  גר`ראשון לציון</ItemName>
      <ManufactureName>אם החיטה בעמ</ManufactureName>
      <ManufactureCountry />
      <ManufactureItemDescription />
      <UnitQty>יח`</UnitQty>
      <Quantity>500</Quantity>
      <UnitMeasure>גרם</UnitMeasure>
      <BisWeighted>0</BisWeighted>
      <QtyInPackage>1</QtyInPackage>
      <ItemPrice>7.50</ItemPrice>
      <UnitOfMeasurePrice>1.50</UnitOfMeasurePrice>
      <AllowDiscount>0</AllowDiscount>
      <itemStatus>1</itemStatus>
      <LastUpdateDate />
      <LastUpdateTime />
    </Product>
    <Product>
      <PriceUpdateDate>2020/01/22 08:40</PriceUpdateDate>
      <ItemCode>7290000599571</ItemCode>
      <ItemType>1</ItemType>
      <ItemName>צמר פלדה 200  גר`shiny</ItemName>
      <ManufactureName>מ.א.ייצור ויבוא מטליות בעמ</ManufactureName>
      <ManufactureCountry />
      <ManufactureItemDescription />
      <UnitQty>יח`</UnitQty>
      <Quantity>200</Quantity>
      <UnitMeasure>גרם</UnitMeasure>
      <BisWeighted>0</BisWeighted>
      <QtyInPackage>1</QtyInPackage>
      <ItemPrice>4.90</ItemPrice>
      <UnitOfMeasurePrice>2.45</UnitOfMeasurePrice>
      <AllowDiscount>0</AllowDiscount>
      <itemStatus>1</itemStatus>
      <LastUpdateDate />
      <LastUpdateTime />
    </Product>
    <Product>
      <PriceUpdateDate>2016/01/10 08:46</PriceUpdateDate>
      <ItemCode>7290000599946</ItemCode>
      <ItemType>1</ItemType>
      <ItemName>ספוג הפלא שישייה - shiny</ItemName>
      <ManufactureName>מ.א.ייצור ויבוא מטליות בעמ</ManufactureName>
      <ManufactureCountry />
      <ManufactureItemDescription />
      <UnitQty>יח`</UnitQty>
      <Quantity>1</Quantity>
      <UnitMeasure />
      <BisWeighted>0</BisWeighted>
      <QtyInPackage>1</QtyInPackage>
      <ItemPrice>6.90</ItemPrice>
      <UnitOfMeasurePrice>6.90</UnitOfMeasurePrice>
      <AllowDiscount>0</AllowDiscount>
      <itemStatus>1</itemStatus>
      <LastUpdateDate />
      <LastUpdateTime />
    </Product>
    <Product>
      <PriceUpdateDate>2015/04/29 11:25</PriceUpdateDate>
      <ItemCode>7290000679440</ItemCode>
      <ItemType>1</ItemType>
      <ItemName>קמיל בלו משחה לתינוק דר. פישר (100 גרם)</ItemName>
      <ManufactureName>פישר תעשיות פרמצבטיות בעמ</ManufactureName>
      <ManufactureCountry />
      <ManufactureItemDescription />
      <UnitQty>יח`</UnitQty>
      <Quantity>100</Quantity>
      <UnitMeasure>גרם</UnitMeasure>
      <BisWeighted>0</BisWeighted>
      <QtyInPackage>1</QtyInPackage>
      <ItemPrice>14.90</ItemPrice>
      <UnitOfMeasurePrice>14.90</UnitOfMeasurePrice>
      <AllowDiscount>0</AllowDiscount>
      <itemStatus>1</itemStatus>
      <LastUpdateDate />
      <LastUpdateTime />
    </Product>
    <Product>
      <PriceUpdateDate>2013/12/31 09:50</PriceUpdateDate>
      <ItemCode>7290000688084</ItemCode>
      <ItemType>1</ItemType>
      <ItemName>מי עדן ספורט 1/2 ליטר</ItemName>
      <ManufactureName>יפאורה</ManufactureName>
      <ManufactureCountry />
      <ManufactureItemDescription />
      <UnitQty>יח`</UnitQty>
      <Quantity>500</Quantity>
      <UnitMeasure>מ"ל</UnitMeasure>
      <BisWeighted>0</BisWeighted>
      <QtyInPackage>1</QtyInPackage>
      <ItemPrice>3.50</ItemPrice>
      <UnitOfMeasurePrice>0.64</UnitOfMeasurePrice>
      <AllowDiscount>0</AllowDiscount>
      <itemStatus>1</itemStatus>
      <LastUpdateDate />
      <LastUpdateTime />
    </Product>
    <Product>
      <PriceUpdateDate>2015/11/30 14:34</PriceUpdateDate>
      <ItemCode>7290000688114</ItemCode>
      <ItemType>1</ItemType>
      <ItemName>מי עדן 1.5 ליטר בודד</ItemName>
      <ManufactureName>יפאורה</ManufactureName>
      <ManufactureCountry />
      <ManufactureItemDescription />
      <UnitQty>יח`</UnitQty>
      <Quantity>1.50</Quantity>
      <UnitMeasure>1 ליטר</UnitMeasure>
      <BisWeighted>0</BisWeighted>
      <QtyInPackage>1</QtyInPackage>
      <ItemPrice>3.50</ItemPrice>
      <UnitOfMeasurePrice>2.33</UnitOfMeasurePrice>
      <AllowDiscount>1</AllowDiscount>
      <itemStatus>1</itemStatus>
      <LastUpdateDate />
      <LastUpdateTime />
    </Product>
    <Product>
      <PriceUpdateDate>2013/12/31 09:50</PriceUpdateDate>
      <ItemCode>7290000688374</ItemCode>
      <ItemType>1</ItemType>
      <ItemName>מים מינרלים בייבי מי עדן (250x6 מל)</ItemName>
      <ManufactureName>יפאורה</ManufactureName>
      <ManufactureCountry />
      <ManufactureItemDescription />
      <UnitQty>יח`</UnitQty>
      <Quantity>1.50</Quantity>
      <UnitMeasure>1 ליטר</UnitMeasure>
      <BisWeighted>0</BisWeighted>
      <QtyInPackage>1</QtyInPackage>
      <ItemPrice>13.90</ItemPrice>
      <UnitOfMeasurePrice>8.07</UnitOfMeasurePrice>
      <AllowDiscount>0</AllowDiscount>
      <itemStatus>1</itemStatus>
      <LastUpdateDate />
      <LastUpdateTime />
    </Product>
    <Product>
      <PriceUpdateDate>2015/05/28 08:54</PriceUpdateDate>
      <ItemCode>7290000688381</ItemCode>
      <ItemType>1</ItemType>
      <ItemName>מים מינרלים פקק ספורט מי עדן (500x6 מל)</ItemName>
      <ManufactureName>יפאורה</ManufactureName>
      <ManufactureCountry />
      <ManufactureItemDescription />
      <UnitQty>יח`</UnitQty>
      <Quantity>3000</Quantity>
      <UnitMeasure>מ"ל</UnitMeasure>
      <BisWeighted>0</BisWeighted>
      <QtyInPackage>1</QtyInPackage>
      <ItemPrice>12.90</ItemPrice>
      <UnitOfMeasurePrice>0.37</UnitOfMeasurePrice>
      <AllowDiscount>0</AllowDiscount>
      <itemStatus>1</itemStatus>
      <LastUpdateDate />
      <LastUpdateTime />
    </Product>
    <Product>
      <PriceUpdateDate>2014/05/11 10:00</PriceUpdateDate>
      <ItemCode>7290000688466</ItemCode>
      <ItemType>1</ItemType>
      <ItemName>מי עדן 0.75 ליטר ספורט בודד</ItemName>
      <ManufactureName>יפאורה</ManufactureName>
      <ManufactureCountry />
      <ManufactureItemDescription />
      <UnitQty>יח`</UnitQty>
      <Quantity>750</Quantity>
      <UnitMeasure>מ"ל</UnitMeasure>
      <BisWeighted>0</BisWeighted>
      <QtyInPackage>1</QtyInPackage>
      <ItemPrice>3.50</ItemPrice>
      <UnitOfMeasurePrice>0.43</UnitOfMeasurePrice>
      <AllowDiscount>0</AllowDiscount>
      <itemStatus>1</itemStatus>
      <LastUpdateDate />
      <LastUpdateTime />
    </Product>
    <Product>
      <PriceUpdateDate>2015/05/28 08:54</PriceUpdateDate>
      <ItemCode>7290000688732</ItemCode>
      <ItemType>1</ItemType>
      <ItemName>מים מינרלים מי עדן (1.5x6 ליטר)</ItemName>
      <ManufactureName>יפאורה</ManufactureName>
      <ManufactureCountry />
      <ManufactureItemDescription />
      <UnitQty>יח`</UnitQty>
      <Quantity>9</Quantity>
      <UnitMeasure>1 ליטר</UnitMeasure>
      <BisWeighted>0</BisWeighted>
      <QtyInPackage>1</QtyInPackage>
      <ItemPrice>10.90</ItemPrice>
      <UnitOfMeasurePrice>1.21</UnitOfMeasurePrice>
      <AllowDiscount>0</AllowDiscount>
      <itemStatus>1</itemStatus>
      <LastUpdateDate />
      <LastUpdateTime />
    </Product>
    <Product>
      <PriceUpdateDate>2015/09/09 09:45</PriceUpdateDate>
      <ItemCode>7290000692227</ItemCode>
      <ItemType>1</ItemType>
      <ItemName>נוזל לניקוי כלים קלאסי פלמוליב (1 ליטר)</ItemName>
      <ManufactureName>ש.שסטוביץ בעמ</ManufactureName>
      <ManufactureCountry />
      <ManufactureItemDescription />
      <UnitQty>יח`</UnitQty>
      <Quantity>1000</Quantity>
      <UnitMeasure>מ"ל</UnitMeasure>
      <BisWeighted>0</BisWeighted>
      <QtyInPackage>1</QtyInPackage>
      <ItemPrice>13.90</ItemPrice>
      <UnitOfMeasurePrice>1.39</UnitOfMeasurePrice>
      <AllowDiscount>0</AllowDiscount>
      <itemStatus>1</itemStatus>
      <LastUpdateDate />
      <LastUpdateTime />
    </Product>
    <Product>
      <PriceUpdateDate>2015/10/07 08:14</PriceUpdateDate>
      <ItemCode>7290000692302</ItemCode>
      <ItemType>1</ItemType>
      <ItemName>אג`קס ניקוי כללי כחול 2 ליטר חדש</ItemName>
      <ManufactureName>ש.שסטוביץ בעמ</ManufactureName>
      <ManufactureCountry />
      <ManufactureItemDescription />
      <UnitQty>יח`</UnitQty>
      <Quantity>2000</Quantity>
      <UnitMeasure>מ"ל</UnitMeasure>
      <BisWeighted>0</BisWeighted>
      <QtyInPackage>1</QtyInPackage>
      <ItemPrice>22.90</ItemPrice>
      <UnitOfMeasurePrice>1.15</UnitOfMeasurePrice>
      <AllowDiscount>0</AllowDiscount>
      <itemStatus>1</itemStatus>
      <LastUpdateDate />
      <LastUpdateTime />
    </Product>
    <Product>
      <PriceUpdateDate>2018/02/21 10:00</PriceUpdateDate>
      <ItemCode>7290000692937</ItemCode>
      <ItemType>1</ItemType>
      <ItemName>קולגייט משפחתי זוגות 100 גר` אדומה כשלפ</ItemName>
      <ManufactureName>ש.שסטוביץ בעמ</ManufactureName>
      <ManufactureCountry />
      <ManufactureItemDescription />
      <UnitQty>יח`</UnitQty>
      <Quantity>200</Quantity>
      <UnitMeasure>גרם</UnitMeasure>
      <BisWeighted>0</BisWeighted>
      <QtyInPackage>1</QtyInPackage>
      <ItemPrice>19.90</ItemPrice>
      <UnitOfMeasurePrice>9.95</UnitOfMeasurePrice>
      <AllowDiscount>0</AllowDiscount>
      <itemStatus>1</itemStatus>
      <LastUpdateDate />
      <LastUpdateTime />
    </Product>
    <Product>
      <PriceUpdateDate>2015/09/09 09:45</PriceUpdateDate>
      <ItemCode>7290000803067</ItemCode>
      <ItemType>1</ItemType>
      <ItemName>אלמקס משחת שיניים ילדים 75מל</ItemName>
      <ManufactureName>ש.שסטוביץ בעמ</ManufactureName>
      <ManufactureCountry />
      <ManufactureItemDescription />
      <UnitQty>יח`</UnitQty>
      <Quantity>75</Quantity>
      <UnitMeasure>גרם</UnitMeasure>
      <BisWeighted>0</BisWeighted>
      <QtyInPackage>1</QtyInPackage>
      <ItemPrice>14.90</ItemPrice>
      <UnitOfMeasurePrice>19.87</UnitOfMeasurePrice>
      <AllowDiscount>1</AllowDiscount>
      <itemStatus>1</itemStatus>
      <LastUpdateDate />
      <LastUpdateTime />
    </Product>
    <Product>
      <PriceUpdateDate>2019/08/29 09:13</PriceUpdateDate>
      <ItemCode>7290000805917</ItemCode>
      <ItemType>1</ItemType>
      <ItemName>לה קט כבד2.85 קג</ItemName>
      <ManufactureName>שחורי אריה ואנסטסיה</ManufactureName>
      <ManufactureCountry />
      <ManufactureItemDescription />
      <UnitQty>יח`</UnitQty>
      <Quantity>2.85</Quantity>
      <UnitMeasure>ק"ג</UnitMeasure>
      <BisWeighted>0</BisWeighted>
      <QtyInPackage>1</QtyInPackage>
      <ItemPrice>59.90</ItemPrice>
      <UnitOfMeasurePrice>21.02</UnitOfMeasurePrice>
      <AllowDiscount>0</AllowDiscount>
      <itemStatus>1</itemStatus>
      <LastUpdateDate />
      <LastUpdateTime />
    </Product>
    <Product>
      <PriceUpdateDate>2017/05/04 08:32</PriceUpdateDate>
      <ItemCode>7290000909387</ItemCode>
      <ItemType>1</ItemType>
      <ItemName>ניוקי תפוחי אדמה אבאל( 1קג)</ItemName>
      <ManufactureName>אבאל יזמות בעמ</ManufactureName>
      <ManufactureCountry />
      <ManufactureItemDescription />
      <UnitQty>יח`</UnitQty>
      <Quantity>1000</Quantity>
      <UnitMeasure>גרם</UnitMeasure>
      <BisWeighted>0</BisWeighted>
      <QtyInPackage>1</QtyInPackage>
      <ItemPrice>9.90</ItemPrice>
      <UnitOfMeasurePrice>0.99</UnitOfMeasurePrice>
      <AllowDiscount>1</AllowDiscount>
      <itemStatus>1</itemStatus>
      <LastUpdateDate />
      <LastUpdateTime />
    </Product>
    <Product>
      <PriceUpdateDate>2018/08/12 10:21</PriceUpdateDate>
      <ItemCode>7290000995410</ItemCode>
      <ItemType>1</ItemType>
      <ItemName>נבטים סיני</ItemName>
      <ManufactureName>א.אדמה (2007) בעמ</ManufactureName>
      <ManufactureCountry />
      <ManufactureItemDescription />
      <UnitQty>יח`</UnitQty>
      <Quantity>1</Quantity>
      <UnitMeasure />
      <BisWeighted>0</BisWeighted>
      <QtyInPackage>1</QtyInPackage>
      <ItemPrice>7.90</ItemPrice>
      <UnitOfMeasurePrice>7.90</UnitOfMeasurePrice>
      <AllowDiscount>1</AllowDiscount>
      <itemStatus>1</itemStatus>
      <LastUpdateDate />
      <LastUpdateTime />
    </Product>
    <Product>
      <PriceUpdateDate>2015/03/03 10:33</PriceUpdateDate>
      <ItemCode>7290001041123</ItemCode>
      <ItemType>1</ItemType>
      <ItemName>שקד מולבן פרוס 100 גר`</ItemName>
      <ManufactureName>מיה תעשיות מזון מ.ת.מ. בעמ</ManufactureName>
      <ManufactureCountry />
      <ManufactureItemDescription />
      <UnitQty>יח`</UnitQty>
      <Quantity>100</Quantity>
      <UnitMeasure>גרם</UnitMeasure>
      <BisWeighted>0</BisWeighted>
      <QtyInPackage>1</QtyInPackage>
      <ItemPrice>11.90</ItemPrice>
      <UnitOfMeasurePrice>11.90</UnitOfMeasurePrice>
      <AllowDiscount>1</AllowDiscount>
      <itemStatus>1</itemStatus>
      <LastUpdateDate />
      <LastUpdateTime />
    </Product>
    <Product>
      <PriceUpdateDate>2018/08/19 16:12</PriceUpdateDate>
      <ItemCode>7290001041130</ItemCode>
      <ItemType>1</ItemType>
      <ItemName>ממרח תמרים 450 גר`</ItemName>
      <ManufactureName>מיה תעשיות מזון מ.ת.מ. בעמ</ManufactureName>
      <ManufactureCountry />
      <ManufactureItemDescription />
      <UnitQty>יח`</UnitQty>
      <Quantity>450</Quantity>
      <UnitMeasure>גרם</UnitMeasure>
      <BisWeighted>0</BisWeighted>
      <QtyInPackage>1</QtyInPackage>
      <ItemPrice>4.90</ItemPrice>
      <UnitOfMeasurePrice>1.09</UnitOfMeasurePrice>
      <AllowDiscount>0</AllowDiscount>
      <itemStatus>1</itemStatus>
      <LastUpdateDate />
      <LastUpdateTime />
    </Product>
    <Product>
      <PriceUpdateDate>2019/09/01 10:33</PriceUpdateDate>
      <ItemCode>7290001041147</ItemCode>
      <ItemType>1</ItemType>
      <ItemName>חומוס גדול מיה (1 קג)</ItemName>
      <ManufactureName>מיה תעשיות מזון מ.ת.מ. בעמ</ManufactureName>
      <ManufactureCountry />
      <ManufactureItemDescription />
      <UnitQty>יח`</UnitQty>
      <Quantity>1</Quantity>
      <UnitMeasure>ק"ג</UnitMeasure>
      <BisWeighted>0</BisWeighted>
      <QtyInPackage>1</QtyInPackage>
      <ItemPrice>11.90</ItemPrice>
      <UnitOfMeasurePrice>11.90</UnitOfMeasurePrice>
      <AllowDiscount>0</AllowDiscount>
      <itemStatus>1</itemStatus>
      <LastUpdateDate />
      <LastUpdateTime />
    </Product>
    <Product>
      <PriceUpdateDate>2015/05/27 11:22</PriceUpdateDate>
      <ItemCode>7290001041185</ItemCode>
      <ItemType>1</ItemType>
      <ItemName>פופקורן 1 קג`</ItemName>
      <ManufactureName>מיה תעשיות מזון מ.ת.מ. בעמ</ManufactureName>
      <ManufactureCountry />
      <ManufactureItemDescription />
      <UnitQty>יח`</UnitQty>
      <Quantity>1000</Quantity>
      <UnitMeasure>גרם</UnitMeasure>
      <BisWeighted>0</BisWeighted>
      <QtyInPackage>1</QtyInPackage>
      <ItemPrice>11.90</ItemPrice>
      <UnitOfMeasurePrice>1.19</UnitOfMeasurePrice>
      <AllowDiscount>0</AllowDiscount>
      <itemStatus>1</itemStatus>
      <LastUpdateDate />
      <LastUpdateTime />
    </Product>
    <Product>
      <PriceUpdateDate>2016/01/03 09:02</PriceUpdateDate>
      <ItemCode>7290001041192</ItemCode>
      <ItemType>1</ItemType>
      <ItemName>עדשים אדומות מיה (1 קג)</ItemName>
      <ManufactureName>מיה תעשיות מזון מ.ת.מ. בעמ</ManufactureName>
      <ManufactureCountry />
      <ManufactureItemDescription />
      <UnitQty>יח`</UnitQty>
      <Quantity>1</Quantity>
      <UnitMeasure>ק"ג</UnitMeasure>
      <BisWeighted>0</BisWeighted>
      <QtyInPackage>1</QtyInPackage>
      <ItemPrice>11.90</ItemPrice>
      <UnitOfMeasurePrice>11.90</UnitOfMeasurePrice>
      <AllowDiscount>0</AllowDiscount>
      <itemStatus>1</itemStatus>
      <LastUpdateDate />
      <LastUpdateTime />
    </Product>
    <Product>
      <PriceUpdateDate>2015/12/17 08:34</PriceUpdateDate>
      <ItemCode>7290001041260</ItemCode>
      <ItemType>1</ItemType>
      <ItemName>שומשום מיה (400 גרם)</ItemName>
      <ManufactureName>מיה תעשיות מזון מ.ת.מ. בעמ</ManufactureName>
      <ManufactureCountry />
      <ManufactureItemDescription />
      <UnitQty>יח`</UnitQty>
      <Quantity>400</Quantity>
      <UnitMeasure>גרם</UnitMeasure>
      <BisWeighted>0</BisWeighted>
      <QtyInPackage>1</QtyInPackage>
      <ItemPrice>11.90</ItemPrice>
      <UnitOfMeasurePrice>2.98</UnitOfMeasurePrice>
      <AllowDiscount>1</AllowDiscount>
      <itemStatus>1</itemStatus>
      <LastUpdateDate />
      <LastUpdateTime />
    </Product>
    <Product>
      <PriceUpdateDate>2015/03/03 10:33</PriceUpdateDate>
      <ItemCode>7290001041833</ItemCode>
      <ItemType>1</ItemType>
      <ItemName>אגוזים טחונים 250 גר`</ItemName>
      <ManufactureName>מיה תעשיות מזון מ.ת.מ. בעמ</ManufactureName>
      <ManufactureCountry />
      <ManufactureItemDescription />
      <UnitQty>יח`</UnitQty>
      <Quantity>250</Quantity>
      <UnitMeasure>גרם</UnitMeasure>
      <BisWeighted>0</BisWeighted>
      <QtyInPackage>1</QtyInPackage>
      <ItemPrice>24.90</ItemPrice>
      <UnitOfMeasurePrice>9.96</UnitOfMeasurePrice>
      <AllowDiscount>0</AllowDiscount>
      <itemStatus>1</itemStatus>
      <LastUpdateDate />
      <LastUpdateTime />
    </Product>
    <Product>
      <PriceUpdateDate>2015/12/01 09:30</PriceUpdateDate>
      <ItemCode>7290001045169</ItemCode>
      <ItemType>1</ItemType>
      <ItemName>סחוט 1 ליטר פרימור</ItemName>
      <ManufactureName>שטראוס גרופ בעמ/מצונן</ManufactureName>
      <ManufactureCountry />
      <ManufactureItemDescription />
      <UnitQty>יח`</UnitQty>
      <Quantity>1</Quantity>
      <UnitMeasure>1 ליטר</UnitMeasure>
      <BisWeighted>0</BisWeighted>
      <QtyInPackage>1</QtyInPackage>
      <ItemPrice>16.20</ItemPrice>
      <UnitOfMeasurePrice>16.20</UnitOfMeasurePrice>
      <AllowDiscount>0</AllowDiscount>
      <itemStatus>1</itemStatus>
      <LastUpdateDate />
      <LastUpdateTime />
    </Product>
    <Product>
      <PriceUpdateDate>2015/04/13 10:34</PriceUpdateDate>
      <ItemCode>7290001045220</ItemCode>
      <ItemType>1</ItemType>
      <ItemName>מיץ תפוזים סחוט טבעי פרימור (2 ליטר)</ItemName>
      <ManufactureName>שטראוס גרופ בעמ/מצונן</ManufactureName>
      <ManufactureCountry />
      <ManufactureItemDescription />
      <UnitQty>יח`</UnitQty>
      <Quantity>2</Quantity>
      <UnitMeasure>1 ליטר</UnitMeasure>
      <BisWeighted>0</BisWeighted>
      <QtyInPackage>1</QtyInPackage>
      <ItemPrice>25.80</ItemPrice>
      <UnitOfMeasurePrice>12.90</UnitOfMeasurePrice>
      <AllowDiscount>0</AllowDiscount>
      <itemStatus>1</itemStatus>
      <LastUpdateDate />
      <LastUpdateTime />
    </Product>
    <Product>
      <PriceUpdateDate>2015/04/13 10:34</PriceUpdateDate>
      <ItemCode>7290001045237</ItemCode>
      <ItemType>1</ItemType>
      <ItemName>משקה קל לימונענע פרימור (2 ליטר)</ItemName>
      <ManufactureName>שטראוס גרופ בעמ/מצונן</ManufactureName>
      <ManufactureCountry />
      <ManufactureItemDescription />
      <UnitQty>יח`</UnitQty>
      <Quantity>2000</Quantity>
      <UnitMeasure>מ"ל</UnitMeasure>
      <BisWeighted>0</BisWeighted>
      <QtyInPackage>1</QtyInPackage>
      <ItemPrice>25.80</ItemPrice>
      <UnitOfMeasurePrice>1.29</UnitOfMeasurePrice>
      <AllowDiscount>0</AllowDiscount>
      <itemStatus>1</itemStatus>
      <LastUpdateDate />
      <LastUpdateTime />
    </Product>
    <Product>
      <PriceUpdateDate>2019/08/09 16:15</PriceUpdateDate>
      <ItemCode>7290001072110</ItemCode>
      <ItemType>1</ItemType>
      <ItemName>נובו אל סבון  כחול+ משאבה 1 ליטר</ItemName>
      <ManufactureName>סאסאטק אגשח בעמ</ManufactureName>
      <ManufactureCountry />
      <ManufactureItemDescription />
      <UnitQty>יח`</UnitQty>
      <Quantity>1000</Quantity>
      <UnitMeasure>מ"ל</UnitMeasure>
      <BisWeighted>0</BisWeighted>
      <QtyInPackage>1</QtyInPackage>
      <ItemPrice>9.90</ItemPrice>
      <UnitOfMeasurePrice>0.99</UnitOfMeasurePrice>
      <AllowDiscount>0</AllowDiscount>
      <itemStatus>1</itemStatus>
      <LastUpdateDate />
      <LastUpdateTime />
    </Product>
    <Product>
      <PriceUpdateDate>2018/02/21 09:19</PriceUpdateDate>
      <ItemCode>7290001121054</ItemCode>
      <ItemType>1</ItemType>
      <ItemName>צמד חמד 700 גר` יחיעם</ItemName>
      <ManufactureName>מעדני יחיעם (1993) בעמ</ManufactureName>
      <ManufactureCountry />
      <ManufactureItemDescription />
      <UnitQty>יח`</UnitQty>
      <Quantity>700</Quantity>
      <UnitMeasure>גרם</UnitMeasure>
      <BisWeighted>0</BisWeighted>
      <QtyInPackage>1</QtyInPackage>
      <ItemPrice>25.90</ItemPrice>
      <UnitOfMeasurePrice>3.70</UnitOfMeasurePrice>
      <AllowDiscount>0</AllowDiscount>
      <itemStatus>1</itemStatus>
      <LastUpdateDate />
      <LastUpdateTime />
    </Product>
    <Product>
      <PriceUpdateDate>2017/06/28 11:45</PriceUpdateDate>
      <ItemCode>7290001121849</ItemCode>
      <ItemType>1</ItemType>
      <ItemName>פסטרמה 100% 250גר`</ItemName>
      <ManufactureName>מעדני יחיעם (1993) בעמ</ManufactureName>
      <ManufactureCountry />
      <ManufactureItemDescription />
      <UnitQty>יח`</UnitQty>
      <Quantity>250</Quantity>
      <UnitMeasure>גרם</UnitMeasure>
      <BisWeighted>0</BisWeighted>
      <QtyInPackage>1</QtyInPackage>
      <ItemPrice>24.90</ItemPrice>
      <UnitOfMeasurePrice>9.96</UnitOfMeasurePrice>
      <AllowDiscount>0</AllowDiscount>
      <itemStatus>1</itemStatus>
      <LastUpdateDate />
      <LastUpdateTime />
    </Product>
    <Product>
      <PriceUpdateDate>2018/02/28 09:12</PriceUpdateDate>
      <ItemCode>7290001124611</ItemCode>
      <ItemType>1</ItemType>
      <ItemName>שומן כבש 200 גר</ItemName>
      <ManufactureName>נטו מלינדה סחר בעמ</ManufactureName>
      <ManufactureCountry />
      <ManufactureItemDescription />
      <UnitQty>יח`</UnitQty>
      <Quantity>200</Quantity>
      <UnitMeasure>גרם</UnitMeasure>
      <BisWeighted>0</BisWeighted>
      <QtyInPackage>1</QtyInPackage>
      <ItemPrice>14.90</ItemPrice>
      <UnitOfMeasurePrice>7.45</UnitOfMeasurePrice>
      <AllowDiscount>0</AllowDiscount>
      <itemStatus>1</itemStatus>
      <LastUpdateDate />
      <LastUpdateTime />
    </Product>
    <Product>
      <PriceUpdateDate>2018/07/09 14:23</PriceUpdateDate>
      <ItemCode>7290001133958</ItemCode>
      <ItemType>1</ItemType>
      <ItemName>נקניקות צוריסוס קפוא 500 גר</ItemName>
      <ManufactureName>בלדי בעמ</ManufactureName>
      <ManufactureCountry />
      <ManufactureItemDescription />
      <UnitQty>יח`</UnitQty>
      <Quantity>500</Quantity>
      <UnitMeasure>גרם</UnitMeasure>
      <BisWeighted>0</BisWeighted>
      <QtyInPackage>1</QtyInPackage>
      <ItemPrice>18.90</ItemPrice>
      <UnitOfMeasurePrice>3.78</UnitOfMeasurePrice>
      <AllowDiscount>0</AllowDiscount>
      <itemStatus>1</itemStatus>
      <LastUpdateDate />
      <LastUpdateTime />
    </Product>
    <Product>
      <PriceUpdateDate>2019/01/31 09:52</PriceUpdateDate>
      <ItemCode>7290001136287</ItemCode>
      <ItemType>1</ItemType>
      <ItemName>נקה 7 שמפו 750 מל ירוק</ItemName>
      <ManufactureName>החברה הדרומית לשיווק בעמ</ManufactureName>
      <ManufactureCountry />
      <ManufactureItemDescription />
      <UnitQty>יח`</UnitQty>
      <Quantity>750</Quantity>
      <UnitMeasure>מ"ל</UnitMeasure>
      <BisWeighted>0</BisWeighted>
      <QtyInPackage>1</QtyInPackage>
      <ItemPrice>10.90</ItemPrice>
      <UnitOfMeasurePrice>1.45</UnitOfMeasurePrice>
      <AllowDiscount>1</AllowDiscount>
      <itemStatus>1</itemStatus>
      <LastUpdateDate />
      <LastUpdateTime />
    </Product>
    <Product>
      <PriceUpdateDate>2019/01/31 09:52</PriceUpdateDate>
      <ItemCode>7290001136294</ItemCode>
      <ItemType>1</ItemType>
      <ItemName>נקה 7 שמפו 750 מל</ItemName>
      <ManufactureName>החברה הדרומית לשיווק בעמ</ManufactureName>
      <ManufactureCountry />
      <ManufactureItemDescription />
      <UnitQty>יח`</UnitQty>
      <Quantity>750</Quantity>
      <UnitMeasure>מ"ל</UnitMeasure>
      <BisWeighted>0</BisWeighted>
      <QtyInPackage>1</QtyInPackage>
      <ItemPrice>10.90</ItemPrice>
      <UnitOfMeasurePrice>1.45</UnitOfMeasurePrice>
      <AllowDiscount>1</AllowDiscount>
      <itemStatus>1</itemStatus>
      <LastUpdateDate />
      <LastUpdateTime />
    </Product>
    <Product>
      <PriceUpdateDate>2019/01/31 09:52</PriceUpdateDate>
      <ItemCode>7290001136683</ItemCode>
      <ItemType>1</ItemType>
      <ItemName>נקה 7 מרכך 750 מל ירוק</ItemName>
      <ManufactureName>החברה הדרומית לשיווק בעמ</ManufactureName>
      <ManufactureCountry />
      <ManufactureItemDescription />
      <UnitQty>יח`</UnitQty>
      <Quantity>750</Quantity>
      <UnitMeasure>מ"ל</UnitMeasure>
      <BisWeighted>0</BisWeighted>
      <QtyInPackage>1</QtyInPackage>
      <ItemPrice>10.90</ItemPrice>
      <UnitOfMeasurePrice>1.45</UnitOfMeasurePrice>
      <AllowDiscount>1</AllowDiscount>
      <itemStatus>1</itemStatus>
      <LastUpdateDate />
      <LastUpdateTime />
    </Product>
    <Product>
      <PriceUpdateDate>2019/01/22 08:30</PriceUpdateDate>
      <ItemCode>7290001201596</ItemCode>
      <ItemType>1</ItemType>
      <ItemName>ביצים 12 יחידות M פיקוח</ItemName>
      <ManufactureName>מ לסר בעמ - חברה לשיווק ביצים</ManufactureName>
      <ManufactureCountry />
      <ManufactureItemDescription />
      <UnitQty>יח`</UnitQty>
      <Quantity>1</Quantity>
      <UnitMeasure />
      <BisWeighted>0</BisWeighted>
      <QtyInPackage>1</QtyInPackage>
      <ItemPrice>10.40</ItemPrice>
      <UnitOfMeasurePrice>10.40</UnitOfMeasurePrice>
      <AllowDiscount>0</AllowDiscount>
      <itemStatus>1</itemStatus>
      <LastUpdateDate />
      <LastUpdateTime />
    </Product>
    <Product>
      <PriceUpdateDate>2019/01/22 08:30</PriceUpdateDate>
      <ItemCode>7290001201602</ItemCode>
      <ItemType>1</ItemType>
      <ItemName>ביצים 18  יח`L פיקוח</ItemName>
      <ManufactureName>מ לסר בעמ - חברה לשיווק ביצים</ManufactureName>
      <ManufactureCountry />
      <ManufactureItemDescription />
      <UnitQty>יח`</UnitQty>
      <Quantity>1</Quantity>
      <UnitMeasure />
      <BisWeighted>0</BisWeighted>
      <QtyInPackage>1</QtyInPackage>
      <ItemPrice>16.90</ItemPrice>
      <UnitOfMeasurePrice>16.90</UnitOfMeasurePrice>
      <AllowDiscount>0</AllowDiscount>
      <itemStatus>1</itemStatus>
      <LastUpdateDate />
      <LastUpdateTime />
    </Product>
    <Product>
      <PriceUpdateDate>2019/01/22 08:30</PriceUpdateDate>
      <ItemCode>7290001201619</ItemCode>
      <ItemType>1</ItemType>
      <ItemName>ביצים 18  יח`M פיקוח</ItemName>
      <ManufactureName>מ לסר בעמ - חברה לשיווק ביצים</ManufactureName>
      <ManufactureCountry />
      <ManufactureItemDescription />
      <UnitQty>יח`</UnitQty>
      <Quantity>1</Quantity>
      <UnitMeasure />
      <BisWeighted>0</BisWeighted>
      <QtyInPackage>1</QtyInPackage>
      <ItemPrice>15.60</ItemPrice>
      <UnitOfMeasurePrice>15.60</UnitOfMeasurePrice>
      <AllowDiscount>0</AllowDiscount>
      <itemStatus>1</itemStatus>
      <LastUpdateDate />
      <LastUpdateTime />
    </Product>
    <Product>
      <PriceUpdateDate>2019/04/15 16:31</PriceUpdateDate>
      <ItemCode>7290001216040</ItemCode>
      <ItemType>1</ItemType>
      <ItemName>טחינה רגילה 500 גר` אל ארז</ItemName>
      <ManufactureName>אגס ירוק מסחר ושירותים בעמ</ManufactureName>
      <ManufactureCountry />
      <ManufactureItemDescription />
      <UnitQty>יח`</UnitQty>
      <Quantity>500</Quantity>
      <UnitMeasure>גרם</UnitMeasure>
      <BisWeighted>0</BisWeighted>
      <QtyInPackage>1</QtyInPackage>
      <ItemPrice>14.90</ItemPrice>
      <UnitOfMeasurePrice>2.98</UnitOfMeasurePrice>
      <AllowDiscount>0</AllowDiscount>
      <itemStatus>1</itemStatus>
      <LastUpdateDate />
      <LastUpdateTime />
    </Product>
    <Product>
      <PriceUpdateDate>2019/12/11 15:24</PriceUpdateDate>
      <ItemCode>7290001216057</ItemCode>
      <ItemType>1</ItemType>
      <ItemName>טחינה 1 קג</ItemName>
      <ManufactureName>אגס ירוק מסחר ושירותים בעמ</ManufactureName>
      <ManufactureCountry />
      <ManufactureItemDescription />
      <UnitQty>יח`</UnitQty>
      <Quantity>1000</Quantity>
      <UnitMeasure>גרם</UnitMeasure>
      <BisWeighted>0</BisWeighted>
      <QtyInPackage>1</QtyInPackage>
      <ItemPrice>29.90</ItemPrice>
      <UnitOfMeasurePrice>2.99</UnitOfMeasurePrice>
      <AllowDiscount>0</AllowDiscount>
      <itemStatus>1</itemStatus>
      <LastUpdateDate />
      <LastUpdateTime />
    </Product>
    <Product>
      <PriceUpdateDate>2019/12/11 15:24</PriceUpdateDate>
      <ItemCode>7290001216231</ItemCode>
      <ItemType>1</ItemType>
      <ItemName>טחינה משומשום מלא טחינה אל ארז (500 גרם)</ItemName>
      <ManufactureName>אגס ירוק מסחר ושירותים בעמ</ManufactureName>
      <ManufactureCountry />
      <ManufactureItemDescription />
      <UnitQty>יח`</UnitQty>
      <Quantity>500</Quantity>
      <UnitMeasure>גרם</UnitMeasure>
      <BisWeighted>0</BisWeighted>
      <QtyInPackage>1</QtyInPackage>
      <ItemPrice>15.90</ItemPrice>
      <UnitOfMeasurePrice>3.18</UnitOfMeasurePrice>
      <AllowDiscount>0</AllowDiscount>
      <itemStatus>1</itemStatus>
      <LastUpdateDate />
      <LastUpdateTime />
    </Product>
    <Product>
      <PriceUpdateDate>2019/08/09 16:15</PriceUpdateDate>
      <ItemCode>7290001245705</ItemCode>
      <ItemType>1</ItemType>
      <ItemName>אקונומיקה מבושמת 4 ליטר טאצ`</ItemName>
      <ManufactureName>סאסאטק אגשח בעמ</ManufactureName>
      <ManufactureCountry />
      <ManufactureItemDescription />
      <UnitQty>יח`</UnitQty>
      <Quantity>4000</Quantity>
      <UnitMeasure>מ"ל</UnitMeasure>
      <BisWeighted>0</BisWeighted>
      <QtyInPackage>1</QtyInPackage>
      <ItemPrice>9.90</ItemPrice>
      <UnitOfMeasurePrice>0.25</UnitOfMeasurePrice>
      <AllowDiscount>0</AllowDiscount>
      <itemStatus>1</itemStatus>
      <LastUpdateDate />
      <LastUpdateTime />
    </Product>
    <Product>
      <PriceUpdateDate>2019/08/09 16:15</PriceUpdateDate>
      <ItemCode>7290001245729</ItemCode>
      <ItemType>1</ItemType>
      <ItemName>ג`ל כביסה ירוק 3 ליטר טאצ`</ItemName>
      <ManufactureName>סאסאטק אגשח בעמ</ManufactureName>
      <ManufactureCountry />
      <ManufactureItemDescription />
      <UnitQty>יח`</UnitQty>
      <Quantity>3</Quantity>
      <UnitMeasure>1 ליטר</UnitMeasure>
      <BisWeighted>0</BisWeighted>
      <QtyInPackage>1</QtyInPackage>
      <ItemPrice>17.90</ItemPrice>
      <UnitOfMeasurePrice>5.97</UnitOfMeasurePrice>
      <AllowDiscount>1</AllowDiscount>
      <itemStatus>1</itemStatus>
      <LastUpdateDate />
      <LastUpdateTime />
    </Product>
    <Product>
      <PriceUpdateDate>2019/08/09 16:15</PriceUpdateDate>
      <ItemCode>7290001245750</ItemCode>
      <ItemType>1</ItemType>
      <ItemName>נוזל כלים תפוח 750 מל טאצ</ItemName>
      <ManufactureName>סאסאטק אגשח בעמ</ManufactureName>
      <ManufactureCountry />
      <ManufactureItemDescription />
      <UnitQty>יח`</UnitQty>
      <Quantity>1</Quantity>
      <UnitMeasure />
      <BisWeighted>0</BisWeighted>
      <QtyInPackage>1</QtyInPackage>
      <ItemPrice>5.90</ItemPrice>
      <UnitOfMeasurePrice>5.90</UnitOfMeasurePrice>
      <AllowDiscount>0</AllowDiscount>
      <itemStatus>1</itemStatus>
      <LastUpdateDate />
      <LastUpdateTime />
    </Product>
    <Product>
      <PriceUpdateDate>2019/08/09 16:15</PriceUpdateDate>
      <ItemCode>7290001245774</ItemCode>
      <ItemType>1</ItemType>
      <ItemName>נוזל כלים לימון 750 מל טאצ</ItemName>
      <ManufactureName>סאסאטק אגשח בעמ</ManufactureName>
      <ManufactureCountry />
      <ManufactureItemDescription />
      <UnitQty>יח`</UnitQty>
      <Quantity>1</Quantity>
      <UnitMeasure />
      <BisWeighted>0</BisWeighted>
      <QtyInPackage>1</QtyInPackage>
      <ItemPrice>5.90</ItemPrice>
      <UnitOfMeasurePrice>5.90</UnitOfMeasurePrice>
      <AllowDiscount>0</AllowDiscount>
      <itemStatus>1</itemStatus>
      <LastUpdateDate />
      <LastUpdateTime />
    </Product>
    <Product>
      <PriceUpdateDate>2019/08/09 16:15</PriceUpdateDate>
      <ItemCode>7290001245798</ItemCode>
      <ItemType>1</ItemType>
      <ItemName>נוזל כלים לימון 1.6 ליטר טאצ</ItemName>
      <ManufactureName>סאסאטק אגשח בעמ</ManufactureName>
      <ManufactureCountry />
      <ManufactureItemDescription />
      <UnitQty>יח`</UnitQty>
      <Quantity>1</Quantity>
      <UnitMeasure />
      <BisWeighted>0</BisWeighted>
      <QtyInPackage>1</QtyInPackage>
      <ItemPrice>9.90</ItemPrice>
      <UnitOfMeasurePrice>9.90</UnitOfMeasurePrice>
      <AllowDiscount>0</AllowDiscount>
      <itemStatus>1</itemStatus>
      <LastUpdateDate />
      <LastUpdateTime />
    </Product>
    <Product>
      <PriceUpdateDate>2019/08/09 16:15</PriceUpdateDate>
      <ItemCode>7290001245804</ItemCode>
      <ItemType>1</ItemType>
      <ItemName>נוזל כלים לבנדר 750 מל טאצ</ItemName>
      <ManufactureName>סאסאטק אגשח בעמ</ManufactureName>
      <ManufactureCountry />
      <ManufactureItemDescription />
      <UnitQty>יח`</UnitQty>
      <Quantity>1</Quantity>
      <UnitMeasure />
      <BisWeighted>0</BisWeighted>
      <QtyInPackage>1</QtyInPackage>
      <ItemPrice>5.90</ItemPrice>
      <UnitOfMeasurePrice>5.90</UnitOfMeasurePrice>
      <AllowDiscount>0</AllowDiscount>
      <itemStatus>1</itemStatus>
      <LastUpdateDate />
      <LastUpdateTime />
    </Product>
    <Product>
      <PriceUpdateDate>2019/08/09 16:15</PriceUpdateDate>
      <ItemCode>7290001245828</ItemCode>
      <ItemType>1</ItemType>
      <ItemName>נוזל כלים קלאסי 1.6 ליטר טאצ</ItemName>
      <ManufactureName>סאסאטק אגשח בעמ</ManufactureName>
      <ManufactureCountry />
      <ManufactureItemDescription />
      <UnitQty>יח`</UnitQty>
      <Quantity>1</Quantity>
      <UnitMeasure />
      <BisWeighted>0</BisWeighted>
      <QtyInPackage>1</QtyInPackage>
      <ItemPrice>9.90</ItemPrice>
      <UnitOfMeasurePrice>9.90</UnitOfMeasurePrice>
      <AllowDiscount>0</AllowDiscount>
      <itemStatus>1</itemStatus>
      <LastUpdateDate />
      <LastUpdateTime />
    </Product>
    <Product>
      <PriceUpdateDate>2019/11/12 09:39</PriceUpdateDate>
      <ItemCode>7290001245842</ItemCode>
      <ItemType>1</ItemType>
      <ItemName>נוזל רצפות מאסק 4 ליטר טאצ</ItemName>
      <ManufactureName>סאסאטק אגשח בעמ</ManufactureName>
      <ManufactureCountry />
      <ManufactureItemDescription />
      <UnitQty>יח`</UnitQty>
      <Quantity>4000</Quantity>
      <UnitMeasure>מ"ל</UnitMeasure>
      <BisWeighted>0</BisWeighted>
      <QtyInPackage>1</QtyInPackage>
      <ItemPrice>13.90</ItemPrice>
      <UnitOfMeasurePrice>0.35</UnitOfMeasurePrice>
      <AllowDiscount>1</AllowDiscount>
      <itemStatus>1</itemStatus>
      <LastUpdateDate />
      <LastUpdateTime />
    </Product>
    <Product>
      <PriceUpdateDate>2019/11/12 09:39</PriceUpdateDate>
      <ItemCode>7290001245897</ItemCode>
      <ItemType>1</ItemType>
      <ItemName>נוזל רצפות יסמין 4 ליטר טאצ`</ItemName>
      <ManufactureName>סאסאטק אגשח בעמ</ManufactureName>
      <ManufactureCountry />
      <ManufactureItemDescription />
      <UnitQty>יח`</UnitQty>
      <Quantity>4000</Quantity>
      <UnitMeasure>מ"ל</UnitMeasure>
      <BisWeighted>0</BisWeighted>
      <QtyInPackage>1</QtyInPackage>
      <ItemPrice>13.90</ItemPrice>
      <UnitOfMeasurePrice>0.35</UnitOfMeasurePrice>
      <AllowDiscount>1</AllowDiscount>
      <itemStatus>1</itemStatus>
      <LastUpdateDate />
      <LastUpdateTime />
    </Product>
    <Product>
      <PriceUpdateDate>2019/08/09 16:15</PriceUpdateDate>
      <ItemCode>7290001245903</ItemCode>
      <ItemType>1</ItemType>
      <ItemName>מרכך כביסה מרוכז 1 ליטר ורוד</ItemName>
      <ManufactureName>סאסאטק אגשח בעמ</ManufactureName>
      <ManufactureCountry />
      <ManufactureItemDescription />
      <UnitQty>יח`</UnitQty>
      <Quantity>1000</Quantity>
      <UnitMeasure>מ"ל</UnitMeasure>
      <BisWeighted>0</BisWeighted>
      <QtyInPackage>1</QtyInPackage>
      <ItemPrice>8.90</ItemPrice>
      <UnitOfMeasurePrice>0.89</UnitOfMeasurePrice>
      <AllowDiscount>0</AllowDiscount>
      <itemStatus>1</itemStatus>
      <LastUpdateDate />
      <LastUpdateTime />
    </Product>
    <Product>
      <PriceUpdateDate>2019/08/09 16:15</PriceUpdateDate>
      <ItemCode>7290001245910</ItemCode>
      <ItemType>1</ItemType>
      <ItemName>מרכך כביסה מרוכז 1 ליטר כחול</ItemName>
      <ManufactureName>סאסאטק אגשח בעמ</ManufactureName>
      <ManufactureCountry />
      <ManufactureItemDescription />
      <UnitQty>יח`</UnitQty>
      <Quantity>1000</Quantity>
      <UnitMeasure>מ"ל</UnitMeasure>
      <BisWeighted>0</BisWeighted>
      <QtyInPackage>1</QtyInPackage>
      <ItemPrice>8.90</ItemPrice>
      <UnitOfMeasurePrice>0.89</UnitOfMeasurePrice>
      <AllowDiscount>0</AllowDiscount>
      <itemStatus>1</itemStatus>
      <LastUpdateDate />
      <LastUpdateTime />
    </Product>
    <Product>
      <PriceUpdateDate>2019/08/09 16:15</PriceUpdateDate>
      <ItemCode>7290001245958</ItemCode>
      <ItemType>1</ItemType>
      <ItemName>מרכך כביסה 4 ליטר ורוד</ItemName>
      <ManufactureName>סאסאטק אגשח בעמ</ManufactureName>
      <ManufactureCountry />
      <ManufactureItemDescription />
      <UnitQty>יח`</UnitQty>
      <Quantity>4000</Quantity>
      <UnitMeasure>מ"ל</UnitMeasure>
      <BisWeighted>0</BisWeighted>
      <QtyInPackage>1</QtyInPackage>
      <ItemPrice>13.90</ItemPrice>
      <UnitOfMeasurePrice>0.35</UnitOfMeasurePrice>
      <AllowDiscount>1</AllowDiscount>
      <itemStatus>1</itemStatus>
      <LastUpdateDate />
      <LastUpdateTime />
    </Product>
    <Product>
      <PriceUpdateDate>2019/08/09 16:15</PriceUpdateDate>
      <ItemCode>7290001245965</ItemCode>
      <ItemType>1</ItemType>
      <ItemName>מרכך כביסה 4 ליטר כחול</ItemName>
      <ManufactureName>סאסאטק אגשח בעמ</ManufactureName>
      <ManufactureCountry />
      <ManufactureItemDescription />
      <UnitQty>יח`</UnitQty>
      <Quantity>4000</Quantity>
      <UnitMeasure>מ"ל</UnitMeasure>
      <BisWeighted>0</BisWeighted>
      <QtyInPackage>1</QtyInPackage>
      <ItemPrice>13.90</ItemPrice>
      <UnitOfMeasurePrice>0.35</UnitOfMeasurePrice>
      <AllowDiscount>1</AllowDiscount>
      <itemStatus>1</itemStatus>
      <LastUpdateDate />
      <LastUpdateTime />
    </Product>
    <Product>
      <PriceUpdateDate>2019/08/09 16:15</PriceUpdateDate>
      <ItemCode>7290001245972</ItemCode>
      <ItemType>1</ItemType>
      <ItemName>מרכך כביסה 4 ליטר לבן</ItemName>
      <ManufactureName>סאסאטק אגשח בעמ</ManufactureName>
      <ManufactureCountry />
      <ManufactureItemDescription />
      <UnitQty>יח`</UnitQty>
      <Quantity>4000</Quantity>
      <UnitMeasure>מ"ל</UnitMeasure>
      <BisWeighted>0</BisWeighted>
      <QtyInPackage>1</QtyInPackage>
      <ItemPrice>13.90</ItemPrice>
      <UnitOfMeasurePrice>0.35</UnitOfMeasurePrice>
      <AllowDiscount>1</AllowDiscount>
      <itemStatus>1</itemStatus>
      <LastUpdateDate />
      <LastUpdateTime />
    </Product>
    <Product>
      <PriceUpdateDate>2019/08/09 16:15</PriceUpdateDate>
      <ItemCode>7290001246054</ItemCode>
      <ItemType>1</ItemType>
      <ItemName>פותח סתימות 1 ליטר טאצ</ItemName>
      <ManufactureName>סאסאטק אגשח בעמ</ManufactureName>
      <ManufactureCountry />
      <ManufactureItemDescription />
      <UnitQty>יח`</UnitQty>
      <Quantity>1000</Quantity>
      <UnitMeasure>מ"ל</UnitMeasure>
      <BisWeighted>0</BisWeighted>
      <QtyInPackage>1</QtyInPackage>
      <ItemPrice>11.90</ItemPrice>
      <UnitOfMeasurePrice>1.19</UnitOfMeasurePrice>
      <AllowDiscount>0</AllowDiscount>
      <itemStatus>1</itemStatus>
      <LastUpdateDate />
      <LastUpdateTime />
    </Product>
    <Product>
      <PriceUpdateDate>2019/08/09 16:15</PriceUpdateDate>
      <ItemCode>7290001246085</ItemCode>
      <ItemType>1</ItemType>
      <ItemName>נוזל לניקוי חלונות 1 ליטר טאצ</ItemName>
      <ManufactureName>סאסאטק אגשח בעמ</ManufactureName>
      <ManufactureCountry />
      <ManufactureItemDescription />
      <UnitQty>יח`</UnitQty>
      <Quantity>1000</Quantity>
      <UnitMeasure>מ"ל</UnitMeasure>
      <BisWeighted>0</BisWeighted>
      <QtyInPackage>1</QtyInPackage>
      <ItemPrice>5.90</ItemPrice>
      <UnitOfMeasurePrice>0.59</UnitOfMeasurePrice>
      <AllowDiscount>0</AllowDiscount>
      <itemStatus>1</itemStatus>
      <LastUpdateDate />
      <LastUpdateTime />
    </Product>
    <Product>
      <PriceUpdateDate>2019/11/13 10:05</PriceUpdateDate>
      <ItemCode>7290001246122</ItemCode>
      <ItemType>1</ItemType>
      <ItemName>תרסיס ניקוי כללי 750 מל +אקונומיקה טאצ`</ItemName>
      <ManufactureName>סאסאטק אגשח בעמ</ManufactureName>
      <ManufactureCountry />
      <ManufactureItemDescription />
      <UnitQty>יח`</UnitQty>
      <Quantity>750</Quantity>
      <UnitMeasure>מ"ל</UnitMeasure>
      <BisWeighted>0</BisWeighted>
      <QtyInPackage>1</QtyInPackage>
      <ItemPrice>11.90</ItemPrice>
      <UnitOfMeasurePrice>1.59</UnitOfMeasurePrice>
      <AllowDiscount>0</AllowDiscount>
      <itemStatus>1</itemStatus>
      <LastUpdateDate />
      <LastUpdateTime />
    </Product>
    <Product>
      <PriceUpdateDate>2019/11/13 10:05</PriceUpdateDate>
      <ItemCode>7290001246221</ItemCode>
      <ItemType>1</ItemType>
      <ItemName>תרסיס מטהר אוויר לימון 300 מל טאצ</ItemName>
      <ManufactureName>סאסאטק אגשח בעמ</ManufactureName>
      <ManufactureCountry />
      <ManufactureItemDescription />
      <UnitQty>יח`</UnitQty>
      <Quantity>1</Quantity>
      <UnitMeasure />
      <BisWeighted>0</BisWeighted>
      <QtyInPackage>1</QtyInPackage>
      <ItemPrice>5.90</ItemPrice>
      <UnitOfMeasurePrice>5.90</UnitOfMeasurePrice>
      <AllowDiscount>0</AllowDiscount>
      <itemStatus>1</itemStatus>
      <LastUpdateDate />
      <LastUpdateTime />
    </Product>
    <Product>
      <PriceUpdateDate>2019/11/13 10:05</PriceUpdateDate>
      <ItemCode>7290001246276</ItemCode>
      <ItemType>1</ItemType>
      <ItemName>תרסיס מטהר אוויר אורנים 300 מל טא`צ</ItemName>
      <ManufactureName>סאסאטק אגשח בעמ</ManufactureName>
      <ManufactureCountry />
      <ManufactureItemDescription />
      <UnitQty>יח`</UnitQty>
      <Quantity>300</Quantity>
      <UnitMeasure>מ"ל</UnitMeasure>
      <BisWeighted>0</BisWeighted>
      <QtyInPackage>1</QtyInPackage>
      <ItemPrice>5.90</ItemPrice>
      <UnitOfMeasurePrice>1.97</UnitOfMeasurePrice>
      <AllowDiscount>0</AllowDiscount>
      <itemStatus>1</itemStatus>
      <LastUpdateDate />
      <LastUpdateTime />
    </Product>
    <Product>
      <PriceUpdateDate>2019/12/19 09:42</PriceUpdateDate>
      <ItemCode>7290001246474</ItemCode>
      <ItemType>1</ItemType>
      <ItemName>תרסיס ניקוי שטיחים 600 מל טא`צ</ItemName>
      <ManufactureName>סאסאטק אגשח בעמ</ManufactureName>
      <ManufactureCountry />
      <ManufactureItemDescription />
      <UnitQty>יח`</UnitQty>
      <Quantity>1</Quantity>
      <UnitMeasure />
      <BisWeighted>0</BisWeighted>
      <QtyInPackage>1</QtyInPackage>
      <ItemPrice>14.90</ItemPrice>
      <UnitOfMeasurePrice>14.90</UnitOfMeasurePrice>
      <AllowDiscount>0</AllowDiscount>
      <itemStatus>1</itemStatus>
      <LastUpdateDate />
      <LastUpdateTime />
    </Product>
    <Product>
      <PriceUpdateDate>2013/10/28 11:38</PriceUpdateDate>
      <ItemCode>7290001247006</ItemCode>
      <ItemType>1</ItemType>
      <ItemName>קריסטל 2 ליטר קולה</ItemName>
      <ManufactureName>יפאורה</ManufactureName>
      <ManufactureCountry />
      <ManufactureItemDescription />
      <UnitQty>יח`</UnitQty>
      <Quantity>2</Quantity>
      <UnitMeasure>1 ליטר</UnitMeasure>
      <BisWeighted>0</BisWeighted>
      <QtyInPackage>1</QtyInPackage>
      <ItemPrice>3.80</ItemPrice>
      <UnitOfMeasurePrice>1.90</UnitOfMeasurePrice>
      <AllowDiscount>0</AllowDiscount>
      <itemStatus>1</itemStatus>
      <LastUpdateDate />
      <LastUpdateTime />
    </Product>
    <Product>
      <PriceUpdateDate>2013/10/28 11:38</PriceUpdateDate>
      <ItemCode>7290001247020</ItemCode>
      <ItemType>1</ItemType>
      <ItemName>משקה  אורנג`קריסטל (2 ליטר)</ItemName>
      <ManufactureName>יפאורה</ManufactureName>
      <ManufactureCountry />
      <ManufactureItemDescription />
      <UnitQty>יח`</UnitQty>
      <Quantity>2</Quantity>
      <UnitMeasure>1 ליטר</UnitMeasure>
      <BisWeighted>0</BisWeighted>
      <QtyInPackage>1</QtyInPackage>
      <ItemPrice>3.80</ItemPrice>
      <UnitOfMeasurePrice>1.90</UnitOfMeasurePrice>
      <AllowDiscount>0</AllowDiscount>
      <itemStatus>1</itemStatus>
      <LastUpdateDate />
      <LastUpdateTime />
    </Product>
    <Product>
      <PriceUpdateDate>2013/10/28 11:38</PriceUpdateDate>
      <ItemCode>7290001247037</ItemCode>
      <ItemType>1</ItemType>
      <ItemName>משקה מנטה קריסטל (2 ליטר)</ItemName>
      <ManufactureName>יפאורה</ManufactureName>
      <ManufactureCountry />
      <ManufactureItemDescription />
      <UnitQty>יח`</UnitQty>
      <Quantity>2</Quantity>
      <UnitMeasure>1 ליטר</UnitMeasure>
      <BisWeighted>0</BisWeighted>
      <QtyInPackage>1</QtyInPackage>
      <ItemPrice>3.80</ItemPrice>
      <UnitOfMeasurePrice>1.90</UnitOfMeasurePrice>
      <AllowDiscount>0</AllowDiscount>
      <itemStatus>1</itemStatus>
      <LastUpdateDate />
      <LastUpdateTime />
    </Product>
    <Product>
      <PriceUpdateDate>2013/10/28 11:38</PriceUpdateDate>
      <ItemCode>7290001247051</ItemCode>
      <ItemType>1</ItemType>
      <ItemName>קריסטל 2 ליטר למון ליים</ItemName>
      <ManufactureName>יפאורה</ManufactureName>
      <ManufactureCountry />
      <ManufactureItemDescription />
      <UnitQty>יח`</UnitQty>
      <Quantity>2</Quantity>
      <UnitMeasure>1 ליטר</UnitMeasure>
      <BisWeighted>0</BisWeighted>
      <QtyInPackage>1</QtyInPackage>
      <ItemPrice>3.80</ItemPrice>
      <UnitOfMeasurePrice>1.90</UnitOfMeasurePrice>
      <AllowDiscount>0</AllowDiscount>
      <itemStatus>1</itemStatus>
      <LastUpdateDate />
      <LastUpdateTime />
    </Product>
    <Product>
      <PriceUpdateDate>2015/11/30 14:34</PriceUpdateDate>
      <ItemCode>7290001247082</ItemCode>
      <ItemType>1</ItemType>
      <ItemName>מיץ עגבניות ספרינג (1 ליטר)</ItemName>
      <ManufactureName>יפאורה</ManufactureName>
      <ManufactureCountry />
      <ManufactureItemDescription />
      <UnitQty>יח`</UnitQty>
      <Quantity>1000</Quantity>
      <UnitMeasure>מ"ל</UnitMeasure>
      <BisWeighted>0</BisWeighted>
      <QtyInPackage>1</QtyInPackage>
      <ItemPrice>5.50</ItemPrice>
      <UnitOfMeasurePrice>0.55</UnitOfMeasurePrice>
      <AllowDiscount>1</AllowDiscount>
      <itemStatus>1</itemStatus>
      <LastUpdateDate />
      <LastUpdateTime />
    </Product>
    <Product>
      <PriceUpdateDate>2015/11/30 14:34</PriceUpdateDate>
      <ItemCode>7290001247099</ItemCode>
      <ItemType>1</ItemType>
      <ItemName>נקטר מנגו ספרינג (1 ליטר)</ItemName>
      <ManufactureName>יפאורה</ManufactureName>
      <ManufactureCountry />
      <ManufactureItemDescription />
      <UnitQty>יח`</UnitQty>
      <Quantity>1000</Quantity>
      <UnitMeasure>מ"ל</UnitMeasure>
      <BisWeighted>0</BisWeighted>
      <QtyInPackage>1</QtyInPackage>
      <ItemPrice>5.50</ItemPrice>
      <UnitOfMeasurePrice>0.55</UnitOfMeasurePrice>
      <AllowDiscount>1</AllowDiscount>
      <itemStatus>1</itemStatus>
      <LastUpdateDate />
      <LastUpdateTime />
    </Product>
    <Product>
      <PriceUpdateDate>2015/11/30 14:34</PriceUpdateDate>
      <ItemCode>7290001247105</ItemCode>
      <ItemType>1</ItemType>
      <ItemName>נקטר אפרסקים ספרינג (1 ליטר)</ItemName>
      <ManufactureName>יפאורה</ManufactureName>
      <ManufactureCountry />
      <ManufactureItemDescription />
      <UnitQty>יח`</UnitQty>
      <Quantity>1000</Quantity>
      <UnitMeasure>מ"ל</UnitMeasure>
      <BisWeighted>0</BisWeighted>
      <QtyInPackage>1</QtyInPackage>
      <ItemPrice>5.50</ItemPrice>
      <UnitOfMeasurePrice>0.55</UnitOfMeasurePrice>
      <AllowDiscount>1</AllowDiscount>
      <itemStatus>1</itemStatus>
      <LastUpdateDate />
      <LastUpdateTime />
    </Product>
    <Product>
      <PriceUpdateDate>2015/11/30 14:34</PriceUpdateDate>
      <ItemCode>7290001247112</ItemCode>
      <ItemType>1</ItemType>
      <ItemName>משקה קל לימונענע ספרינג (1 ליטר)</ItemName>
      <ManufactureName>יפאורה</ManufactureName>
      <ManufactureCountry />
      <ManufactureItemDescription />
      <UnitQty>יח`</UnitQty>
      <Quantity>1000</Quantity>
      <UnitMeasure>מ"ל</UnitMeasure>
      <BisWeighted>0</BisWeighted>
      <QtyInPackage>1</QtyInPackage>
      <ItemPrice>5.50</ItemPrice>
      <UnitOfMeasurePrice>0.55</UnitOfMeasurePrice>
      <AllowDiscount>1</AllowDiscount>
      <itemStatus>1</itemStatus>
      <LastUpdateDate />
      <LastUpdateTime />
    </Product>
    <Product>
      <PriceUpdateDate>2015/11/30 14:34</PriceUpdateDate>
      <ItemCode>7290001247129</ItemCode>
      <ItemType>1</ItemType>
      <ItemName>נקטר תפוזים ספרינג (1 ליטר)</ItemName>
      <ManufactureName>יפאורה</ManufactureName>
      <ManufactureCountry />
      <ManufactureItemDescription />
      <UnitQty>יח`</UnitQty>
      <Quantity>1000</Quantity>
      <UnitMeasure>מ"ל</UnitMeasure>
      <BisWeighted>0</BisWeighted>
      <QtyInPackage>1</QtyInPackage>
      <ItemPrice>5.50</ItemPrice>
      <UnitOfMeasurePrice>0.55</UnitOfMeasurePrice>
      <AllowDiscount>1</AllowDiscount>
      <itemStatus>1</itemStatus>
      <LastUpdateDate />
      <LastUpdateTime />
    </Product>
    <Product>
      <PriceUpdateDate>2015/11/30 14:34</PriceUpdateDate>
      <ItemCode>7290001247143</ItemCode>
      <ItemType>1</ItemType>
      <ItemName>נקטר תפוחים ספרינג (1 ליטר)</ItemName>
      <ManufactureName>יפאורה</ManufactureName>
      <ManufactureCountry />
      <ManufactureItemDescription />
      <UnitQty>יח`</UnitQty>
      <Quantity>1000</Quantity>
      <UnitMeasure>מ"ל</UnitMeasure>
      <BisWeighted>0</BisWeighted>
      <QtyInPackage>1</QtyInPackage>
      <ItemPrice>5.50</ItemPrice>
      <UnitOfMeasurePrice>0.55</UnitOfMeasurePrice>
      <AllowDiscount>1</AllowDiscount>
      <itemStatus>1</itemStatus>
      <LastUpdateDate />
      <LastUpdateTime />
    </Product>
    <Product>
      <PriceUpdateDate>2013/10/28 11:38</PriceUpdateDate>
      <ItemCode>7290001247211</ItemCode>
      <ItemType>1</ItemType>
      <ItemName>משקה ענבים מוגז קריסטל (2 ליטר)</ItemName>
      <ManufactureName>יפאורה</ManufactureName>
      <ManufactureCountry />
      <ManufactureItemDescription />
      <UnitQty>יח`</UnitQty>
      <Quantity>2</Quantity>
      <UnitMeasure>1 ליטר</UnitMeasure>
      <BisWeighted>0</BisWeighted>
      <QtyInPackage>1</QtyInPackage>
      <ItemPrice>3.80</ItemPrice>
      <UnitOfMeasurePrice>1.90</UnitOfMeasurePrice>
      <AllowDiscount>0</AllowDiscount>
      <itemStatus>1</itemStatus>
      <LastUpdateDate />
      <LastUpdateTime />
    </Product>
    <Product>
      <PriceUpdateDate>2019/03/24 10:34</PriceUpdateDate>
      <ItemCode>7290001247952</ItemCode>
      <ItemType>1</ItemType>
      <ItemName>משקה קל ענבים תפוזינה (1.5 ליטר)</ItemName>
      <ManufactureName>יפאורה</ManufactureName>
      <ManufactureCountry />
      <ManufactureItemDescription />
      <UnitQty>יח`</UnitQty>
      <Quantity>1500</Quantity>
      <UnitMeasure>מ"ל</UnitMeasure>
      <BisWeighted>0</BisWeighted>
      <QtyInPackage>1</QtyInPackage>
      <ItemPrice>6.50</ItemPrice>
      <UnitOfMeasurePrice>0.43</UnitOfMeasurePrice>
      <AllowDiscount>1</AllowDiscount>
      <itemStatus>1</itemStatus>
      <LastUpdateDate />
      <LastUpdateTime />
    </Product>
    <Product>
      <PriceUpdateDate>2014/08/11 16:27</PriceUpdateDate>
      <ItemCode>7290001265123</ItemCode>
      <ItemType>1</ItemType>
      <ItemName>דייסלה -2ב-1 דגנים מעורב</ItemName>
      <ManufactureName>קבוצת אסם סחר שות. מוגבלת</ManufactureName>
      <ManufactureCountry />
      <ManufactureItemDescription />
      <UnitQty>יח`</UnitQty>
      <Quantity>300</Quantity>
      <UnitMeasure>גרם</UnitMeasure>
      <BisWeighted>0</BisWeighted>
      <QtyInPackage>1</QtyInPackage>
      <ItemPrice>18.90</ItemPrice>
      <UnitOfMeasurePrice>6.30</UnitOfMeasurePrice>
      <AllowDiscount>1</AllowDiscount>
      <itemStatus>1</itemStatus>
      <LastUpdateDate />
      <LastUpdateTime />
    </Product>
    <Product>
      <PriceUpdateDate>2019/08/29 09:13</PriceUpdateDate>
      <ItemCode>7290001265642</ItemCode>
      <ItemType>1</ItemType>
      <ItemName>מזון חתולים רטוב לה קט (400x3 גרם)</ItemName>
      <ManufactureName>דיפלומט היינץ</ManufactureName>
      <ManufactureCountry />
      <ManufactureItemDescription />
      <UnitQty>יח`</UnitQty>
      <Quantity>1.20</Quantity>
      <UnitMeasure>ק"ג</UnitMeasure>
      <BisWeighted>0</BisWeighted>
      <QtyInPackage>1</QtyInPackage>
      <ItemPrice>19.90</ItemPrice>
      <UnitOfMeasurePrice>16.58</UnitOfMeasurePrice>
      <AllowDiscount>0</AllowDiscount>
      <itemStatus>1</itemStatus>
      <LastUpdateDate />
      <LastUpdateTime />
    </Product>
    <Product>
      <PriceUpdateDate>2013/12/31 09:51</PriceUpdateDate>
      <ItemCode>7290001274934</ItemCode>
      <ItemType>1</ItemType>
      <ItemName>מאגדת קרחונים דיאט שמינייה</ItemName>
      <ManufactureName>פלקו בעמ</ManufactureName>
      <ManufactureCountry />
      <ManufactureItemDescription />
      <UnitQty>יח`</UnitQty>
      <Quantity>640</Quantity>
      <UnitMeasure>גרם</UnitMeasure>
      <BisWeighted>0</BisWeighted>
      <QtyInPackage>1</QtyInPackage>
      <ItemPrice>22</ItemPrice>
      <UnitOfMeasurePrice>3.44</UnitOfMeasurePrice>
      <AllowDiscount>0</AllowDiscount>
      <itemStatus>1</itemStatus>
      <LastUpdateDate />
      <LastUpdateTime />
    </Product>
    <Product>
      <PriceUpdateDate>2013/12/31 09:51</PriceUpdateDate>
      <ItemCode>7290001274941</ItemCode>
      <ItemType>1</ItemType>
      <ItemName>מאגדת קרחונים דיאט שמינייה</ItemName>
      <ManufactureName>פלקו בעמ</ManufactureName>
      <ManufactureCountry />
      <ManufactureItemDescription />
      <UnitQty>יח`</UnitQty>
      <Quantity>640</Quantity>
      <UnitMeasure>גרם</UnitMeasure>
      <BisWeighted>0</BisWeighted>
      <QtyInPackage>1</QtyInPackage>
      <ItemPrice>22</ItemPrice>
      <UnitOfMeasurePrice>3.44</UnitOfMeasurePrice>
      <AllowDiscount>0</AllowDiscount>
      <itemStatus>1</itemStatus>
      <LastUpdateDate />
      <LastUpdateTime />
    </Product>
    <Product>
      <PriceUpdateDate>2017/06/01 10:26</PriceUpdateDate>
      <ItemCode>7290001305188</ItemCode>
      <ItemType>1</ItemType>
      <ItemName>פלמוליב כלים שקוף לימון 750 בקבוק חדש</ItemName>
      <ManufactureName>ש.שסטוביץ בעמ</ManufactureName>
      <ManufactureCountry />
      <ManufactureItemDescription />
      <UnitQty>יח`</UnitQty>
      <Quantity>750</Quantity>
      <UnitMeasure>מ"ל</UnitMeasure>
      <BisWeighted>0</BisWeighted>
      <QtyInPackage>1</QtyInPackage>
      <ItemPrice>11.90</ItemPrice>
      <UnitOfMeasurePrice>1.59</UnitOfMeasurePrice>
      <AllowDiscount>1</AllowDiscount>
      <itemStatus>1</itemStatus>
      <LastUpdateDate />
      <LastUpdateTime />
    </Product>
    <Product>
      <PriceUpdateDate>2015/06/29 08:29</PriceUpdateDate>
      <ItemCode>7290001327791</ItemCode>
      <ItemType>1</ItemType>
      <ItemName>שטראוס קרמיסימו</ItemName>
      <ManufactureName>גלידות שטראוס בעמ</ManufactureName>
      <ManufactureCountry />
      <ManufactureItemDescription />
      <UnitQty>יח`</UnitQty>
      <Quantity>1.33</Quantity>
      <UnitMeasure>1 ליטר</UnitMeasure>
      <BisWeighted>0</BisWeighted>
      <QtyInPackage>1</QtyInPackage>
      <ItemPrice>18.90</ItemPrice>
      <UnitOfMeasurePrice>14.21</UnitOfMeasurePrice>
      <AllowDiscount>1</AllowDiscount>
      <itemStatus>1</itemStatus>
      <LastUpdateDate />
      <LastUpdateTime />
    </Product>
    <Product>
      <PriceUpdateDate>2015/06/07 08:40</PriceUpdateDate>
      <ItemCode>7290001343845</ItemCode>
      <ItemType>1</ItemType>
      <ItemName>גרנולה עם תוספות 1 קג</ItemName>
      <ManufactureName>דין שיווק וקליה בעמ</ManufactureName>
      <ManufactureCountry />
      <ManufactureItemDescription />
      <UnitQty>יח`</UnitQty>
      <Quantity>1</Quantity>
      <UnitMeasure>ק"ג</UnitMeasure>
      <BisWeighted>0</BisWeighted>
      <QtyInPackage>1</QtyInPackage>
      <ItemPrice>19.90</ItemPrice>
      <UnitOfMeasurePrice>19.90</UnitOfMeasurePrice>
      <AllowDiscount>1</AllowDiscount>
      <itemStatus>1</itemStatus>
      <LastUpdateDate />
      <LastUpdateTime />
    </Product>
    <Product>
      <PriceUpdateDate>2015/09/03 09:28</PriceUpdateDate>
      <ItemCode>7290001407547</ItemCode>
      <ItemType>1</ItemType>
      <ItemName>טחינה בארכה שומשום מלא פי 6 סידן</ItemName>
      <ManufactureName>קבוצת אסם סחר שות. מוגבלת</ManufactureName>
      <ManufactureCountry />
      <ManufactureItemDescription />
      <UnitQty>יח`</UnitQty>
      <Quantity>500</Quantity>
      <UnitMeasure>גרם</UnitMeasure>
      <BisWeighted>0</BisWeighted>
      <QtyInPackage>1</QtyInPackage>
      <ItemPrice>12.90</ItemPrice>
      <UnitOfMeasurePrice>2.58</UnitOfMeasurePrice>
      <AllowDiscount>0</AllowDiscount>
      <itemStatus>1</itemStatus>
      <LastUpdateDate />
      <LastUpdateTime />
    </Product>
    <Product>
      <PriceUpdateDate>2015/08/26 10:38</PriceUpdateDate>
      <ItemCode>7290001407752</ItemCode>
      <ItemType>1</ItemType>
      <ItemName>טחינה עם פטרוזיליה בארכה (500 גרם)</ItemName>
      <ManufactureName>קבוצת אסם סחר שות. מוגבלת</ManufactureName>
      <ManufactureCountry />
      <ManufactureItemDescription />
      <UnitQty>יח`</UnitQty>
      <Quantity>500</Quantity>
      <UnitMeasure>גרם</UnitMeasure>
      <BisWeighted>0</BisWeighted>
      <QtyInPackage>1</QtyInPackage>
      <ItemPrice>12.90</ItemPrice>
      <UnitOfMeasurePrice>2.58</UnitOfMeasurePrice>
      <AllowDiscount>0</AllowDiscount>
      <itemStatus>1</itemStatus>
      <LastUpdateDate />
      <LastUpdateTime />
    </Product>
    <Product>
      <PriceUpdateDate>2015/12/20 09:26</PriceUpdateDate>
      <ItemCode>7290001407837</ItemCode>
      <ItemType>1</ItemType>
      <ItemName>חלבה שאמית קקאו בארכה (350 גרם)</ItemName>
      <ManufactureName>קבוצת אסם סחר שות. מוגבלת</ManufactureName>
      <ManufactureCountry />
      <ManufactureItemDescription />
      <UnitQty>יח`</UnitQty>
      <Quantity>350</Quantity>
      <UnitMeasure>גרם</UnitMeasure>
      <BisWeighted>0</BisWeighted>
      <QtyInPackage>1</QtyInPackage>
      <ItemPrice>14.90</ItemPrice>
      <UnitOfMeasurePrice>4.26</UnitOfMeasurePrice>
      <AllowDiscount>0</AllowDiscount>
      <itemStatus>1</itemStatus>
      <LastUpdateDate />
      <LastUpdateTime />
    </Product>
    <Product>
      <PriceUpdateDate>2015/10/14 13:06</PriceUpdateDate>
      <ItemCode>7290001419779</ItemCode>
      <ItemType>1</ItemType>
      <ItemName>וופל קלאסי שוקולד 200 גר` עלמה</ItemName>
      <ManufactureName>רזיט שיווק בעמ</ManufactureName>
      <ManufactureCountry />
      <ManufactureItemDescription />
      <UnitQty>יח`</UnitQty>
      <Quantity>200</Quantity>
      <UnitMeasure>גרם</UnitMeasure>
      <BisWeighted>0</BisWeighted>
      <QtyInPackage>1</QtyInPackage>
      <ItemPrice>2.90</ItemPrice>
      <UnitOfMeasurePrice>1.45</UnitOfMeasurePrice>
      <AllowDiscount>1</AllowDiscount>
      <itemStatus>1</itemStatus>
      <LastUpdateDate />
      <LastUpdateTime />
    </Product>
    <Product>
      <PriceUpdateDate>2019/05/30 07:35</PriceUpdateDate>
      <ItemCode>7290001419793</ItemCode>
      <ItemType>1</ItemType>
      <ItemName>גביעי גלידה מגולגל 12 יח עלמה</ItemName>
      <ManufactureName>רזיט שיווק בעמ</ManufactureName>
      <ManufactureCountry />
      <ManufactureItemDescription />
      <UnitQty>יח`</UnitQty>
      <Quantity>1</Quantity>
      <UnitMeasure />
      <BisWeighted>0</BisWeighted>
      <QtyInPackage>1</QtyInPackage>
      <ItemPrice>11.90</ItemPrice>
      <UnitOfMeasurePrice>11.90</UnitOfMeasurePrice>
      <AllowDiscount>1</AllowDiscount>
      <itemStatus>1</itemStatus>
      <LastUpdateDate />
      <LastUpdateTime />
    </Product>
    <Product>
      <PriceUpdateDate>2015/10/14 13:06</PriceUpdateDate>
      <ItemCode>7290001419892</ItemCode>
      <ItemType>1</ItemType>
      <ItemName>וופל קלאסי לימון 200 גר` עלמה</ItemName>
      <ManufactureName>רזיט שיווק בעמ</ManufactureName>
      <ManufactureCountry />
      <ManufactureItemDescription />
      <UnitQty>יח`</UnitQty>
      <Quantity>200</Quantity>
      <UnitMeasure>גרם</UnitMeasure>
      <BisWeighted>0</BisWeighted>
      <QtyInPackage>1</QtyInPackage>
      <ItemPrice>2.90</ItemPrice>
      <UnitOfMeasurePrice>1.45</UnitOfMeasurePrice>
      <AllowDiscount>1</AllowDiscount>
      <itemStatus>1</itemStatus>
      <LastUpdateDate />
      <LastUpdateTime />
    </Product>
    <Product>
      <PriceUpdateDate>2014/05/07 07:57</PriceUpdateDate>
      <ItemCode>7290001462010</ItemCode>
      <ItemType>1</ItemType>
      <ItemName>אריסה ביתית תבליני ביטון יוחאי (250 גרם)</ItemName>
      <ManufactureName>נטו מלינדה סחר בעמ</ManufactureName>
      <ManufactureCountry />
      <ManufactureItemDescription />
      <UnitQty>יח`</UnitQty>
      <Quantity>250</Quantity>
      <UnitMeasure>גרם</UnitMeasure>
      <BisWeighted>0</BisWeighted>
      <QtyInPackage>1</QtyInPackage>
      <ItemPrice>13.90</ItemPrice>
      <UnitOfMeasurePrice>5.56</UnitOfMeasurePrice>
      <AllowDiscount>0</AllowDiscount>
      <itemStatus>1</itemStatus>
      <LastUpdateDate />
      <LastUpdateTime />
    </Product>
    <Product>
      <PriceUpdateDate>2015/12/01 18:41</PriceUpdateDate>
      <ItemCode>7290001482506</ItemCode>
      <ItemType>1</ItemType>
      <ItemName>חומץ בלסמי ממודנה</ItemName>
      <ManufactureName>ג.וילי-פוד אינטרנשיונל בעמ</ManufactureName>
      <ManufactureCountry />
      <ManufactureItemDescription />
      <UnitQty>יח`</UnitQty>
      <Quantity>500</Quantity>
      <UnitMeasure>מ"ל</UnitMeasure>
      <BisWeighted>0</BisWeighted>
      <QtyInPackage>1</QtyInPackage>
      <ItemPrice>20.90</ItemPrice>
      <UnitOfMeasurePrice>4.18</UnitOfMeasurePrice>
      <AllowDiscount>0</AllowDiscount>
      <itemStatus>1</itemStatus>
      <LastUpdateDate />
      <LastUpdateTime />
    </Product>
    <Product>
      <PriceUpdateDate>2018/10/07 20:11</PriceUpdateDate>
      <ItemCode>7290001485019</ItemCode>
      <ItemType>1</ItemType>
      <ItemName>גבינת שמנת 200 גר` 9%</ItemName>
      <ManufactureName>החב` המרכזית - טרה</ManufactureName>
      <ManufactureCountry />
      <ManufactureItemDescription />
      <UnitQty>יח`</UnitQty>
      <Quantity>200</Quantity>
      <UnitMeasure>גרם</UnitMeasure>
      <BisWeighted>0</BisWeighted>
      <QtyInPackage>1</QtyInPackage>
      <ItemPrice>11.30</ItemPrice>
      <UnitOfMeasurePrice>5.65</UnitOfMeasurePrice>
      <AllowDiscount>1</AllowDiscount>
      <itemStatus>1</itemStatus>
      <LastUpdateDate />
      <LastUpdateTime />
    </Product>
    <Product>
      <PriceUpdateDate>2014/01/27 09:25</PriceUpdateDate>
      <ItemCode>7290001498897</ItemCode>
      <ItemType>1</ItemType>
      <ItemName>נר ריחני</ItemName>
      <ManufactureName>מוסקו בעמ</ManufactureName>
      <ManufactureCountry />
      <ManufactureItemDescription />
      <UnitQty>יח`</UnitQty>
      <Quantity>1</Quantity>
      <UnitMeasure />
      <BisWeighted>0</BisWeighted>
      <QtyInPackage>1</QtyInPackage>
      <ItemPrice>15</ItemPrice>
      <UnitOfMeasurePrice>15</UnitOfMeasurePrice>
      <AllowDiscount>0</AllowDiscount>
      <itemStatus>1</itemStatus>
      <LastUpdateDate />
      <LastUpdateTime />
    </Product>
    <Product>
      <PriceUpdateDate>2019/11/19 08:38</PriceUpdateDate>
      <ItemCode>7290001552025</ItemCode>
      <ItemType>1</ItemType>
      <ItemName>קוסקוס של אמא (800 גרם)</ItemName>
      <ManufactureName>מטעמי פאר (א.מ.נ) בעמ</ManufactureName>
      <ManufactureCountry />
      <ManufactureItemDescription />
      <UnitQty>יח`</UnitQty>
      <Quantity>800</Quantity>
      <UnitMeasure>גרם</UnitMeasure>
      <BisWeighted>0</BisWeighted>
      <QtyInPackage>1</QtyInPackage>
      <ItemPrice>14.90</ItemPrice>
      <UnitOfMeasurePrice>1.86</UnitOfMeasurePrice>
      <AllowDiscount>0</AllowDiscount>
      <itemStatus>1</itemStatus>
      <LastUpdateDate />
      <LastUpdateTime />
    </Product>
    <Product>
      <PriceUpdateDate>2016/06/23 08:47</PriceUpdateDate>
      <ItemCode>7290001567791</ItemCode>
      <ItemType>1</ItemType>
      <ItemName>פסטרמה רומנית 250 גרם לחמ</ItemName>
      <ManufactureName>מעדני יחיעם (1993) בעמ</ManufactureName>
      <ManufactureCountry />
      <ManufactureItemDescription />
      <UnitQty>יח`</UnitQty>
      <Quantity>250</Quantity>
      <UnitMeasure>גרם</UnitMeasure>
      <BisWeighted>0</BisWeighted>
      <QtyInPackage>1</QtyInPackage>
      <ItemPrice>26.90</ItemPrice>
      <UnitOfMeasurePrice>10.76</UnitOfMeasurePrice>
      <AllowDiscount>1</AllowDiscount>
      <itemStatus>1</itemStatus>
      <LastUpdateDate />
      <LastUpdateTime />
    </Product>
    <Product>
      <PriceUpdateDate>2016/06/23 08:47</PriceUpdateDate>
      <ItemCode>7290001567807</ItemCode>
      <ItemType>1</ItemType>
      <ItemName>כתף בקר מעושן 250 גרם לחמ</ItemName>
      <ManufactureName>מעדני יחיעם (1993) בעמ</ManufactureName>
      <ManufactureCountry />
      <ManufactureItemDescription />
      <UnitQty>יח`</UnitQty>
      <Quantity>250</Quantity>
      <UnitMeasure>גרם</UnitMeasure>
      <BisWeighted>0</BisWeighted>
      <QtyInPackage>1</QtyInPackage>
      <ItemPrice>29.90</ItemPrice>
      <UnitOfMeasurePrice>11.96</UnitOfMeasurePrice>
      <AllowDiscount>1</AllowDiscount>
      <itemStatus>1</itemStatus>
      <LastUpdateDate />
      <LastUpdateTime />
    </Product>
    <Product>
      <PriceUpdateDate>2015/10/11 07:38</PriceUpdateDate>
      <ItemCode>7290001594520</ItemCode>
      <ItemType>1</ItemType>
      <ItemName>בירה טובורג בקבוק 330 מל</ItemName>
      <ManufactureName>החברה המרכזית להפצת משקאות בעמ</ManufactureName>
      <ManufactureCountry />
      <ManufactureItemDescription />
      <UnitQty>יח`</UnitQty>
      <Quantity>330</Quantity>
      <UnitMeasure>מ"ל</UnitMeasure>
      <BisWeighted>0</BisWeighted>
      <QtyInPackage>1</QtyInPackage>
      <ItemPrice>6.90</ItemPrice>
      <UnitOfMeasurePrice>2</UnitOfMeasurePrice>
      <AllowDiscount>0</AllowDiscount>
      <itemStatus>1</itemStatus>
      <LastUpdateDate />
      <LastUpdateTime />
    </Product>
    <Product>
      <PriceUpdateDate>2015/10/11 07:38</PriceUpdateDate>
      <ItemCode>7290001594568</ItemCode>
      <ItemType>1</ItemType>
      <ItemName>בירה בפחית קרלסברג (500 מל)</ItemName>
      <ManufactureName>החברה המרכזית להפצת משקאות בעמ</ManufactureName>
      <ManufactureCountry />
      <ManufactureItemDescription />
      <UnitQty>יח`</UnitQty>
      <Quantity>500</Quantity>
      <UnitMeasure>מ"ל</UnitMeasure>
      <BisWeighted>0</BisWeighted>
      <QtyInPackage>1</QtyInPackage>
      <ItemPrice>8.90</ItemPrice>
      <UnitOfMeasurePrice>1.72</UnitOfMeasurePrice>
      <AllowDiscount>0</AllowDiscount>
      <itemStatus>1</itemStatus>
      <LastUpdateDate />
      <LastUpdateTime />
    </Product>
    <Product>
      <PriceUpdateDate>2015/10/11 07:38</PriceUpdateDate>
      <ItemCode>7290001594575</ItemCode>
      <ItemType>1</ItemType>
      <ItemName>בירה בפחית רד טובורג (500 מל)</ItemName>
      <ManufactureName>החברה המרכזית להפצת משקאות בעמ</ManufactureName>
      <ManufactureCountry />
      <ManufactureItemDescription />
      <UnitQty>יח`</UnitQty>
      <Quantity>500</Quantity>
      <UnitMeasure>מ"ל</UnitMeasure>
      <BisWeighted>0</BisWeighted>
      <QtyInPackage>1</QtyInPackage>
      <ItemPrice>8.90</ItemPrice>
      <UnitOfMeasurePrice>1.72</UnitOfMeasurePrice>
      <AllowDiscount>0</AllowDiscount>
      <itemStatus>1</itemStatus>
      <LastUpdateDate />
      <LastUpdateTime />
    </Product>
    <Product>
      <PriceUpdateDate>2019/03/06 08:20</PriceUpdateDate>
      <ItemCode>7290001670057</ItemCode>
      <ItemType>1</ItemType>
      <ItemName>כפיות לבן 100 יחידות</ItemName>
      <ManufactureName>הנמל אריזות ושיווק (1984) בעמ</ManufactureName>
      <ManufactureCountry />
      <ManufactureItemDescription />
      <UnitQty>יח`</UnitQty>
      <Quantity>1</Quantity>
      <UnitMeasure />
      <BisWeighted>0</BisWeighted>
      <QtyInPackage>1</QtyInPackage>
      <ItemPrice>6.90</ItemPrice>
      <UnitOfMeasurePrice>6.90</UnitOfMeasurePrice>
      <AllowDiscount>1</AllowDiscount>
      <itemStatus>1</itemStatus>
      <LastUpdateDate />
      <LastUpdateTime />
    </Product>
    <Product>
      <PriceUpdateDate>2019/03/06 08:20</PriceUpdateDate>
      <ItemCode>7290001670064</ItemCode>
      <ItemType>1</ItemType>
      <ItemName>סכינים לבן 100 יחידות</ItemName>
      <ManufactureName>הנמל אריזות ושיווק (1984) בעמ</ManufactureName>
      <ManufactureCountry />
      <ManufactureItemDescription />
      <UnitQty>יח`</UnitQty>
      <Quantity>1</Quantity>
      <UnitMeasure />
      <BisWeighted>0</BisWeighted>
      <QtyInPackage>1</QtyInPackage>
      <ItemPrice>7.90</ItemPrice>
      <UnitOfMeasurePrice>7.90</UnitOfMeasurePrice>
      <AllowDiscount>1</AllowDiscount>
      <itemStatus>1</itemStatus>
      <LastUpdateDate />
      <LastUpdateTime />
    </Product>
    <Product>
      <PriceUpdateDate>2019/03/06 08:20</PriceUpdateDate>
      <ItemCode>7290001670071</ItemCode>
      <ItemType>1</ItemType>
      <ItemName>כפות לבן 100 יחידות</ItemName>
      <ManufactureName>הנמל אריזות ושיווק (1984) בעמ</ManufactureName>
      <ManufactureCountry />
      <ManufactureItemDescription />
      <UnitQty>יח`</UnitQty>
      <Quantity>1</Quantity>
      <UnitMeasure />
      <BisWeighted>0</BisWeighted>
      <QtyInPackage>1</QtyInPackage>
      <ItemPrice>7.90</ItemPrice>
      <UnitOfMeasurePrice>7.90</UnitOfMeasurePrice>
      <AllowDiscount>1</AllowDiscount>
      <itemStatus>1</itemStatus>
      <LastUpdateDate />
      <LastUpdateTime />
    </Product>
    <Product>
      <PriceUpdateDate>2018/07/19 08:42</PriceUpdateDate>
      <ItemCode>7290001670408</ItemCode>
      <ItemType>1</ItemType>
      <ItemName>נרות חימום בשקית 50 יח הנמל</ItemName>
      <ManufactureName>הנמל אריזות ושיווק (1984) בעמ</ManufactureName>
      <ManufactureCountry />
      <ManufactureItemDescription />
      <UnitQty>יח`</UnitQty>
      <Quantity>1</Quantity>
      <UnitMeasure />
      <BisWeighted>0</BisWeighted>
      <QtyInPackage>1</QtyInPackage>
      <ItemPrice>9.90</ItemPrice>
      <UnitOfMeasurePrice>9.90</UnitOfMeasurePrice>
      <AllowDiscount>0</AllowDiscount>
      <itemStatus>1</itemStatus>
      <LastUpdateDate />
      <LastUpdateTime />
    </Product>
    <Product>
      <PriceUpdateDate>2015/05/03 08:43</PriceUpdateDate>
      <ItemCode>7290001670873</ItemCode>
      <ItemType>1</ItemType>
      <ItemName>צלחות גדולות עבות הנמל (66)</ItemName>
      <ManufactureName>הנמל אריזות ושיווק (1984) בעמ</ManufactureName>
      <ManufactureCountry />
      <ManufactureItemDescription />
      <UnitQty>יח`</UnitQty>
      <Quantity>1</Quantity>
      <UnitMeasure />
      <BisWeighted>0</BisWeighted>
      <QtyInPackage>1</QtyInPackage>
      <ItemPrice>25.90</ItemPrice>
      <UnitOfMeasurePrice>25.90</UnitOfMeasurePrice>
      <AllowDiscount>1</AllowDiscount>
      <itemStatus>1</itemStatus>
      <LastUpdateDate />
      <LastUpdateTime />
    </Product>
    <Product>
      <PriceUpdateDate>2015/04/29 14:38</PriceUpdateDate>
      <ItemCode>7290001696736</ItemCode>
      <ItemType>1</ItemType>
      <ItemName>פקאן סיני פיצוחי חממה (100 גרם)</ItemName>
      <ManufactureName>בוטנת בעמ</ManufactureName>
      <ManufactureCountry />
      <ManufactureItemDescription />
      <UnitQty>יח`</UnitQty>
      <Quantity>100</Quantity>
      <UnitMeasure>גרם</UnitMeasure>
      <BisWeighted>0</BisWeighted>
      <QtyInPackage>1</QtyInPackage>
      <ItemPrice>16.90</ItemPrice>
      <UnitOfMeasurePrice>16.90</UnitOfMeasurePrice>
      <AllowDiscount>1</AllowDiscount>
      <itemStatus>1</itemStatus>
      <LastUpdateDate />
      <LastUpdateTime />
    </Product>
    <Product>
      <PriceUpdateDate>2019/08/09 16:15</PriceUpdateDate>
      <ItemCode>7290001710111</ItemCode>
      <ItemType>1</ItemType>
      <ItemName>נקניקיות מרגז</ItemName>
      <ManufactureName>נטו מלינדה סחר בעמ</ManufactureName>
      <ManufactureCountry />
      <ManufactureItemDescription />
      <UnitQty>יח`</UnitQty>
      <Quantity>500</Quantity>
      <UnitMeasure>גרם</UnitMeasure>
      <BisWeighted>0</BisWeighted>
      <QtyInPackage>1</QtyInPackage>
      <ItemPrice>19.90</ItemPrice>
      <UnitOfMeasurePrice>3.98</UnitOfMeasurePrice>
      <AllowDiscount>0</AllowDiscount>
      <itemStatus>1</itemStatus>
      <LastUpdateDate />
      <LastUpdateTime />
    </Product>
    <Product>
      <PriceUpdateDate>2019/05/27 08:13</PriceUpdateDate>
      <ItemCode>7290001713150</ItemCode>
      <ItemType>1</ItemType>
      <ItemName>אקונומיקה קצף ניקוי סנט מוריץ (1 ליטר )</ItemName>
      <ManufactureName>קומפלקס כימיקלים בעמ</ManufactureName>
      <ManufactureCountry />
      <ManufactureItemDescription />
      <UnitQty>יח`</UnitQty>
      <Quantity>1000</Quantity>
      <UnitMeasure>מ"ל</UnitMeasure>
      <BisWeighted>0</BisWeighted>
      <QtyInPackage>1</QtyInPackage>
      <ItemPrice>11.90</ItemPrice>
      <UnitOfMeasurePrice>1.19</UnitOfMeasurePrice>
      <AllowDiscount>1</AllowDiscount>
      <itemStatus>1</itemStatus>
      <LastUpdateDate />
      <LastUpdateTime />
    </Product>
    <Product>
      <PriceUpdateDate>2016/03/01 10:06</PriceUpdateDate>
      <ItemCode>7290001713341</ItemCode>
      <ItemType>1</ItemType>
      <ItemName>תכשיר מרוכז לניקוי שיש וגרניט2ליטר</ItemName>
      <ManufactureName>קומפלקס כימיקלים בעמ</ManufactureName>
      <ManufactureCountry />
      <ManufactureItemDescription />
      <UnitQty>יח`</UnitQty>
      <Quantity>2</Quantity>
      <UnitMeasure>1 ליטר</UnitMeasure>
      <BisWeighted>0</BisWeighted>
      <QtyInPackage>1</QtyInPackage>
      <ItemPrice>19.90</ItemPrice>
      <UnitOfMeasurePrice>9.95</UnitOfMeasurePrice>
      <AllowDiscount>0</AllowDiscount>
      <itemStatus>1</itemStatus>
      <LastUpdateDate />
      <LastUpdateTime />
    </Product>
    <Product>
      <PriceUpdateDate>2019/06/10 09:42</PriceUpdateDate>
      <ItemCode>7290001713518</ItemCode>
      <ItemType>1</ItemType>
      <ItemName>נוזל לניקוי רהיטים 750 מל</ItemName>
      <ManufactureName>קומפלקס כימיקלים בעמ</ManufactureName>
      <ManufactureCountry />
      <ManufactureItemDescription />
      <UnitQty>יח`</UnitQty>
      <Quantity>750</Quantity>
      <UnitMeasure>מ"ל</UnitMeasure>
      <BisWeighted>0</BisWeighted>
      <QtyInPackage>1</QtyInPackage>
      <ItemPrice>12.90</ItemPrice>
      <UnitOfMeasurePrice>1.72</UnitOfMeasurePrice>
      <AllowDiscount>0</AllowDiscount>
      <itemStatus>1</itemStatus>
      <LastUpdateDate />
      <LastUpdateTime />
    </Product>
    <Product>
      <PriceUpdateDate>2020/02/16 09:38</PriceUpdateDate>
      <ItemCode>7290001713853</ItemCode>
      <ItemType>1</ItemType>
      <ItemName>אקונומיקה ריחנית 4ליטר</ItemName>
      <ManufactureName>קומפלקס כימיקלים בעמ</ManufactureName>
      <ManufactureCountry />
      <ManufactureItemDescription />
      <UnitQty>יח`</UnitQty>
      <Quantity>4000</Quantity>
      <UnitMeasure>מ"ל</UnitMeasure>
      <BisWeighted>0</BisWeighted>
      <QtyInPackage>1</QtyInPackage>
      <ItemPrice>9.90</ItemPrice>
      <UnitOfMeasurePrice>0.25</UnitOfMeasurePrice>
      <AllowDiscount>0</AllowDiscount>
      <itemStatus>1</itemStatus>
      <LastUpdateDate />
      <LastUpdateTime />
    </Product>
    <Product>
      <PriceUpdateDate>2017/10/29 09:25</PriceUpdateDate>
      <ItemCode>7290001791363</ItemCode>
      <ItemType>1</ItemType>
      <ItemName>פרש מטהר אויר וניל מילוי סנו (250 מל)</ItemName>
      <ManufactureName>החברה הדרומית לשיווק בעמ</ManufactureName>
      <ManufactureCountry />
      <ManufactureItemDescription />
      <UnitQty>יח`</UnitQty>
      <Quantity>165</Quantity>
      <UnitMeasure>גרם</UnitMeasure>
      <BisWeighted>0</BisWeighted>
      <QtyInPackage>1</QtyInPackage>
      <ItemPrice>13.90</ItemPrice>
      <UnitOfMeasurePrice>8.42</UnitOfMeasurePrice>
      <AllowDiscount>0</AllowDiscount>
      <itemStatus>1</itemStatus>
      <LastUpdateDate />
      <LastUpdateTime />
    </Product>
    <Product>
      <PriceUpdateDate>2015/01/29 11:25</PriceUpdateDate>
      <ItemCode>7290001813881</ItemCode>
      <ItemType>1</ItemType>
      <ItemName>ביסקוויט פתי בר בטעם חמאה עלית (500 גרם)</ItemName>
      <ManufactureName>שטראוס גרופ בעמ</ManufactureName>
      <ManufactureCountry />
      <ManufactureItemDescription />
      <UnitQty>יח`</UnitQty>
      <Quantity>500</Quantity>
      <UnitMeasure>גרם</UnitMeasure>
      <BisWeighted>0</BisWeighted>
      <QtyInPackage>1</QtyInPackage>
      <ItemPrice>10.90</ItemPrice>
      <UnitOfMeasurePrice>2.18</UnitOfMeasurePrice>
      <AllowDiscount>1</AllowDiscount>
      <itemStatus>1</itemStatus>
      <LastUpdateDate />
      <LastUpdateTime />
    </Product>
    <Product>
      <PriceUpdateDate>2014/08/28 10:16</PriceUpdateDate>
      <ItemCode>7290001814147</ItemCode>
      <ItemType>1</ItemType>
      <ItemName>ממרח בטעם שוקולד פרה עלית (500 גרם)</ItemName>
      <ManufactureName>שטראוס גרופ בעמ</ManufactureName>
      <ManufactureCountry />
      <ManufactureItemDescription />
      <UnitQty>יח`</UnitQty>
      <Quantity>500</Quantity>
      <UnitMeasure>גרם</UnitMeasure>
      <BisWeighted>0</BisWeighted>
      <QtyInPackage>1</QtyInPackage>
      <ItemPrice>11.90</ItemPrice>
      <UnitOfMeasurePrice>2.38</UnitOfMeasurePrice>
      <AllowDiscount>0</AllowDiscount>
      <itemStatus>1</itemStatus>
      <LastUpdateDate />
      <LastUpdateTime />
    </Product>
    <Product>
      <PriceUpdateDate>2019/01/30 09:04</PriceUpdateDate>
      <ItemCode>7290001817063</ItemCode>
      <ItemType>1</ItemType>
      <ItemName>טופי מזל וברכות 850 גר`</ItemName>
      <ManufactureName>שטראוס גרופ בעמ</ManufactureName>
      <ManufactureCountry />
      <ManufactureItemDescription />
      <UnitQty>יח`</UnitQty>
      <Quantity>850</Quantity>
      <UnitMeasure>גרם</UnitMeasure>
      <BisWeighted>0</BisWeighted>
      <QtyInPackage>1</QtyInPackage>
      <ItemPrice>15.50</ItemPrice>
      <UnitOfMeasurePrice>1.82</UnitOfMeasurePrice>
      <AllowDiscount>0</AllowDiscount>
      <itemStatus>1</itemStatus>
      <LastUpdateDate />
      <LastUpdateTime />
    </Product>
    <Product>
      <PriceUpdateDate>2015/12/01 18:39</PriceUpdateDate>
      <ItemCode>7290001817377</ItemCode>
      <ItemType>1</ItemType>
      <ItemName>ציטוס איקס עיגול 60 גר</ItemName>
      <ManufactureName>שטראוס פריטו ליי בעמ</ManufactureName>
      <ManufactureCountry />
      <ManufactureItemDescription />
      <UnitQty>יח`</UnitQty>
      <Quantity>60</Quantity>
      <UnitMeasure>גרם</UnitMeasure>
      <BisWeighted>0</BisWeighted>
      <QtyInPackage>1</QtyInPackage>
      <ItemPrice>3.50</ItemPrice>
      <UnitOfMeasurePrice>5.83</UnitOfMeasurePrice>
      <AllowDiscount>1</AllowDiscount>
      <itemStatus>1</itemStatus>
      <LastUpdateDate />
      <LastUpdateTime />
    </Product>
    <Product>
      <PriceUpdateDate>2015/12/01 18:39</PriceUpdateDate>
      <ItemCode>7290001817728</ItemCode>
      <ItemType>1</ItemType>
      <ItemName>צ יטוס כאפה 55 גר</ItemName>
      <ManufactureName>שטראוס פריטו ליי בעמ</ManufactureName>
      <ManufactureCountry />
      <ManufactureItemDescription />
      <UnitQty>יח`</UnitQty>
      <Quantity>55</Quantity>
      <UnitMeasure>גרם</UnitMeasure>
      <BisWeighted>0</BisWeighted>
      <QtyInPackage>1</QtyInPackage>
      <ItemPrice>3.50</ItemPrice>
      <UnitOfMeasurePrice>6.36</UnitOfMeasurePrice>
      <AllowDiscount>1</AllowDiscount>
      <itemStatus>1</itemStatus>
      <LastUpdateDate />
      <LastUpdateTime />
    </Product>
    <Product>
      <PriceUpdateDate>2015/12/01 18:43</PriceUpdateDate>
      <ItemCode>7290001865439</ItemCode>
      <ItemType>1</ItemType>
      <ItemName>אל סבון נוזלי וניל פמילי (1 ליטר)</ItemName>
      <ManufactureName>דנשר (1963) בעמ</ManufactureName>
      <ManufactureCountry />
      <ManufactureItemDescription />
      <UnitQty>יח`</UnitQty>
      <Quantity>1</Quantity>
      <UnitMeasure>1 ליטר</UnitMeasure>
      <BisWeighted>0</BisWeighted>
      <QtyInPackage>1</QtyInPackage>
      <ItemPrice>14.90</ItemPrice>
      <UnitOfMeasurePrice>14.90</UnitOfMeasurePrice>
      <AllowDiscount>1</AllowDiscount>
      <itemStatus>1</itemStatus>
      <LastUpdateDate />
      <LastUpdateTime />
    </Product>
    <Product>
      <PriceUpdateDate>2015/12/01 18:43</PriceUpdateDate>
      <ItemCode>7290001865453</ItemCode>
      <ItemType>1</ItemType>
      <ItemName>אל סבון נוזלי לבנדר פמילי (1 ליטר)</ItemName>
      <ManufactureName>דנשר (1963) בעמ</ManufactureName>
      <ManufactureCountry />
      <ManufactureItemDescription />
      <UnitQty>יח`</UnitQty>
      <Quantity>1</Quantity>
      <UnitMeasure>1 ליטר</UnitMeasure>
      <BisWeighted>0</BisWeighted>
      <QtyInPackage>1</QtyInPackage>
      <ItemPrice>14.90</ItemPrice>
      <UnitOfMeasurePrice>14.90</UnitOfMeasurePrice>
      <AllowDiscount>1</AllowDiscount>
      <itemStatus>1</itemStatus>
      <LastUpdateDate />
      <LastUpdateTime />
    </Product>
    <Product>
      <PriceUpdateDate>2020/02/19 08:49</PriceUpdateDate>
      <ItemCode>7290001873441</ItemCode>
      <ItemType>1</ItemType>
      <ItemName>המבורגר 320  גר`בלאק אנגוס מוכשר ארוז</ItemName>
      <ManufactureName>נטו מלינדה סחר בעמ</ManufactureName>
      <ManufactureCountry />
      <ManufactureItemDescription />
      <UnitQty>יח`</UnitQty>
      <Quantity>400</Quantity>
      <UnitMeasure>גרם</UnitMeasure>
      <BisWeighted>0</BisWeighted>
      <QtyInPackage>1</QtyInPackage>
      <ItemPrice>24.90</ItemPrice>
      <UnitOfMeasurePrice>6.23</UnitOfMeasurePrice>
      <AllowDiscount>0</AllowDiscount>
      <itemStatus>1</itemStatus>
      <LastUpdateDate />
      <LastUpdateTime />
    </Product>
    <Product>
      <PriceUpdateDate>2020/02/19 08:49</PriceUpdateDate>
      <ItemCode>7290001873458</ItemCode>
      <ItemType>1</ItemType>
      <ItemName>סטייק בורגר 320  גר`בלאק אנגוס מוכשר אר</ItemName>
      <ManufactureName>נטו מלינדה סחר בעמ</ManufactureName>
      <ManufactureCountry />
      <ManufactureItemDescription />
      <UnitQty>יח`</UnitQty>
      <Quantity>400</Quantity>
      <UnitMeasure>גרם</UnitMeasure>
      <BisWeighted>0</BisWeighted>
      <QtyInPackage>1</QtyInPackage>
      <ItemPrice>24.90</ItemPrice>
      <UnitOfMeasurePrice>6.23</UnitOfMeasurePrice>
      <AllowDiscount>0</AllowDiscount>
      <itemStatus>1</itemStatus>
      <LastUpdateDate />
      <LastUpdateTime />
    </Product>
    <Product>
      <PriceUpdateDate>2020/02/19 08:49</PriceUpdateDate>
      <ItemCode>7290001873472</ItemCode>
      <ItemType>1</ItemType>
      <ItemName>קבב 320  גר`בלאק אנגוס מוכשר ארוז</ItemName>
      <ManufactureName>נטו מלינדה סחר בעמ</ManufactureName>
      <ManufactureCountry />
      <ManufactureItemDescription />
      <UnitQty>יח`</UnitQty>
      <Quantity>400</Quantity>
      <UnitMeasure>גרם</UnitMeasure>
      <BisWeighted>0</BisWeighted>
      <QtyInPackage>1</QtyInPackage>
      <ItemPrice>24.90</ItemPrice>
      <UnitOfMeasurePrice>6.23</UnitOfMeasurePrice>
      <AllowDiscount>0</AllowDiscount>
      <itemStatus>1</itemStatus>
      <LastUpdateDate />
      <LastUpdateTime />
    </Product>
    <Product>
      <PriceUpdateDate>2020/02/19 08:49</PriceUpdateDate>
      <ItemCode>7290001873489</ItemCode>
      <ItemType>1</ItemType>
      <ItemName>קרפצ`יו 120  גר`בלאק אנגוס מוכשר ארוז</ItemName>
      <ManufactureName>נטו מלינדה סחר בעמ</ManufactureName>
      <ManufactureCountry />
      <ManufactureItemDescription />
      <UnitQty>יח`</UnitQty>
      <Quantity>400</Quantity>
      <UnitMeasure>גרם</UnitMeasure>
      <BisWeighted>0</BisWeighted>
      <QtyInPackage>1</QtyInPackage>
      <ItemPrice>19.90</ItemPrice>
      <UnitOfMeasurePrice>4.98</UnitOfMeasurePrice>
      <AllowDiscount>0</AllowDiscount>
      <itemStatus>1</itemStatus>
      <LastUpdateDate />
      <LastUpdateTime />
    </Product>
    <Product>
      <PriceUpdateDate>2014/05/14 12:07</PriceUpdateDate>
      <ItemCode>7290001946121</ItemCode>
      <ItemType>1</ItemType>
      <ItemName>פפריקה מתוקה 400 גר</ItemName>
      <ManufactureName>דין שיווק וקליה בעמ</ManufactureName>
      <ManufactureCountry />
      <ManufactureItemDescription />
      <UnitQty>יח`</UnitQty>
      <Quantity>400</Quantity>
      <UnitMeasure>גרם</UnitMeasure>
      <BisWeighted>0</BisWeighted>
      <QtyInPackage>1</QtyInPackage>
      <ItemPrice>17.90</ItemPrice>
      <UnitOfMeasurePrice>4.48</UnitOfMeasurePrice>
      <AllowDiscount>0</AllowDiscount>
      <itemStatus>1</itemStatus>
      <LastUpdateDate />
      <LastUpdateTime />
    </Product>
    <Product>
      <PriceUpdateDate>2015/01/19 10:52</PriceUpdateDate>
      <ItemCode>7290001946404</ItemCode>
      <ItemType>1</ItemType>
      <ItemName>סלט שום כתוש תבליני ביטון יוחאי (250 גרם</ItemName>
      <ManufactureName>נטו מלינדה סחר בעמ</ManufactureName>
      <ManufactureCountry />
      <ManufactureItemDescription />
      <UnitQty>יח`</UnitQty>
      <Quantity>250</Quantity>
      <UnitMeasure>גרם</UnitMeasure>
      <BisWeighted>0</BisWeighted>
      <QtyInPackage>1</QtyInPackage>
      <ItemPrice>13.90</ItemPrice>
      <UnitOfMeasurePrice>5.56</UnitOfMeasurePrice>
      <AllowDiscount>0</AllowDiscount>
      <itemStatus>1</itemStatus>
      <LastUpdateDate />
      <LastUpdateTime />
    </Product>
    <Product>
      <PriceUpdateDate>2017/02/16 08:19</PriceUpdateDate>
      <ItemCode>7290002007371</ItemCode>
      <ItemType>1</ItemType>
      <ItemName>פירורי לחם הנמל (500 גרם)</ItemName>
      <ManufactureName>הנמל אריזות ושיווק (1984) בעמ</ManufactureName>
      <ManufactureCountry />
      <ManufactureItemDescription />
      <UnitQty>יח`</UnitQty>
      <Quantity>500</Quantity>
      <UnitMeasure>גרם</UnitMeasure>
      <BisWeighted>0</BisWeighted>
      <QtyInPackage>1</QtyInPackage>
      <ItemPrice>5.90</ItemPrice>
      <UnitOfMeasurePrice>1.18</UnitOfMeasurePrice>
      <AllowDiscount>1</AllowDiscount>
      <itemStatus>1</itemStatus>
      <LastUpdateDate />
      <LastUpdateTime />
    </Product>
    <Product>
      <PriceUpdateDate>2015/12/01 18:43</PriceUpdateDate>
      <ItemCode>7290002007470</ItemCode>
      <ItemType>1</ItemType>
      <ItemName>סבון נוזלי הנמל (4 ליטר)</ItemName>
      <ManufactureName>הנמל אריזות ושיווק (1984) בעמ</ManufactureName>
      <ManufactureCountry />
      <ManufactureItemDescription />
      <UnitQty>יח`</UnitQty>
      <Quantity>4</Quantity>
      <UnitMeasure>1 ליטר</UnitMeasure>
      <BisWeighted>0</BisWeighted>
      <QtyInPackage>1</QtyInPackage>
      <ItemPrice>18.90</ItemPrice>
      <UnitOfMeasurePrice>4.73</UnitOfMeasurePrice>
      <AllowDiscount>0</AllowDiscount>
      <itemStatus>1</itemStatus>
      <LastUpdateDate />
      <LastUpdateTime />
    </Product>
    <Product>
      <PriceUpdateDate>2019/03/06 08:20</PriceUpdateDate>
      <ItemCode>7290002007975</ItemCode>
      <ItemType>1</ItemType>
      <ItemName>צלחות קטן 50 יחידות</ItemName>
      <ManufactureName>הנמל אריזות ושיווק (1984) בעמ</ManufactureName>
      <ManufactureCountry />
      <ManufactureItemDescription />
      <UnitQty>יח`</UnitQty>
      <Quantity>50</Quantity>
      <UnitMeasure>יח`</UnitMeasure>
      <BisWeighted>0</BisWeighted>
      <QtyInPackage>1</QtyInPackage>
      <ItemPrice>4.90</ItemPrice>
      <UnitOfMeasurePrice>0.10</UnitOfMeasurePrice>
      <AllowDiscount>1</AllowDiscount>
      <itemStatus>1</itemStatus>
      <LastUpdateDate />
      <LastUpdateTime />
    </Product>
    <Product>
      <PriceUpdateDate>2019/03/06 08:20</PriceUpdateDate>
      <ItemCode>7290002007982</ItemCode>
      <ItemType>1</ItemType>
      <ItemName>מזלגות לבן 100 יחידות</ItemName>
      <ManufactureName>הנמל אריזות ושיווק (1984) בעמ</ManufactureName>
      <ManufactureCountry />
      <ManufactureItemDescription />
      <UnitQty>יח`</UnitQty>
      <Quantity>100</Quantity>
      <UnitMeasure>יח`</UnitMeasure>
      <BisWeighted>0</BisWeighted>
      <QtyInPackage>1</QtyInPackage>
      <ItemPrice>6.90</ItemPrice>
      <UnitOfMeasurePrice>0.07</UnitOfMeasurePrice>
      <AllowDiscount>1</AllowDiscount>
      <itemStatus>1</itemStatus>
      <LastUpdateDate />
      <LastUpdateTime />
    </Product>
    <Product>
      <PriceUpdateDate>2019/03/06 08:20</PriceUpdateDate>
      <ItemCode>7290002007999</ItemCode>
      <ItemType>1</ItemType>
      <ItemName>צלחות גדול 50 יחידות</ItemName>
      <ManufactureName>הנמל אריזות ושיווק (1984) בעמ</ManufactureName>
      <ManufactureCountry />
      <ManufactureItemDescription />
      <UnitQty>יח`</UnitQty>
      <Quantity>1</Quantity>
      <UnitMeasure />
      <BisWeighted>0</BisWeighted>
      <QtyInPackage>1</QtyInPackage>
      <ItemPrice>5.90</ItemPrice>
      <UnitOfMeasurePrice>5.90</UnitOfMeasurePrice>
      <AllowDiscount>1</AllowDiscount>
      <itemStatus>1</itemStatus>
      <LastUpdateDate />
      <LastUpdateTime />
    </Product>
    <Product>
      <PriceUpdateDate>2018/02/06 10:12</PriceUpdateDate>
      <ItemCode>7290002008071</ItemCode>
      <ItemType>1</ItemType>
      <ItemName>עטרות נייר הנמל</ItemName>
      <ManufactureName>הנמל אריזות ושיווק (1984) בעמ</ManufactureName>
      <ManufactureCountry />
      <ManufactureItemDescription />
      <UnitQty>יח`</UnitQty>
      <Quantity>1</Quantity>
      <UnitMeasure />
      <BisWeighted>0</BisWeighted>
      <QtyInPackage>1</QtyInPackage>
      <ItemPrice>5.90</ItemPrice>
      <UnitOfMeasurePrice>5.90</UnitOfMeasurePrice>
      <AllowDiscount>0</AllowDiscount>
      <itemStatus>1</itemStatus>
      <LastUpdateDate />
      <LastUpdateTime />
    </Product>
    <Product>
      <PriceUpdateDate>2015/11/30 10:00</PriceUpdateDate>
      <ItemCode>7290002008156</ItemCode>
      <ItemType>1</ItemType>
      <ItemName>עטרות נייר הנמל</ItemName>
      <ManufactureName>הנמל אריזות ושיווק (1984) בעמ</ManufactureName>
      <ManufactureCountry />
      <ManufactureItemDescription />
      <UnitQty>יח`</UnitQty>
      <Quantity>1</Quantity>
      <UnitMeasure />
      <BisWeighted>0</BisWeighted>
      <QtyInPackage>1</QtyInPackage>
      <ItemPrice>7.90</ItemPrice>
      <UnitOfMeasurePrice>7.90</UnitOfMeasurePrice>
      <AllowDiscount>0</AllowDiscount>
      <itemStatus>1</itemStatus>
      <LastUpdateDate />
      <LastUpdateTime />
    </Product>
    <Product>
      <PriceUpdateDate>2018/02/06 10:12</PriceUpdateDate>
      <ItemCode>7290002008255</ItemCode>
      <ItemType>1</ItemType>
      <ItemName>נייר אפייה הנמל) (10</ItemName>
      <ManufactureName>הנמל אריזות ושיווק (1984) בעמ</ManufactureName>
      <ManufactureCountry />
      <ManufactureItemDescription />
      <UnitQty>יח`</UnitQty>
      <Quantity>1</Quantity>
      <UnitMeasure />
      <BisWeighted>0</BisWeighted>
      <QtyInPackage>1</QtyInPackage>
      <ItemPrice>3.90</ItemPrice>
      <UnitOfMeasurePrice>3.90</UnitOfMeasurePrice>
      <AllowDiscount>0</AllowDiscount>
      <itemStatus>1</itemStatus>
      <LastUpdateDate />
      <LastUpdateTime />
    </Product>
    <Product>
      <PriceUpdateDate>2015/11/30 10:00</PriceUpdateDate>
      <ItemCode>7290002008460</ItemCode>
      <ItemType>1</ItemType>
      <ItemName>עטרות נייר הנמל</ItemName>
      <ManufactureName>הנמל אריזות ושיווק (1984) בעמ</ManufactureName>
      <ManufactureCountry />
      <ManufactureItemDescription />
      <UnitQty>יח`</UnitQty>
      <Quantity>1</Quantity>
      <UnitMeasure />
      <BisWeighted>0</BisWeighted>
      <QtyInPackage>1</QtyInPackage>
      <ItemPrice>4.90</ItemPrice>
      <UnitOfMeasurePrice>4.90</UnitOfMeasurePrice>
      <AllowDiscount>0</AllowDiscount>
      <itemStatus>1</itemStatus>
      <LastUpdateDate />
      <LastUpdateTime />
    </Product>
    <Product>
      <PriceUpdateDate>2015/12/01 18:43</PriceUpdateDate>
      <ItemCode>7290002008507</ItemCode>
      <ItemType>1</ItemType>
      <ItemName>נייר אפיה הנמל 50 יח`</ItemName>
      <ManufactureName>הנמל אריזות ושיווק (1984) בעמ</ManufactureName>
      <ManufactureCountry />
      <ManufactureItemDescription />
      <UnitQty>יח`</UnitQty>
      <Quantity>1</Quantity>
      <UnitMeasure />
      <BisWeighted>0</BisWeighted>
      <QtyInPackage>1</QtyInPackage>
      <ItemPrice>11.90</ItemPrice>
      <UnitOfMeasurePrice>11.90</UnitOfMeasurePrice>
      <AllowDiscount>1</AllowDiscount>
      <itemStatus>1</itemStatus>
      <LastUpdateDate />
      <LastUpdateTime />
    </Product>
    <Product>
      <PriceUpdateDate>2013/11/27 10:18</PriceUpdateDate>
      <ItemCode>7290002008989</ItemCode>
      <ItemType>1</ItemType>
      <ItemName>קישקשים קשים לשתיה הנמל) (225</ItemName>
      <ManufactureName>הנמל אריזות ושיווק (1984) בעמ</ManufactureName>
      <ManufactureCountry />
      <ManufactureItemDescription />
      <UnitQty>יח`</UnitQty>
      <Quantity>1</Quantity>
      <UnitMeasure />
      <BisWeighted>0</BisWeighted>
      <QtyInPackage>1</QtyInPackage>
      <ItemPrice>6.90</ItemPrice>
      <UnitOfMeasurePrice>6.90</UnitOfMeasurePrice>
      <AllowDiscount>0</AllowDiscount>
      <itemStatus>1</itemStatus>
      <LastUpdateDate />
      <LastUpdateTime />
    </Product>
    <Product>
      <PriceUpdateDate>2014/05/29 11:57</PriceUpdateDate>
      <ItemCode>7290002019114</ItemCode>
      <ItemType>1</ItemType>
      <ItemName>רסק עגבניות פתח קל 580 גר` פריניר</ItemName>
      <ManufactureName>אבאל יזמות בעמ</ManufactureName>
      <ManufactureCountry />
      <ManufactureItemDescription />
      <UnitQty>יח`</UnitQty>
      <Quantity>580</Quantity>
      <UnitMeasure>גרם</UnitMeasure>
      <BisWeighted>0</BisWeighted>
      <QtyInPackage>1</QtyInPackage>
      <ItemPrice>6.90</ItemPrice>
      <UnitOfMeasurePrice>1.19</UnitOfMeasurePrice>
      <AllowDiscount>1</AllowDiscount>
      <itemStatus>1</itemStatus>
      <LastUpdateDate />
      <LastUpdateTime />
    </Product>
    <Product>
      <PriceUpdateDate>2014/05/07 07:57</PriceUpdateDate>
      <ItemCode>7290002019763</ItemCode>
      <ItemType>1</ItemType>
      <ItemName>עגבניות מרוסקות 800 גר` פרי ניר</ItemName>
      <ManufactureName>אבאל יזמות בעמ</ManufactureName>
      <ManufactureCountry />
      <ManufactureItemDescription />
      <UnitQty>יח`</UnitQty>
      <Quantity>800</Quantity>
      <UnitMeasure>גרם</UnitMeasure>
      <BisWeighted>0</BisWeighted>
      <QtyInPackage>1</QtyInPackage>
      <ItemPrice>6.90</ItemPrice>
      <UnitOfMeasurePrice>0.86</UnitOfMeasurePrice>
      <AllowDiscount>1</AllowDiscount>
      <itemStatus>1</itemStatus>
      <LastUpdateDate />
      <LastUpdateTime />
    </Product>
    <Product>
      <PriceUpdateDate>2017/02/22 11:59</PriceUpdateDate>
      <ItemCode>7290002019787</ItemCode>
      <ItemType>1</ItemType>
      <ItemName>רסק עגבניות 260 גר` פריניר</ItemName>
      <ManufactureName>אבאל יזמות בעמ</ManufactureName>
      <ManufactureCountry />
      <ManufactureItemDescription />
      <UnitQty>יח`</UnitQty>
      <Quantity>260</Quantity>
      <UnitMeasure>גרם</UnitMeasure>
      <BisWeighted>0</BisWeighted>
      <QtyInPackage>1</QtyInPackage>
      <ItemPrice>3.50</ItemPrice>
      <UnitOfMeasurePrice>1.35</UnitOfMeasurePrice>
      <AllowDiscount>1</AllowDiscount>
      <itemStatus>1</itemStatus>
      <LastUpdateDate />
      <LastUpdateTime />
    </Product>
    <Product>
      <PriceUpdateDate>2017/02/22 11:59</PriceUpdateDate>
      <ItemCode>7290002019794</ItemCode>
      <ItemType>1</ItemType>
      <ItemName>רסק עגבניות 100 גר` פריניר</ItemName>
      <ManufactureName>אבאל יזמות בעמ</ManufactureName>
      <ManufactureCountry />
      <ManufactureItemDescription />
      <UnitQty>יח`</UnitQty>
      <Quantity>100</Quantity>
      <UnitMeasure>גרם</UnitMeasure>
      <BisWeighted>0</BisWeighted>
      <QtyInPackage>1</QtyInPackage>
      <ItemPrice>1.50</ItemPrice>
      <UnitOfMeasurePrice>1.50</UnitOfMeasurePrice>
      <AllowDiscount>1</AllowDiscount>
      <itemStatus>1</itemStatus>
      <LastUpdateDate />
      <LastUpdateTime />
    </Product>
    <Product>
      <PriceUpdateDate>2016/12/14 09:05</PriceUpdateDate>
      <ItemCode>7290002026778</ItemCode>
      <ItemType>1</ItemType>
      <ItemName>גלידת שמנת בטעם וניל קרמל וחתיכות גביעי</ItemName>
      <ManufactureName>מוצרי איכות אמריקאיים בעמ</ManufactureName>
      <ManufactureCountry />
      <ManufactureItemDescription />
      <UnitQty>יח`</UnitQty>
      <Quantity>500</Quantity>
      <UnitMeasure>מ"ל</UnitMeasure>
      <BisWeighted>0</BisWeighted>
      <QtyInPackage>1</QtyInPackage>
      <ItemPrice>19.90</ItemPrice>
      <UnitOfMeasurePrice>3.98</UnitOfMeasurePrice>
      <AllowDiscount>1</AllowDiscount>
      <itemStatus>1</itemStatus>
      <LastUpdateDate />
      <LastUpdateTime />
    </Product>
    <Product>
      <PriceUpdateDate>2019/04/08 10:33</PriceUpdateDate>
      <ItemCode>7290002026983</ItemCode>
      <ItemType>1</ItemType>
      <ItemName>גלידת פיינטים שוקולד בצק עוגיות בן אנד ג</ItemName>
      <ManufactureName>מוצרי איכות אמריקאיים בעמ</ManufactureName>
      <ManufactureCountry />
      <ManufactureItemDescription />
      <UnitQty>יח`</UnitQty>
      <Quantity>500</Quantity>
      <UnitMeasure>מ"ל</UnitMeasure>
      <BisWeighted>0</BisWeighted>
      <QtyInPackage>1</QtyInPackage>
      <ItemPrice>19.90</ItemPrice>
      <UnitOfMeasurePrice>3.98</UnitOfMeasurePrice>
      <AllowDiscount>1</AllowDiscount>
      <itemStatus>1</itemStatus>
      <LastUpdateDate />
      <LastUpdateTime />
    </Product>
    <Product>
      <PriceUpdateDate>2019/02/03 11:42</PriceUpdateDate>
      <ItemCode>7290002037163</ItemCode>
      <ItemType>1</ItemType>
      <ItemName>לחם אחיד פרוס ודש ברמן (750 גרם)</ItemName>
      <ManufactureName>י.את א. ברמן בעמ</ManufactureName>
      <ManufactureCountry />
      <ManufactureItemDescription />
      <UnitQty>יח`</UnitQty>
      <Quantity>750</Quantity>
      <UnitMeasure>גרם</UnitMeasure>
      <BisWeighted>0</BisWeighted>
      <QtyInPackage>1</QtyInPackage>
      <ItemPrice>6.60</ItemPrice>
      <UnitOfMeasurePrice>0.88</UnitOfMeasurePrice>
      <AllowDiscount>0</AllowDiscount>
      <itemStatus>1</itemStatus>
      <LastUpdateDate />
      <LastUpdateTime />
    </Product>
    <Product>
      <PriceUpdateDate>2018/02/05 11:28</PriceUpdateDate>
      <ItemCode>7290002037309</ItemCode>
      <ItemType>1</ItemType>
      <ItemName>לחמניות המבורגר מאפיית ודש 8)</ItemName>
      <ManufactureName>י.את א. ברמן בעמ</ManufactureName>
      <ManufactureCountry />
      <ManufactureItemDescription />
      <UnitQty>יח`</UnitQty>
      <Quantity>400</Quantity>
      <UnitMeasure>גרם</UnitMeasure>
      <BisWeighted>0</BisWeighted>
      <QtyInPackage>1</QtyInPackage>
      <ItemPrice>11.90</ItemPrice>
      <UnitOfMeasurePrice>2.98</UnitOfMeasurePrice>
      <AllowDiscount>0</AllowDiscount>
      <itemStatus>1</itemStatus>
      <LastUpdateDate />
      <LastUpdateTime />
    </Product>
    <Product>
      <PriceUpdateDate>2018/02/05 11:28</PriceUpdateDate>
      <ItemCode>7290002037637</ItemCode>
      <ItemType>1</ItemType>
      <ItemName>לחמניות הבית מתוקות מאפיית ודש) (4</ItemName>
      <ManufactureName>י.את א. ברמן בעמ</ManufactureName>
      <ManufactureCountry />
      <ManufactureItemDescription />
      <UnitQty>יח`</UnitQty>
      <Quantity>400</Quantity>
      <UnitMeasure>גרם</UnitMeasure>
      <BisWeighted>0</BisWeighted>
      <QtyInPackage>1</QtyInPackage>
      <ItemPrice>10.90</ItemPrice>
      <UnitOfMeasurePrice>2.73</UnitOfMeasurePrice>
      <AllowDiscount>0</AllowDiscount>
      <itemStatus>1</itemStatus>
      <LastUpdateDate />
      <LastUpdateTime />
    </Product>
    <Product>
      <PriceUpdateDate>2018/02/06 10:12</PriceUpdateDate>
      <ItemCode>7290002040064</ItemCode>
      <ItemType>1</ItemType>
      <ItemName>קוסקוס דק מזון קוסקוס (350 גרם)</ItemName>
      <ManufactureName>הנמל אריזות ושיווק (1984) בעמ</ManufactureName>
      <ManufactureCountry />
      <ManufactureItemDescription />
      <UnitQty>יח`</UnitQty>
      <Quantity>350</Quantity>
      <UnitMeasure>גרם</UnitMeasure>
      <BisWeighted>0</BisWeighted>
      <QtyInPackage>1</QtyInPackage>
      <ItemPrice>5.90</ItemPrice>
      <UnitOfMeasurePrice>1.69</UnitOfMeasurePrice>
      <AllowDiscount>0</AllowDiscount>
      <itemStatus>1</itemStatus>
      <LastUpdateDate />
      <LastUpdateTime />
    </Product>
    <Product>
      <PriceUpdateDate>2018/02/06 10:12</PriceUpdateDate>
      <ItemCode>7290002040071</ItemCode>
      <ItemType>1</ItemType>
      <ItemName>קוסקוס עבה מזון קוסקוס (350 גרם)</ItemName>
      <ManufactureName>הנמל אריזות ושיווק (1984) בעמ</ManufactureName>
      <ManufactureCountry />
      <ManufactureItemDescription />
      <UnitQty>יח`</UnitQty>
      <Quantity>350</Quantity>
      <UnitMeasure>גרם</UnitMeasure>
      <BisWeighted>0</BisWeighted>
      <QtyInPackage>1</QtyInPackage>
      <ItemPrice>5.90</ItemPrice>
      <UnitOfMeasurePrice>1.69</UnitOfMeasurePrice>
      <AllowDiscount>0</AllowDiscount>
      <itemStatus>1</itemStatus>
      <LastUpdateDate />
      <LastUpdateTime />
    </Product>
    <Product>
      <PriceUpdateDate>2018/02/06 12:43</PriceUpdateDate>
      <ItemCode>7290002057017</ItemCode>
      <ItemType>1</ItemType>
      <ItemName>זיתים ירוקים נובו קבוצת יבנה (540 גרם)</ItemName>
      <ManufactureName>קבוצת יבנה מוצרי מזון אגודה שי</ManufactureName>
      <ManufactureCountry />
      <ManufactureItemDescription />
      <UnitQty>יח`</UnitQty>
      <Quantity>560</Quantity>
      <UnitMeasure>גרם</UnitMeasure>
      <BisWeighted>0</BisWeighted>
      <QtyInPackage>1</QtyInPackage>
      <ItemPrice>9.90</ItemPrice>
      <UnitOfMeasurePrice>1.77</UnitOfMeasurePrice>
      <AllowDiscount>1</AllowDiscount>
      <itemStatus>1</itemStatus>
      <LastUpdateDate />
      <LastUpdateTime />
    </Product>
    <Product>
      <PriceUpdateDate>2018/02/06 12:43</PriceUpdateDate>
      <ItemCode>7290002057031</ItemCode>
      <ItemType>1</ItemType>
      <ItemName>זיתים מבוקעים</ItemName>
      <ManufactureName>קבוצת יבנה מוצרי מזון אגודה שי</ManufactureName>
      <ManufactureCountry />
      <ManufactureItemDescription />
      <UnitQty>יח`</UnitQty>
      <Quantity>560</Quantity>
      <UnitMeasure>גרם</UnitMeasure>
      <BisWeighted>0</BisWeighted>
      <QtyInPackage>1</QtyInPackage>
      <ItemPrice>9.90</ItemPrice>
      <UnitOfMeasurePrice>1.77</UnitOfMeasurePrice>
      <AllowDiscount>0</AllowDiscount>
      <itemStatus>1</itemStatus>
      <LastUpdateDate />
      <LastUpdateTime />
    </Product>
    <Product>
      <PriceUpdateDate>2018/02/06 12:43</PriceUpdateDate>
      <ItemCode>7290002057048</ItemCode>
      <ItemType>1</ItemType>
      <ItemName>זיתים סורי מבוקע</ItemName>
      <ManufactureName>קבוצת יבנה מוצרי מזון אגודה שי</ManufactureName>
      <ManufactureCountry />
      <ManufactureItemDescription />
      <UnitQty>יח`</UnitQty>
      <Quantity>560</Quantity>
      <UnitMeasure>גרם</UnitMeasure>
      <BisWeighted>0</BisWeighted>
      <QtyInPackage>1</QtyInPackage>
      <ItemPrice>11.90</ItemPrice>
      <UnitOfMeasurePrice>2.13</UnitOfMeasurePrice>
      <AllowDiscount>0</AllowDiscount>
      <itemStatus>1</itemStatus>
      <LastUpdateDate />
      <LastUpdateTime />
    </Product>
    <Product>
      <PriceUpdateDate>2018/02/06 12:43</PriceUpdateDate>
      <ItemCode>7290002057055</ItemCode>
      <ItemType>1</ItemType>
      <ItemName>זיתים סורי שלם</ItemName>
      <ManufactureName>קבוצת יבנה מוצרי מזון אגודה שי</ManufactureName>
      <ManufactureCountry />
      <ManufactureItemDescription />
      <UnitQty>יח`</UnitQty>
      <Quantity>560</Quantity>
      <UnitMeasure>גרם</UnitMeasure>
      <BisWeighted>0</BisWeighted>
      <QtyInPackage>1</QtyInPackage>
      <ItemPrice>11.90</ItemPrice>
      <UnitOfMeasurePrice>2.13</UnitOfMeasurePrice>
      <AllowDiscount>0</AllowDiscount>
      <itemStatus>1</itemStatus>
      <LastUpdateDate />
      <LastUpdateTime />
    </Product>
    <Product>
      <PriceUpdateDate>2018/02/06 12:43</PriceUpdateDate>
      <ItemCode>7290002057062</ItemCode>
      <ItemType>1</ItemType>
      <ItemName>זיתים מנזלינו ירוק A2</ItemName>
      <ManufactureName>קבוצת יבנה מוצרי מזון אגודה שי</ManufactureName>
      <ManufactureCountry />
      <ManufactureItemDescription />
      <UnitQty>יח`</UnitQty>
      <Quantity>560</Quantity>
      <UnitMeasure>גרם</UnitMeasure>
      <BisWeighted>0</BisWeighted>
      <QtyInPackage>1</QtyInPackage>
      <ItemPrice>6.90</ItemPrice>
      <UnitOfMeasurePrice>1.23</UnitOfMeasurePrice>
      <AllowDiscount>0</AllowDiscount>
      <itemStatus>1</itemStatus>
      <LastUpdateDate />
      <LastUpdateTime />
    </Product>
    <Product>
      <PriceUpdateDate>2018/02/06 12:43</PriceUpdateDate>
      <ItemCode>7290002057086</ItemCode>
      <ItemType>1</ItemType>
      <ItemName>זיתים מנזלינו גדול</ItemName>
      <ManufactureName>קבוצת יבנה מוצרי מזון אגודה שי</ManufactureName>
      <ManufactureCountry />
      <ManufactureItemDescription />
      <UnitQty>יח`</UnitQty>
      <Quantity>560</Quantity>
      <UnitMeasure>גרם</UnitMeasure>
      <BisWeighted>0</BisWeighted>
      <QtyInPackage>1</QtyInPackage>
      <ItemPrice>17.90</ItemPrice>
      <UnitOfMeasurePrice>3.20</UnitOfMeasurePrice>
      <AllowDiscount>0</AllowDiscount>
      <itemStatus>1</itemStatus>
      <LastUpdateDate />
      <LastUpdateTime />
    </Product>
    <Product>
      <PriceUpdateDate>2018/02/06 12:43</PriceUpdateDate>
      <ItemCode>7290002057093</ItemCode>
      <ItemType>1</ItemType>
      <ItemName>זיתים מנזלינו גדול</ItemName>
      <ManufactureName>קבוצת יבנה מוצרי מזון אגודה שי</ManufactureName>
      <ManufactureCountry />
      <ManufactureItemDescription />
      <UnitQty>יח`</UnitQty>
      <Quantity>600</Quantity>
      <UnitMeasure>גרם</UnitMeasure>
      <BisWeighted>0</BisWeighted>
      <QtyInPackage>1</QtyInPackage>
      <ItemPrice>8.90</ItemPrice>
      <UnitOfMeasurePrice>1.48</UnitOfMeasurePrice>
      <AllowDiscount>0</AllowDiscount>
      <itemStatus>1</itemStatus>
      <LastUpdateDate />
      <LastUpdateTime />
    </Product>
    <Product>
      <PriceUpdateDate>2018/02/06 12:43</PriceUpdateDate>
      <ItemCode>7290002057130</ItemCode>
      <ItemType>1</ItemType>
      <ItemName>זיתים ירוק חרוז Z43</ItemName>
      <ManufactureName>קבוצת יבנה מוצרי מזון אגודה שי</ManufactureName>
      <ManufactureCountry />
      <ManufactureItemDescription />
      <UnitQty>יח`</UnitQty>
      <Quantity>720</Quantity>
      <UnitMeasure>גרם</UnitMeasure>
      <BisWeighted>0</BisWeighted>
      <QtyInPackage>1</QtyInPackage>
      <ItemPrice>19.90</ItemPrice>
      <UnitOfMeasurePrice>2.76</UnitOfMeasurePrice>
      <AllowDiscount>0</AllowDiscount>
      <itemStatus>1</itemStatus>
      <LastUpdateDate />
      <LastUpdateTime />
    </Product>
    <Product>
      <PriceUpdateDate>2015/02/12 18:58</PriceUpdateDate>
      <ItemCode>7290002057161</ItemCode>
      <ItemType>1</ItemType>
      <ItemName>זיתים מירנט חתוך ביין</ItemName>
      <ManufactureName>קבוצת יבנה מוצרי מזון אגודה שי</ManufactureName>
      <ManufactureCountry />
      <ManufactureItemDescription />
      <UnitQty>יח`</UnitQty>
      <Quantity>560</Quantity>
      <UnitMeasure>גרם</UnitMeasure>
      <BisWeighted>0</BisWeighted>
      <QtyInPackage>1</QtyInPackage>
      <ItemPrice>9.90</ItemPrice>
      <UnitOfMeasurePrice>1.77</UnitOfMeasurePrice>
      <AllowDiscount>0</AllowDiscount>
      <itemStatus>1</itemStatus>
      <LastUpdateDate />
      <LastUpdateTime />
    </Product>
    <Product>
      <PriceUpdateDate>2018/02/06 12:43</PriceUpdateDate>
      <ItemCode>7290002057185</ItemCode>
      <ItemType>1</ItemType>
      <ItemName>טבעות זיתים ירוק A2</ItemName>
      <ManufactureName>קבוצת יבנה מוצרי מזון אגודה שי</ManufactureName>
      <ManufactureCountry />
      <ManufactureItemDescription />
      <UnitQty>יח`</UnitQty>
      <Quantity>560</Quantity>
      <UnitMeasure>גרם</UnitMeasure>
      <BisWeighted>0</BisWeighted>
      <QtyInPackage>1</QtyInPackage>
      <ItemPrice>9.90</ItemPrice>
      <UnitOfMeasurePrice>1.77</UnitOfMeasurePrice>
      <AllowDiscount>1</AllowDiscount>
      <itemStatus>1</itemStatus>
      <LastUpdateDate />
      <LastUpdateTime />
    </Product>
    <Product>
      <PriceUpdateDate>2017/08/14 12:35</PriceUpdateDate>
      <ItemCode>7290002057314</ItemCode>
      <ItemType>1</ItemType>
      <ItemName>מלפפון במלח 15-20 Z43</ItemName>
      <ManufactureName>קבוצת יבנה מוצרי מזון אגודה שי</ManufactureName>
      <ManufactureCountry />
      <ManufactureItemDescription />
      <UnitQty>יח`</UnitQty>
      <Quantity>560</Quantity>
      <UnitMeasure>גרם</UnitMeasure>
      <BisWeighted>0</BisWeighted>
      <QtyInPackage>1</QtyInPackage>
      <ItemPrice>13.90</ItemPrice>
      <UnitOfMeasurePrice>2.48</UnitOfMeasurePrice>
      <AllowDiscount>0</AllowDiscount>
      <itemStatus>1</itemStatus>
      <LastUpdateDate />
      <LastUpdateTime />
    </Product>
    <Product>
      <PriceUpdateDate>2018/02/06 12:43</PriceUpdateDate>
      <ItemCode>7290002057345</ItemCode>
      <ItemType>1</ItemType>
      <ItemName>מלפפון במלח 30-36</ItemName>
      <ManufactureName>קבוצת יבנה מוצרי מזון אגודה שי</ManufactureName>
      <ManufactureCountry />
      <ManufactureItemDescription />
      <UnitQty>יח`</UnitQty>
      <Quantity>1.30</Quantity>
      <UnitMeasure>ק"ג</UnitMeasure>
      <BisWeighted>0</BisWeighted>
      <QtyInPackage>1</QtyInPackage>
      <ItemPrice>21.90</ItemPrice>
      <UnitOfMeasurePrice>16.85</UnitOfMeasurePrice>
      <AllowDiscount>0</AllowDiscount>
      <itemStatus>1</itemStatus>
      <LastUpdateDate />
      <LastUpdateTime />
    </Product>
    <Product>
      <PriceUpdateDate>2018/02/06 12:43</PriceUpdateDate>
      <ItemCode>7290002057352</ItemCode>
      <ItemType>1</ItemType>
      <ItemName>מלפפון במלח 7-9 יבנה</ItemName>
      <ManufactureName>קבוצת יבנה מוצרי מזון אגודה שי</ManufactureName>
      <ManufactureCountry />
      <ManufactureItemDescription />
      <UnitQty>יח`</UnitQty>
      <Quantity>600</Quantity>
      <UnitMeasure>גרם</UnitMeasure>
      <BisWeighted>0</BisWeighted>
      <QtyInPackage>1</QtyInPackage>
      <ItemPrice>6.90</ItemPrice>
      <UnitOfMeasurePrice>1.15</UnitOfMeasurePrice>
      <AllowDiscount>0</AllowDiscount>
      <itemStatus>1</itemStatus>
      <LastUpdateDate />
      <LastUpdateTime />
    </Product>
    <Product>
      <PriceUpdateDate>2018/02/06 12:43</PriceUpdateDate>
      <ItemCode>7290002057369</ItemCode>
      <ItemType>1</ItemType>
      <ItemName>מלפפון במלח 10-12</ItemName>
      <ManufactureName>קבוצת יבנה מוצרי מזון אגודה שי</ManufactureName>
      <ManufactureCountry />
      <ManufactureItemDescription />
      <UnitQty>יח`</UnitQty>
      <Quantity>600</Quantity>
      <UnitMeasure>גרם</UnitMeasure>
      <BisWeighted>0</BisWeighted>
      <QtyInPackage>1</QtyInPackage>
      <ItemPrice>7.90</ItemPrice>
      <UnitOfMeasurePrice>1.32</UnitOfMeasurePrice>
      <AllowDiscount>0</AllowDiscount>
      <itemStatus>1</itemStatus>
      <LastUpdateDate />
      <LastUpdateTime />
    </Product>
    <Product>
      <PriceUpdateDate>2017/07/03 11:30</PriceUpdateDate>
      <ItemCode>7290002057383</ItemCode>
      <ItemType>1</ItemType>
      <ItemName>מלפפון במלח 18-25</ItemName>
      <ManufactureName>קבוצת יבנה מוצרי מזון אגודה שי</ManufactureName>
      <ManufactureCountry />
      <ManufactureItemDescription />
      <UnitQty>יח`</UnitQty>
      <Quantity>600</Quantity>
      <UnitMeasure>גרם</UnitMeasure>
      <BisWeighted>0</BisWeighted>
      <QtyInPackage>1</QtyInPackage>
      <ItemPrice>12.90</ItemPrice>
      <UnitOfMeasurePrice>2.15</UnitOfMeasurePrice>
      <AllowDiscount>0</AllowDiscount>
      <itemStatus>1</itemStatus>
      <LastUpdateDate />
      <LastUpdateTime />
    </Product>
    <Product>
      <PriceUpdateDate>2017/08/14 12:35</PriceUpdateDate>
      <ItemCode>7290002057413</ItemCode>
      <ItemType>1</ItemType>
      <ItemName>מלפפון 15-20 בחומץ</ItemName>
      <ManufactureName>קבוצת יבנה מוצרי מזון אגודה שי</ManufactureName>
      <ManufactureCountry />
      <ManufactureItemDescription />
      <UnitQty>יח`</UnitQty>
      <Quantity>600</Quantity>
      <UnitMeasure>גרם</UnitMeasure>
      <BisWeighted>0</BisWeighted>
      <QtyInPackage>1</QtyInPackage>
      <ItemPrice>13.90</ItemPrice>
      <UnitOfMeasurePrice>2.32</UnitOfMeasurePrice>
      <AllowDiscount>0</AllowDiscount>
      <itemStatus>1</itemStatus>
      <LastUpdateDate />
      <LastUpdateTime />
    </Product>
    <Product>
      <PriceUpdateDate>2018/02/06 12:43</PriceUpdateDate>
      <ItemCode>7290002057451</ItemCode>
      <ItemType>1</ItemType>
      <ItemName>מלפפון בחומץ 7-9</ItemName>
      <ManufactureName>קבוצת יבנה מוצרי מזון אגודה שי</ManufactureName>
      <ManufactureCountry />
      <ManufactureItemDescription />
      <UnitQty>יח`</UnitQty>
      <Quantity>600</Quantity>
      <UnitMeasure>גרם</UnitMeasure>
      <BisWeighted>0</BisWeighted>
      <QtyInPackage>1</QtyInPackage>
      <ItemPrice>6.90</ItemPrice>
      <UnitOfMeasurePrice>1.15</UnitOfMeasurePrice>
      <AllowDiscount>0</AllowDiscount>
      <itemStatus>1</itemStatus>
      <LastUpdateDate />
      <LastUpdateTime />
    </Product>
    <Product>
      <PriceUpdateDate>2018/02/06 12:43</PriceUpdateDate>
      <ItemCode>7290002057468</ItemCode>
      <ItemType>1</ItemType>
      <ItemName>מלפפון בחומץ 10-12</ItemName>
      <ManufactureName>קבוצת יבנה מוצרי מזון אגודה שי</ManufactureName>
      <ManufactureCountry />
      <ManufactureItemDescription />
      <UnitQty>יח`</UnitQty>
      <Quantity>600</Quantity>
      <UnitMeasure>גרם</UnitMeasure>
      <BisWeighted>0</BisWeighted>
      <QtyInPackage>1</QtyInPackage>
      <ItemPrice>7.90</ItemPrice>
      <UnitOfMeasurePrice>1.32</UnitOfMeasurePrice>
      <AllowDiscount>0</AllowDiscount>
      <itemStatus>1</itemStatus>
      <LastUpdateDate />
      <LastUpdateTime />
    </Product>
    <Product>
      <PriceUpdateDate>2018/02/06 12:43</PriceUpdateDate>
      <ItemCode>7290002057475</ItemCode>
      <ItemType>1</ItemType>
      <ItemName>מלפפון בחומץ 13-17</ItemName>
      <ManufactureName>קבוצת יבנה מוצרי מזון אגודה שי</ManufactureName>
      <ManufactureCountry />
      <ManufactureItemDescription />
      <UnitQty>יח`</UnitQty>
      <Quantity>600</Quantity>
      <UnitMeasure>גרם</UnitMeasure>
      <BisWeighted>0</BisWeighted>
      <QtyInPackage>1</QtyInPackage>
      <ItemPrice>10.90</ItemPrice>
      <UnitOfMeasurePrice>1.82</UnitOfMeasurePrice>
      <AllowDiscount>0</AllowDiscount>
      <itemStatus>1</itemStatus>
      <LastUpdateDate />
      <LastUpdateTime />
    </Product>
    <Product>
      <PriceUpdateDate>2017/07/03 11:30</PriceUpdateDate>
      <ItemCode>7290002057482</ItemCode>
      <ItemType>1</ItemType>
      <ItemName>מלפפון בחומץ 18-25</ItemName>
      <ManufactureName>קבוצת יבנה מוצרי מזון אגודה שי</ManufactureName>
      <ManufactureCountry />
      <ManufactureItemDescription />
      <UnitQty>יח`</UnitQty>
      <Quantity>560</Quantity>
      <UnitMeasure>גרם</UnitMeasure>
      <BisWeighted>0</BisWeighted>
      <QtyInPackage>1</QtyInPackage>
      <ItemPrice>12.90</ItemPrice>
      <UnitOfMeasurePrice>2.30</UnitOfMeasurePrice>
      <AllowDiscount>0</AllowDiscount>
      <itemStatus>1</itemStatus>
      <LastUpdateDate />
      <LastUpdateTime />
    </Product>
    <Product>
      <PriceUpdateDate>2017/07/03 09:29</PriceUpdateDate>
      <ItemCode>7290002057604</ItemCode>
      <ItemType>1</ItemType>
      <ItemName>פלפל חריף שיפקה קבוצת יבנה (540 גרם)</ItemName>
      <ManufactureName>קבוצת יבנה מוצרי מזון אגודה שי</ManufactureName>
      <ManufactureCountry />
      <ManufactureItemDescription />
      <UnitQty>יח`</UnitQty>
      <Quantity>560</Quantity>
      <UnitMeasure>גרם</UnitMeasure>
      <BisWeighted>0</BisWeighted>
      <QtyInPackage>1</QtyInPackage>
      <ItemPrice>5.90</ItemPrice>
      <UnitOfMeasurePrice>1.05</UnitOfMeasurePrice>
      <AllowDiscount>1</AllowDiscount>
      <itemStatus>1</itemStatus>
      <LastUpdateDate />
      <LastUpdateTime />
    </Product>
    <Product>
      <PriceUpdateDate>2018/02/06 12:43</PriceUpdateDate>
      <ItemCode>7290002057628</ItemCode>
      <ItemType>1</ItemType>
      <ItemName>זיתים מושחרים טבעות קבוצת יבנה (540 גרם)</ItemName>
      <ManufactureName>קבוצת יבנה מוצרי מזון אגודה שי</ManufactureName>
      <ManufactureCountry />
      <ManufactureItemDescription />
      <UnitQty>יח`</UnitQty>
      <Quantity>540</Quantity>
      <UnitMeasure>גרם</UnitMeasure>
      <BisWeighted>0</BisWeighted>
      <QtyInPackage>1</QtyInPackage>
      <ItemPrice>9.90</ItemPrice>
      <UnitOfMeasurePrice>1.83</UnitOfMeasurePrice>
      <AllowDiscount>0</AllowDiscount>
      <itemStatus>1</itemStatus>
      <LastUpdateDate />
      <LastUpdateTime />
    </Product>
    <Product>
      <PriceUpdateDate>2018/02/06 12:43</PriceUpdateDate>
      <ItemCode>7290002057734</ItemCode>
      <ItemType>1</ItemType>
      <ItemName>זיתים גדול 540 גר`</ItemName>
      <ManufactureName>קבוצת יבנה מוצרי מזון אגודה שי</ManufactureName>
      <ManufactureCountry />
      <ManufactureItemDescription />
      <UnitQty>יח`</UnitQty>
      <Quantity>540</Quantity>
      <UnitMeasure>גרם</UnitMeasure>
      <BisWeighted>0</BisWeighted>
      <QtyInPackage>1</QtyInPackage>
      <ItemPrice>9.90</ItemPrice>
      <UnitOfMeasurePrice>1.83</UnitOfMeasurePrice>
      <AllowDiscount>0</AllowDiscount>
      <itemStatus>1</itemStatus>
      <LastUpdateDate />
      <LastUpdateTime />
    </Product>
    <Product>
      <PriceUpdateDate>2017/12/12 08:25</PriceUpdateDate>
      <ItemCode>7290002065555</ItemCode>
      <ItemType>1</ItemType>
      <ItemName>לחמניות אנג`ל) (6</ItemName>
      <ManufactureName>שלמה א. אנג`ל בעמ</ManufactureName>
      <ManufactureCountry />
      <ManufactureItemDescription />
      <UnitQty>יח`</UnitQty>
      <Quantity>450</Quantity>
      <UnitMeasure>גרם</UnitMeasure>
      <BisWeighted>0</BisWeighted>
      <QtyInPackage>1</QtyInPackage>
      <ItemPrice>10</ItemPrice>
      <UnitOfMeasurePrice>2.22</UnitOfMeasurePrice>
      <AllowDiscount>0</AllowDiscount>
      <itemStatus>1</itemStatus>
      <LastUpdateDate />
      <LastUpdateTime />
    </Product>
    <Product>
      <PriceUpdateDate>2017/11/07 13:14</PriceUpdateDate>
      <ItemCode>7290002065616</ItemCode>
      <ItemType>1</ItemType>
      <ItemName>לחם שיפון גרעינים פרוס אחדות (750 גרם)</ItemName>
      <ManufactureName>שלמה א. אנג`ל בעמ</ManufactureName>
      <ManufactureCountry />
      <ManufactureItemDescription />
      <UnitQty>יח`</UnitQty>
      <Quantity>750</Quantity>
      <UnitMeasure>גרם</UnitMeasure>
      <BisWeighted>0</BisWeighted>
      <QtyInPackage>1</QtyInPackage>
      <ItemPrice>11.90</ItemPrice>
      <UnitOfMeasurePrice>1.59</UnitOfMeasurePrice>
      <AllowDiscount>0</AllowDiscount>
      <itemStatus>1</itemStatus>
      <LastUpdateDate />
      <LastUpdateTime />
    </Product>
    <Product>
      <PriceUpdateDate>2017/11/07 13:14</PriceUpdateDate>
      <ItemCode>7290002065623</ItemCode>
      <ItemType>1</ItemType>
      <ItemName>לחם שיפון פרוס כפרי אחדות (750 גרם)</ItemName>
      <ManufactureName>שלמה א. אנג`ל בעמ</ManufactureName>
      <ManufactureCountry />
      <ManufactureItemDescription />
      <UnitQty>יח`</UnitQty>
      <Quantity>750</Quantity>
      <UnitMeasure>גרם</UnitMeasure>
      <BisWeighted>0</BisWeighted>
      <QtyInPackage>1</QtyInPackage>
      <ItemPrice>11.90</ItemPrice>
      <UnitOfMeasurePrice>1.59</UnitOfMeasurePrice>
      <AllowDiscount>0</AllowDiscount>
      <itemStatus>1</itemStatus>
      <LastUpdateDate />
      <LastUpdateTime />
    </Product>
    <Product>
      <PriceUpdateDate>2015/05/27 18:21</PriceUpdateDate>
      <ItemCode>7290002075035</ItemCode>
      <ItemType>1</ItemType>
      <ItemName>אובלטים מלוחים דקיקים ברט (500 גרם)</ItemName>
      <ManufactureName>שוקוטרייד בעמ</ManufactureName>
      <ManufactureCountry />
      <ManufactureItemDescription />
      <UnitQty>יח`</UnitQty>
      <Quantity>500</Quantity>
      <UnitMeasure>גרם</UnitMeasure>
      <BisWeighted>0</BisWeighted>
      <QtyInPackage>1</QtyInPackage>
      <ItemPrice>17.90</ItemPrice>
      <UnitOfMeasurePrice>3.58</UnitOfMeasurePrice>
      <AllowDiscount>0</AllowDiscount>
      <itemStatus>1</itemStatus>
      <LastUpdateDate />
      <LastUpdateTime />
    </Product>
    <Product>
      <PriceUpdateDate>2014/10/28 17:40</PriceUpdateDate>
      <ItemCode>7290002075219</ItemCode>
      <ItemType>1</ItemType>
      <ItemName>אייסקונפקט 500 גר</ItemName>
      <ManufactureName>שוקוטרייד בעמ</ManufactureName>
      <ManufactureCountry />
      <ManufactureItemDescription />
      <UnitQty>יח`</UnitQty>
      <Quantity>500</Quantity>
      <UnitMeasure>גרם</UnitMeasure>
      <BisWeighted>0</BisWeighted>
      <QtyInPackage>1</QtyInPackage>
      <ItemPrice>33.90</ItemPrice>
      <UnitOfMeasurePrice>6.78</UnitOfMeasurePrice>
      <AllowDiscount>0</AllowDiscount>
      <itemStatus>1</itemStatus>
      <LastUpdateDate />
      <LastUpdateTime />
    </Product>
    <Product>
      <PriceUpdateDate>2017/08/10 12:36</PriceUpdateDate>
      <ItemCode>7290002077725</ItemCode>
      <ItemType>1</ItemType>
      <ItemName>סלמון מעושן דלידג (100 גרם)</ItemName>
      <ManufactureName>נטו מלינדה סחר בעמ</ManufactureName>
      <ManufactureCountry />
      <ManufactureItemDescription />
      <UnitQty>יח`</UnitQty>
      <Quantity>100</Quantity>
      <UnitMeasure>גרם</UnitMeasure>
      <BisWeighted>0</BisWeighted>
      <QtyInPackage>1</QtyInPackage>
      <ItemPrice>15.90</ItemPrice>
      <UnitOfMeasurePrice>15.90</UnitOfMeasurePrice>
      <AllowDiscount>1</AllowDiscount>
      <itemStatus>1</itemStatus>
      <LastUpdateDate />
      <LastUpdateTime />
    </Product>
    <Product>
      <PriceUpdateDate>2018/10/07 20:11</PriceUpdateDate>
      <ItemCode>7290002107019</ItemCode>
      <ItemType>1</ItemType>
      <ItemName>צפתית מעודנת 5% בגביע צוריאל</ItemName>
      <ManufactureName>החב` המרכזית - טרה</ManufactureName>
      <ManufactureCountry />
      <ManufactureItemDescription />
      <UnitQty>יח`</UnitQty>
      <Quantity>250</Quantity>
      <UnitMeasure>גרם</UnitMeasure>
      <BisWeighted>0</BisWeighted>
      <QtyInPackage>1</QtyInPackage>
      <ItemPrice>18.20</ItemPrice>
      <UnitOfMeasurePrice>7.28</UnitOfMeasurePrice>
      <AllowDiscount>1</AllowDiscount>
      <itemStatus>1</itemStatus>
      <LastUpdateDate />
      <LastUpdateTime />
    </Product>
    <Product>
      <PriceUpdateDate>2018/10/07 20:11</PriceUpdateDate>
      <ItemCode>7290002107385</ItemCode>
      <ItemType>1</ItemType>
      <ItemName>דליקט עז 200 גרם צוריאל</ItemName>
      <ManufactureName>החב` המרכזית - טרה</ManufactureName>
      <ManufactureCountry />
      <ManufactureItemDescription />
      <UnitQty>יח`</UnitQty>
      <Quantity>180</Quantity>
      <UnitMeasure>גרם</UnitMeasure>
      <BisWeighted>0</BisWeighted>
      <QtyInPackage>1</QtyInPackage>
      <ItemPrice>23.50</ItemPrice>
      <UnitOfMeasurePrice>13.06</UnitOfMeasurePrice>
      <AllowDiscount>1</AllowDiscount>
      <itemStatus>1</itemStatus>
      <LastUpdateDate />
      <LastUpdateTime />
    </Product>
    <Product>
      <PriceUpdateDate>2018/10/07 20:11</PriceUpdateDate>
      <ItemCode>7290002107491</ItemCode>
      <ItemType>1</ItemType>
      <ItemName>גבינה עיזים 5% למריחה 200 גר`</ItemName>
      <ManufactureName>החב` המרכזית - טרה</ManufactureName>
      <ManufactureCountry />
      <ManufactureItemDescription />
      <UnitQty>יח`</UnitQty>
      <Quantity>250</Quantity>
      <UnitMeasure>גרם</UnitMeasure>
      <BisWeighted>0</BisWeighted>
      <QtyInPackage>1</QtyInPackage>
      <ItemPrice>15.90</ItemPrice>
      <UnitOfMeasurePrice>6.36</UnitOfMeasurePrice>
      <AllowDiscount>1</AllowDiscount>
      <itemStatus>1</itemStatus>
      <LastUpdateDate />
      <LastUpdateTime />
    </Product>
    <Product>
      <PriceUpdateDate>2018/10/07 20:11</PriceUpdateDate>
      <ItemCode>7290002107798</ItemCode>
      <ItemType>1</ItemType>
      <ItemName>בולגרית בקר 5% בגביע 250 גר`</ItemName>
      <ManufactureName>החב` המרכזית - טרה</ManufactureName>
      <ManufactureCountry />
      <ManufactureItemDescription />
      <UnitQty>יח`</UnitQty>
      <Quantity>250</Quantity>
      <UnitMeasure>גרם</UnitMeasure>
      <BisWeighted>0</BisWeighted>
      <QtyInPackage>1</QtyInPackage>
      <ItemPrice>22.90</ItemPrice>
      <UnitOfMeasurePrice>9.16</UnitOfMeasurePrice>
      <AllowDiscount>1</AllowDiscount>
      <itemStatus>1</itemStatus>
      <LastUpdateDate />
      <LastUpdateTime />
    </Product>
    <Product>
      <PriceUpdateDate>2015/03/02 16:17</PriceUpdateDate>
      <ItemCode>7290002109372</ItemCode>
      <ItemType>1</ItemType>
      <ItemName>בורקס פילו אצבעות בולגרית 700 גר`</ItemName>
      <ManufactureName>נטו מלינדה סחר בעמ</ManufactureName>
      <ManufactureCountry />
      <ManufactureItemDescription />
      <UnitQty>יח`</UnitQty>
      <Quantity>700</Quantity>
      <UnitMeasure>גרם</UnitMeasure>
      <BisWeighted>0</BisWeighted>
      <QtyInPackage>1</QtyInPackage>
      <ItemPrice>18.90</ItemPrice>
      <UnitOfMeasurePrice>2.70</UnitOfMeasurePrice>
      <AllowDiscount>1</AllowDiscount>
      <itemStatus>1</itemStatus>
      <LastUpdateDate />
      <LastUpdateTime />
    </Product>
    <Product>
      <PriceUpdateDate>2020/04/30 10:58</PriceUpdateDate>
      <ItemCode>7290002111122</ItemCode>
      <ItemType>1</ItemType>
      <ItemName>A2 רסק תפוע מתו</ItemName>
      <ManufactureName>זנלכל בעמ</ManufactureName>
      <ManufactureCountry />
      <ManufactureItemDescription />
      <UnitQty>יח`</UnitQty>
      <Quantity>560</Quantity>
      <UnitMeasure>גרם</UnitMeasure>
      <BisWeighted>0</BisWeighted>
      <QtyInPackage>1</QtyInPackage>
      <ItemPrice>5.90</ItemPrice>
      <UnitOfMeasurePrice>1.05</UnitOfMeasurePrice>
      <AllowDiscount>0</AllowDiscount>
      <itemStatus>1</itemStatus>
      <LastUpdateDate />
      <LastUpdateTime />
    </Product>
    <Product>
      <PriceUpdateDate>2017/10/04 11:57</PriceUpdateDate>
      <ItemCode>7290002129455</ItemCode>
      <ItemType>1</ItemType>
      <ItemName>פיצה איטלקית xl גדולה 450 גר` שלושת האופ</ItemName>
      <ManufactureName>נטו מלינדה סחר בעמ</ManufactureName>
      <ManufactureCountry />
      <ManufactureItemDescription />
      <UnitQty>יח`</UnitQty>
      <Quantity>450</Quantity>
      <UnitMeasure>גרם</UnitMeasure>
      <BisWeighted>0</BisWeighted>
      <QtyInPackage>1</QtyInPackage>
      <ItemPrice>19.90</ItemPrice>
      <UnitOfMeasurePrice>4.42</UnitOfMeasurePrice>
      <AllowDiscount>0</AllowDiscount>
      <itemStatus>1</itemStatus>
      <LastUpdateDate />
      <LastUpdateTime />
    </Product>
    <Product>
      <PriceUpdateDate>2017/04/24 06:47</PriceUpdateDate>
      <ItemCode>7290002129462</ItemCode>
      <ItemType>1</ItemType>
      <ItemName>פיצה איטלקית דקה שלושת האופים מארז זוג</ItemName>
      <ManufactureName>נטו מלינדה סחר בעמ</ManufactureName>
      <ManufactureCountry />
      <ManufactureItemDescription />
      <UnitQty>יח`</UnitQty>
      <Quantity>640</Quantity>
      <UnitMeasure>גרם</UnitMeasure>
      <BisWeighted>0</BisWeighted>
      <QtyInPackage>1</QtyInPackage>
      <ItemPrice>22.90</ItemPrice>
      <UnitOfMeasurePrice>3.58</UnitOfMeasurePrice>
      <AllowDiscount>0</AllowDiscount>
      <itemStatus>1</itemStatus>
      <LastUpdateDate />
      <LastUpdateTime />
    </Product>
    <Product>
      <PriceUpdateDate>2017/04/24 06:47</PriceUpdateDate>
      <ItemCode>7290002129479</ItemCode>
      <ItemType>1</ItemType>
      <ItemName>פיצה איטלקית דקה שלושת האופים 320 גר</ItemName>
      <ManufactureName>נטו מלינדה סחר בעמ</ManufactureName>
      <ManufactureCountry />
      <ManufactureItemDescription />
      <UnitQty>יח`</UnitQty>
      <Quantity>320</Quantity>
      <UnitMeasure>גרם</UnitMeasure>
      <BisWeighted>0</BisWeighted>
      <QtyInPackage>1</QtyInPackage>
      <ItemPrice>13.90</ItemPrice>
      <UnitOfMeasurePrice>4.34</UnitOfMeasurePrice>
      <AllowDiscount>0</AllowDiscount>
      <itemStatus>1</itemStatus>
      <LastUpdateDate />
      <LastUpdateTime />
    </Product>
    <Product>
      <PriceUpdateDate>2017/08/17 09:07</PriceUpdateDate>
      <ItemCode>7290002129486</ItemCode>
      <ItemType>1</ItemType>
      <ItemName>פיצה איטלקית דקה 340 גר` שלושת האופים</ItemName>
      <ManufactureName>נטו מלינדה סחר בעמ</ManufactureName>
      <ManufactureCountry />
      <ManufactureItemDescription />
      <UnitQty>יח`</UnitQty>
      <Quantity>340</Quantity>
      <UnitMeasure>גרם</UnitMeasure>
      <BisWeighted>0</BisWeighted>
      <QtyInPackage>1</QtyInPackage>
      <ItemPrice>14.90</ItemPrice>
      <UnitOfMeasurePrice>4.38</UnitOfMeasurePrice>
      <AllowDiscount>0</AllowDiscount>
      <itemStatus>1</itemStatus>
      <LastUpdateDate />
      <LastUpdateTime />
    </Product>
    <Product>
      <PriceUpdateDate>2017/01/03 14:28</PriceUpdateDate>
      <ItemCode>7290002130567</ItemCode>
      <ItemType>1</ItemType>
      <ItemName>דבש טהור מפרחי בר יד מרדכי (350 גרם)</ItemName>
      <ManufactureName>שטראוס גרופ בעמ</ManufactureName>
      <ManufactureCountry />
      <ManufactureItemDescription />
      <UnitQty>יח`</UnitQty>
      <Quantity>350</Quantity>
      <UnitMeasure>גרם</UnitMeasure>
      <BisWeighted>0</BisWeighted>
      <QtyInPackage>1</QtyInPackage>
      <ItemPrice>16.90</ItemPrice>
      <UnitOfMeasurePrice>4.83</UnitOfMeasurePrice>
      <AllowDiscount>0</AllowDiscount>
      <itemStatus>1</itemStatus>
      <LastUpdateDate />
      <LastUpdateTime />
    </Product>
    <Product>
      <PriceUpdateDate>2017/07/31 10:49</PriceUpdateDate>
      <ItemCode>7290002130574</ItemCode>
      <ItemType>1</ItemType>
      <ItemName>דבש דבורים טהור 500גר</ItemName>
      <ManufactureName>שטראוס גרופ בעמ</ManufactureName>
      <ManufactureCountry />
      <ManufactureItemDescription />
      <UnitQty>יח`</UnitQty>
      <Quantity>500</Quantity>
      <UnitMeasure>גרם</UnitMeasure>
      <BisWeighted>0</BisWeighted>
      <QtyInPackage>1</QtyInPackage>
      <ItemPrice>26.90</ItemPrice>
      <UnitOfMeasurePrice>5.38</UnitOfMeasurePrice>
      <AllowDiscount>0</AllowDiscount>
      <itemStatus>1</itemStatus>
      <LastUpdateDate />
      <LastUpdateTime />
    </Product>
    <Product>
      <PriceUpdateDate>2015/05/27 14:32</PriceUpdateDate>
      <ItemCode>7290002132011</ItemCode>
      <ItemType>1</ItemType>
      <ItemName>עוגיות מזרחיות עם שומשום עבאדי (400 גר)</ItemName>
      <ManufactureName>תה ויסוצקי (ישראל) בעמ</ManufactureName>
      <ManufactureCountry />
      <ManufactureItemDescription />
      <UnitQty>יח`</UnitQty>
      <Quantity>400</Quantity>
      <UnitMeasure>גרם</UnitMeasure>
      <BisWeighted>0</BisWeighted>
      <QtyInPackage>1</QtyInPackage>
      <ItemPrice>16.90</ItemPrice>
      <UnitOfMeasurePrice>4.23</UnitOfMeasurePrice>
      <AllowDiscount>0</AllowDiscount>
      <itemStatus>1</itemStatus>
      <LastUpdateDate />
      <LastUpdateTime />
    </Product>
    <Product>
      <PriceUpdateDate>2020/04/30 06:55</PriceUpdateDate>
      <ItemCode>7290002150732</ItemCode>
      <ItemType>1</ItemType>
      <ItemName>קרפלך בשר מטוגן 400 גר`</ItemName>
      <ManufactureName>חמים וטעים בעמ</ManufactureName>
      <ManufactureCountry />
      <ManufactureItemDescription />
      <UnitQty>יח`</UnitQty>
      <Quantity>400</Quantity>
      <UnitMeasure>גרם</UnitMeasure>
      <BisWeighted>0</BisWeighted>
      <QtyInPackage>1</QtyInPackage>
      <ItemPrice>11.90</ItemPrice>
      <UnitOfMeasurePrice>2.98</UnitOfMeasurePrice>
      <AllowDiscount>0</AllowDiscount>
      <itemStatus>1</itemStatus>
      <LastUpdateDate />
      <LastUpdateTime />
    </Product>
    <Product>
      <PriceUpdateDate>2020/04/30 06:55</PriceUpdateDate>
      <ItemCode>7290002150794</ItemCode>
      <ItemType>1</ItemType>
      <ItemName>סיגר בשר 400</ItemName>
      <ManufactureName>חמים וטעים בעמ</ManufactureName>
      <ManufactureCountry />
      <ManufactureItemDescription />
      <UnitQty>יח`</UnitQty>
      <Quantity>400</Quantity>
      <UnitMeasure>גרם</UnitMeasure>
      <BisWeighted>0</BisWeighted>
      <QtyInPackage>1</QtyInPackage>
      <ItemPrice>11.90</ItemPrice>
      <UnitOfMeasurePrice>2.98</UnitOfMeasurePrice>
      <AllowDiscount>0</AllowDiscount>
      <itemStatus>1</itemStatus>
      <LastUpdateDate />
      <LastUpdateTime />
    </Product>
    <Product>
      <PriceUpdateDate>2020/04/30 12:43</PriceUpdateDate>
      <ItemCode>7290002150862</ItemCode>
      <ItemType>1</ItemType>
      <ItemName>קובה בורגול במילוי בשר 400  גר`חמים וטמי</ItemName>
      <ManufactureName>חמים וטעים בעמ</ManufactureName>
      <ManufactureCountry />
      <ManufactureItemDescription />
      <UnitQty>יח`</UnitQty>
      <Quantity>400</Quantity>
      <UnitMeasure>גרם</UnitMeasure>
      <BisWeighted>0</BisWeighted>
      <QtyInPackage>1</QtyInPackage>
      <ItemPrice>11.90</ItemPrice>
      <UnitOfMeasurePrice>2.98</UnitOfMeasurePrice>
      <AllowDiscount>0</AllowDiscount>
      <itemStatus>1</itemStatus>
      <LastUpdateDate />
      <LastUpdateTime />
    </Product>
    <Product>
      <PriceUpdateDate>2019/10/23 12:39</PriceUpdateDate>
      <ItemCode>7290002195054</ItemCode>
      <ItemType>1</ItemType>
      <ItemName>המבורגר קפוא בלדי (400 גרם)</ItemName>
      <ManufactureName>בלדי בעמ</ManufactureName>
      <ManufactureCountry />
      <ManufactureItemDescription />
      <UnitQty>יח`</UnitQty>
      <Quantity>400</Quantity>
      <UnitMeasure>גרם</UnitMeasure>
      <BisWeighted>0</BisWeighted>
      <QtyInPackage>1</QtyInPackage>
      <ItemPrice>12.90</ItemPrice>
      <UnitOfMeasurePrice>3.23</UnitOfMeasurePrice>
      <AllowDiscount>1</AllowDiscount>
      <itemStatus>1</itemStatus>
      <LastUpdateDate />
      <LastUpdateTime />
    </Product>
    <Product>
      <PriceUpdateDate>2019/09/03 09:15</PriceUpdateDate>
      <ItemCode>7290002195078</ItemCode>
      <ItemType>1</ItemType>
      <ItemName>קבב כבש קפוא בלדי (400 גרם)</ItemName>
      <ManufactureName>בלדי בעמ</ManufactureName>
      <ManufactureCountry />
      <ManufactureItemDescription />
      <UnitQty>יח`</UnitQty>
      <Quantity>400</Quantity>
      <UnitMeasure>גרם</UnitMeasure>
      <BisWeighted>0</BisWeighted>
      <QtyInPackage>1</QtyInPackage>
      <ItemPrice>11.90</ItemPrice>
      <UnitOfMeasurePrice>2.98</UnitOfMeasurePrice>
      <AllowDiscount>1</AllowDiscount>
      <itemStatus>1</itemStatus>
      <LastUpdateDate />
      <LastUpdateTime />
    </Product>
    <Product>
      <PriceUpdateDate>2019/09/03 09:15</PriceUpdateDate>
      <ItemCode>7290002195085</ItemCode>
      <ItemType>1</ItemType>
      <ItemName>קבב מזרחי קפוא בלדי (400 גרם)</ItemName>
      <ManufactureName>בלדי בעמ</ManufactureName>
      <ManufactureCountry />
      <ManufactureItemDescription />
      <UnitQty>יח`</UnitQty>
      <Quantity>400</Quantity>
      <UnitMeasure>גרם</UnitMeasure>
      <BisWeighted>0</BisWeighted>
      <QtyInPackage>1</QtyInPackage>
      <ItemPrice>11.90</ItemPrice>
      <UnitOfMeasurePrice>2.98</UnitOfMeasurePrice>
      <AllowDiscount>1</AllowDiscount>
      <itemStatus>1</itemStatus>
      <LastUpdateDate />
      <LastUpdateTime />
    </Product>
    <Product>
      <PriceUpdateDate>2019/09/03 09:15</PriceUpdateDate>
      <ItemCode>7290002195092</ItemCode>
      <ItemType>1</ItemType>
      <ItemName>קבב רומני קפוא בלדי (400 גרם)</ItemName>
      <ManufactureName>בלדי בעמ</ManufactureName>
      <ManufactureCountry />
      <ManufactureItemDescription />
      <UnitQty>יח`</UnitQty>
      <Quantity>400</Quantity>
      <UnitMeasure>גרם</UnitMeasure>
      <BisWeighted>0</BisWeighted>
      <QtyInPackage>1</QtyInPackage>
      <ItemPrice>11.90</ItemPrice>
      <UnitOfMeasurePrice>2.98</UnitOfMeasurePrice>
      <AllowDiscount>1</AllowDiscount>
      <itemStatus>1</itemStatus>
      <LastUpdateDate />
      <LastUpdateTime />
    </Product>
    <Product>
      <PriceUpdateDate>2020/05/03 10:32</PriceUpdateDate>
      <ItemCode>7290002211013</ItemCode>
      <ItemType>1</ItemType>
      <ItemName>קמח 1 קג</ItemName>
      <ManufactureName>טחנת קמח רוט קרית גת</ManufactureName>
      <ManufactureCountry />
      <ManufactureItemDescription />
      <UnitQty>יח`</UnitQty>
      <Quantity>1</Quantity>
      <UnitMeasure>ק"ג</UnitMeasure>
      <BisWeighted>0</BisWeighted>
      <QtyInPackage>1</QtyInPackage>
      <ItemPrice>3.70</ItemPrice>
      <UnitOfMeasurePrice>3.70</UnitOfMeasurePrice>
      <AllowDiscount>0</AllowDiscount>
      <itemStatus>1</itemStatus>
      <LastUpdateDate />
      <LastUpdateTime />
    </Product>
    <Product>
      <PriceUpdateDate>2020/05/03 10:32</PriceUpdateDate>
      <ItemCode>7290002211044</ItemCode>
      <ItemType>1</ItemType>
      <ItemName>סולת 1 קג</ItemName>
      <ManufactureName>טחנת קמח רוט קרית גת</ManufactureName>
      <ManufactureCountry />
      <ManufactureItemDescription />
      <UnitQty>יח`</UnitQty>
      <Quantity>1</Quantity>
      <UnitMeasure>ק"ג</UnitMeasure>
      <BisWeighted>0</BisWeighted>
      <QtyInPackage>1</QtyInPackage>
      <ItemPrice>4.90</ItemPrice>
      <UnitOfMeasurePrice>4.90</UnitOfMeasurePrice>
      <AllowDiscount>0</AllowDiscount>
      <itemStatus>1</itemStatus>
      <LastUpdateDate />
      <LastUpdateTime />
    </Product>
    <Product>
      <PriceUpdateDate>2020/05/03 10:32</PriceUpdateDate>
      <ItemCode>7290002211051</ItemCode>
      <ItemType>1</ItemType>
      <ItemName>קמח מלא 1 קג</ItemName>
      <ManufactureName>טחנת קמח רוט קרית גת</ManufactureName>
      <ManufactureCountry />
      <ManufactureItemDescription />
      <UnitQty>יח`</UnitQty>
      <Quantity>1</Quantity>
      <UnitMeasure>ק"ג</UnitMeasure>
      <BisWeighted>0</BisWeighted>
      <QtyInPackage>1</QtyInPackage>
      <ItemPrice>4.30</ItemPrice>
      <UnitOfMeasurePrice>4.30</UnitOfMeasurePrice>
      <AllowDiscount>0</AllowDiscount>
      <itemStatus>1</itemStatus>
      <LastUpdateDate />
      <LastUpdateTime />
    </Product>
    <Product>
      <PriceUpdateDate>2020/05/03 10:32</PriceUpdateDate>
      <ItemCode>7290002211068</ItemCode>
      <ItemType>1</ItemType>
      <ItemName>קמח תופח 1 קג</ItemName>
      <ManufactureName>טחנת קמח רוט קרית גת</ManufactureName>
      <ManufactureCountry />
      <ManufactureItemDescription />
      <UnitQty>יח`</UnitQty>
      <Quantity>1</Quantity>
      <UnitMeasure>ק"ג</UnitMeasure>
      <BisWeighted>0</BisWeighted>
      <QtyInPackage>1</QtyInPackage>
      <ItemPrice>4.30</ItemPrice>
      <UnitOfMeasurePrice>4.30</UnitOfMeasurePrice>
      <AllowDiscount>0</AllowDiscount>
      <itemStatus>1</itemStatus>
      <LastUpdateDate />
      <LastUpdateTime />
    </Product>
    <Product>
      <PriceUpdateDate>2020/01/19 10:39</PriceUpdateDate>
      <ItemCode>7290002239277</ItemCode>
      <ItemType>1</ItemType>
      <ItemName>גזר גמדי 800 גר` פרי גליל</ItemName>
      <ManufactureName>ויטה -פרי גליל (החדשה) בעמ</ManufactureName>
      <ManufactureCountry />
      <ManufactureItemDescription />
      <UnitQty>יח`</UnitQty>
      <Quantity>800</Quantity>
      <UnitMeasure>גרם</UnitMeasure>
      <BisWeighted>0</BisWeighted>
      <QtyInPackage>1</QtyInPackage>
      <ItemPrice>9.50</ItemPrice>
      <UnitOfMeasurePrice>1.19</UnitOfMeasurePrice>
      <AllowDiscount>1</AllowDiscount>
      <itemStatus>1</itemStatus>
      <LastUpdateDate />
      <LastUpdateTime />
    </Product>
    <Product>
      <PriceUpdateDate>2019/02/25 09:00</PriceUpdateDate>
      <ItemCode>7290002239482</ItemCode>
      <ItemType>1</ItemType>
      <ItemName>כרובית 800 גר פרי גליל</ItemName>
      <ManufactureName>ויטה -פרי גליל (החדשה) בעמ</ManufactureName>
      <ManufactureCountry />
      <ManufactureItemDescription />
      <UnitQty>יח`</UnitQty>
      <Quantity>800</Quantity>
      <UnitMeasure>גרם</UnitMeasure>
      <BisWeighted>0</BisWeighted>
      <QtyInPackage>1</QtyInPackage>
      <ItemPrice>11.90</ItemPrice>
      <UnitOfMeasurePrice>1.49</UnitOfMeasurePrice>
      <AllowDiscount>0</AllowDiscount>
      <itemStatus>1</itemStatus>
      <LastUpdateDate />
      <LastUpdateTime />
    </Product>
    <Product>
      <PriceUpdateDate>2019/05/08 11:37</PriceUpdateDate>
      <ItemCode>7290002253006</ItemCode>
      <ItemType>1</ItemType>
      <ItemName>שום כתוש דורות (200 גרם)</ItemName>
      <ManufactureName>קבוצת אסם סחר שות. מוגבלת</ManufactureName>
      <ManufactureCountry />
      <ManufactureItemDescription />
      <UnitQty>יח`</UnitQty>
      <Quantity>200</Quantity>
      <UnitMeasure>גרם</UnitMeasure>
      <BisWeighted>0</BisWeighted>
      <QtyInPackage>1</QtyInPackage>
      <ItemPrice>15.90</ItemPrice>
      <UnitOfMeasurePrice>7.95</UnitOfMeasurePrice>
      <AllowDiscount>0</AllowDiscount>
      <itemStatus>1</itemStatus>
      <LastUpdateDate />
      <LastUpdateTime />
    </Product>
    <Product>
      <PriceUpdateDate>2014/12/28 11:22</PriceUpdateDate>
      <ItemCode>7290002253150</ItemCode>
      <ItemType>1</ItemType>
      <ItemName>בזיליקום קצוץ דורות (70 גרם)</ItemName>
      <ManufactureName>קבוצת אסם סחר שות. מוגבלת</ManufactureName>
      <ManufactureCountry />
      <ManufactureItemDescription />
      <UnitQty>יח`</UnitQty>
      <Quantity>70</Quantity>
      <UnitMeasure>גרם</UnitMeasure>
      <BisWeighted>0</BisWeighted>
      <QtyInPackage>1</QtyInPackage>
      <ItemPrice>10.90</ItemPrice>
      <UnitOfMeasurePrice>15.57</UnitOfMeasurePrice>
      <AllowDiscount>0</AllowDiscount>
      <itemStatus>1</itemStatus>
      <LastUpdateDate />
      <LastUpdateTime />
    </Product>
    <Product>
      <PriceUpdateDate>2014/11/28 06:18</PriceUpdateDate>
      <ItemCode>7290002278528</ItemCode>
      <ItemType>1</ItemType>
      <ItemName>ספוג כלים כרית שבת כלין 2 יח</ItemName>
      <ManufactureName>מ.א.ייצור ויבוא מטליות בעמ</ManufactureName>
      <ManufactureCountry />
      <ManufactureItemDescription />
      <UnitQty>יח`</UnitQty>
      <Quantity>1</Quantity>
      <UnitMeasure />
      <BisWeighted>0</BisWeighted>
      <QtyInPackage>1</QtyInPackage>
      <ItemPrice>7.90</ItemPrice>
      <UnitOfMeasurePrice>7.90</UnitOfMeasurePrice>
      <AllowDiscount>0</AllowDiscount>
      <itemStatus>1</itemStatus>
      <LastUpdateDate />
      <LastUpdateTime />
    </Product>
    <Product>
      <PriceUpdateDate>2019/02/17 08:24</PriceUpdateDate>
      <ItemCode>7290002281405</ItemCode>
      <ItemType>1</ItemType>
      <ItemName>סלט סלמון) (2*160 מעושן ויליגר</ItemName>
      <ManufactureName>נטו מלינדה סחר בעמ</ManufactureName>
      <ManufactureCountry />
      <ManufactureItemDescription />
      <UnitQty>יח`</UnitQty>
      <Quantity>320</Quantity>
      <UnitMeasure>גרם</UnitMeasure>
      <BisWeighted>0</BisWeighted>
      <QtyInPackage>1</QtyInPackage>
      <ItemPrice>9.90</ItemPrice>
      <UnitOfMeasurePrice>3.09</UnitOfMeasurePrice>
      <AllowDiscount>0</AllowDiscount>
      <itemStatus>1</itemStatus>
      <LastUpdateDate />
      <LastUpdateTime />
    </Product>
    <Product>
      <PriceUpdateDate>2019/04/13 21:36</PriceUpdateDate>
      <ItemCode>7290002281498</ItemCode>
      <ItemType>1</ItemType>
      <ItemName> ריץ`מגורדת 500 גר על בסיס חלב</ItemName>
      <ManufactureName>נטו מלינדה סחר בעמ</ManufactureName>
      <ManufactureCountry />
      <ManufactureItemDescription />
      <UnitQty>יח`</UnitQty>
      <Quantity>500</Quantity>
      <UnitMeasure>גרם</UnitMeasure>
      <BisWeighted>0</BisWeighted>
      <QtyInPackage>1</QtyInPackage>
      <ItemPrice>19.90</ItemPrice>
      <UnitOfMeasurePrice>3.98</UnitOfMeasurePrice>
      <AllowDiscount>0</AllowDiscount>
      <itemStatus>1</itemStatus>
      <LastUpdateDate />
      <LastUpdateTime />
    </Product>
    <Product>
      <PriceUpdateDate>2017/12/25 08:40</PriceUpdateDate>
      <ItemCode>7290002304210</ItemCode>
      <ItemType>1</ItemType>
      <ItemName>קונפיטורה ענבי ציון לייט 600 גר` משמש</ItemName>
      <ManufactureName>אבאל יזמות בעמ</ManufactureName>
      <ManufactureCountry />
      <ManufactureItemDescription />
      <UnitQty>יח`</UnitQty>
      <Quantity>600</Quantity>
      <UnitMeasure>גרם</UnitMeasure>
      <BisWeighted>0</BisWeighted>
      <QtyInPackage>1</QtyInPackage>
      <ItemPrice>23.90</ItemPrice>
      <UnitOfMeasurePrice>3.98</UnitOfMeasurePrice>
      <AllowDiscount>1</AllowDiscount>
      <itemStatus>1</itemStatus>
      <LastUpdateDate />
      <LastUpdateTime />
    </Product>
    <Product>
      <PriceUpdateDate>2017/12/25 08:40</PriceUpdateDate>
      <ItemCode>7290002304630</ItemCode>
      <ItemType>1</ItemType>
      <ItemName>קונפיטורה ענבי ציון 600 גר` דובדבן</ItemName>
      <ManufactureName>אבאל יזמות בעמ</ManufactureName>
      <ManufactureCountry />
      <ManufactureItemDescription />
      <UnitQty>יח`</UnitQty>
      <Quantity>700</Quantity>
      <UnitMeasure>גרם</UnitMeasure>
      <BisWeighted>0</BisWeighted>
      <QtyInPackage>1</QtyInPackage>
      <ItemPrice>19.90</ItemPrice>
      <UnitOfMeasurePrice>2.84</UnitOfMeasurePrice>
      <AllowDiscount>1</AllowDiscount>
      <itemStatus>1</itemStatus>
      <LastUpdateDate />
      <LastUpdateTime />
    </Product>
    <Product>
      <PriceUpdateDate>2015/12/01 18:36</PriceUpdateDate>
      <ItemCode>7290002319016</ItemCode>
      <ItemType>1</ItemType>
      <ItemName>אבקת אפיה מיה (10x10 גרם)</ItemName>
      <ManufactureName>מיה תעשיות מזון מ.ת.מ. בעמ</ManufactureName>
      <ManufactureCountry />
      <ManufactureItemDescription />
      <UnitQty>יח`</UnitQty>
      <Quantity>100</Quantity>
      <UnitMeasure>גרם</UnitMeasure>
      <BisWeighted>0</BisWeighted>
      <QtyInPackage>1</QtyInPackage>
      <ItemPrice>2.90</ItemPrice>
      <UnitOfMeasurePrice>2.90</UnitOfMeasurePrice>
      <AllowDiscount>1</AllowDiscount>
      <itemStatus>1</itemStatus>
      <LastUpdateDate />
      <LastUpdateTime />
    </Product>
    <Product>
      <PriceUpdateDate>2015/12/01 18:36</PriceUpdateDate>
      <ItemCode>7290002319023</ItemCode>
      <ItemType>1</ItemType>
      <ItemName>סוכר ווניל עשירייה</ItemName>
      <ManufactureName>מיה תעשיות מזון מ.ת.מ. בעמ</ManufactureName>
      <ManufactureCountry />
      <ManufactureItemDescription />
      <UnitQty>יח`</UnitQty>
      <Quantity>100</Quantity>
      <UnitMeasure>גרם</UnitMeasure>
      <BisWeighted>0</BisWeighted>
      <QtyInPackage>1</QtyInPackage>
      <ItemPrice>2.90</ItemPrice>
      <UnitOfMeasurePrice>2.90</UnitOfMeasurePrice>
      <AllowDiscount>1</AllowDiscount>
      <itemStatus>1</itemStatus>
      <LastUpdateDate />
      <LastUpdateTime />
    </Product>
    <Product>
      <PriceUpdateDate>2015/03/02 15:04</PriceUpdateDate>
      <ItemCode>7290002319047</ItemCode>
      <ItemType>1</ItemType>
      <ItemName>אגוזי מלך 100ג</ItemName>
      <ManufactureName>מיה תעשיות מזון מ.ת.מ. בעמ</ManufactureName>
      <ManufactureCountry />
      <ManufactureItemDescription />
      <UnitQty>יח`</UnitQty>
      <Quantity>100</Quantity>
      <UnitMeasure>גרם</UnitMeasure>
      <BisWeighted>0</BisWeighted>
      <QtyInPackage>1</QtyInPackage>
      <ItemPrice>11.90</ItemPrice>
      <UnitOfMeasurePrice>11.90</UnitOfMeasurePrice>
      <AllowDiscount>1</AllowDiscount>
      <itemStatus>1</itemStatus>
      <LastUpdateDate />
      <LastUpdateTime />
    </Product>
    <Product>
      <PriceUpdateDate>2015/01/19 10:52</PriceUpdateDate>
      <ItemCode>7290002319054</ItemCode>
      <ItemType>1</ItemType>
      <ItemName>פרג טחון 100 גר`</ItemName>
      <ManufactureName>מיה תעשיות מזון מ.ת.מ. בעמ</ManufactureName>
      <ManufactureCountry />
      <ManufactureItemDescription />
      <UnitQty>יח`</UnitQty>
      <Quantity>100</Quantity>
      <UnitMeasure>גרם</UnitMeasure>
      <BisWeighted>0</BisWeighted>
      <QtyInPackage>1</QtyInPackage>
      <ItemPrice>6.90</ItemPrice>
      <UnitOfMeasurePrice>6.90</UnitOfMeasurePrice>
      <AllowDiscount>0</AllowDiscount>
      <itemStatus>1</itemStatus>
      <LastUpdateDate />
      <LastUpdateTime />
    </Product>
    <Product>
      <PriceUpdateDate>2015/12/17 08:34</PriceUpdateDate>
      <ItemCode>7290002319061</ItemCode>
      <ItemType>1</ItemType>
      <ItemName>קוקוס טחון מיה (100 גרם)</ItemName>
      <ManufactureName>מיה תעשיות מזון מ.ת.מ. בעמ</ManufactureName>
      <ManufactureCountry />
      <ManufactureItemDescription />
      <UnitQty>יח`</UnitQty>
      <Quantity>100</Quantity>
      <UnitMeasure>גרם</UnitMeasure>
      <BisWeighted>0</BisWeighted>
      <QtyInPackage>1</QtyInPackage>
      <ItemPrice>2.90</ItemPrice>
      <UnitOfMeasurePrice>2.90</UnitOfMeasurePrice>
      <AllowDiscount>1</AllowDiscount>
      <itemStatus>1</itemStatus>
      <LastUpdateDate />
      <LastUpdateTime />
    </Product>
    <Product>
      <PriceUpdateDate>2015/12/17 08:34</PriceUpdateDate>
      <ItemCode>7290002319078</ItemCode>
      <ItemType>1</ItemType>
      <ItemName>שומשום 100 גר`</ItemName>
      <ManufactureName>מיה תעשיות מזון מ.ת.מ. בעמ</ManufactureName>
      <ManufactureCountry />
      <ManufactureItemDescription />
      <UnitQty>יח`</UnitQty>
      <Quantity>100</Quantity>
      <UnitMeasure>גרם</UnitMeasure>
      <BisWeighted>0</BisWeighted>
      <QtyInPackage>1</QtyInPackage>
      <ItemPrice>2.90</ItemPrice>
      <UnitOfMeasurePrice>2.90</UnitOfMeasurePrice>
      <AllowDiscount>1</AllowDiscount>
      <itemStatus>1</itemStatus>
      <LastUpdateDate />
      <LastUpdateTime />
    </Product>
    <Product>
      <PriceUpdateDate>2015/05/27 11:22</PriceUpdateDate>
      <ItemCode>7290002319139</ItemCode>
      <ItemType>1</ItemType>
      <ItemName>שעועית לבנה מיה (500 גרם)</ItemName>
      <ManufactureName>מיה תעשיות מזון מ.ת.מ. בעמ</ManufactureName>
      <ManufactureCountry />
      <ManufactureItemDescription />
      <UnitQty>יח`</UnitQty>
      <Quantity>500</Quantity>
      <UnitMeasure>גרם</UnitMeasure>
      <BisWeighted>0</BisWeighted>
      <QtyInPackage>1</QtyInPackage>
      <ItemPrice>9.90</ItemPrice>
      <UnitOfMeasurePrice>1.98</UnitOfMeasurePrice>
      <AllowDiscount>0</AllowDiscount>
      <itemStatus>1</itemStatus>
      <LastUpdateDate />
      <LastUpdateTime />
    </Product>
    <Product>
      <PriceUpdateDate>2015/01/19 10:52</PriceUpdateDate>
      <ItemCode>7290002319146</ItemCode>
      <ItemType>1</ItemType>
      <ItemName>שעועית אדומה מיה (500 גרם)</ItemName>
      <ManufactureName>מיה תעשיות מזון מ.ת.מ. בעמ</ManufactureName>
      <ManufactureCountry />
      <ManufactureItemDescription />
      <UnitQty>יח`</UnitQty>
      <Quantity>500</Quantity>
      <UnitMeasure>גרם</UnitMeasure>
      <BisWeighted>0</BisWeighted>
      <QtyInPackage>1</QtyInPackage>
      <ItemPrice>11.90</ItemPrice>
      <UnitOfMeasurePrice>2.38</UnitOfMeasurePrice>
      <AllowDiscount>0</AllowDiscount>
      <itemStatus>1</itemStatus>
      <LastUpdateDate />
      <LastUpdateTime />
    </Product>
    <Product>
      <PriceUpdateDate>2014/08/27 12:04</PriceUpdateDate>
      <ItemCode>7290002319184</ItemCode>
      <ItemType>1</ItemType>
      <ItemName>עדשים אדומות מיה (500 גרם)</ItemName>
      <ManufactureName>מיה תעשיות מזון מ.ת.מ. בעמ</ManufactureName>
      <ManufactureCountry />
      <ManufactureItemDescription />
      <UnitQty>יח`</UnitQty>
      <Quantity>500</Quantity>
      <UnitMeasure>גרם</UnitMeasure>
      <BisWeighted>0</BisWeighted>
      <QtyInPackage>1</QtyInPackage>
      <ItemPrice>9.90</ItemPrice>
      <UnitOfMeasurePrice>1.98</UnitOfMeasurePrice>
      <AllowDiscount>0</AllowDiscount>
      <itemStatus>1</itemStatus>
      <LastUpdateDate />
      <LastUpdateTime />
    </Product>
    <Product>
      <PriceUpdateDate>2015/05/27 11:22</PriceUpdateDate>
      <ItemCode>7290002319191</ItemCode>
      <ItemType>1</ItemType>
      <ItemName>עדשים ירוקות מיה (500 גרם)</ItemName>
      <ManufactureName>מיה תעשיות מזון מ.ת.מ. בעמ</ManufactureName>
      <ManufactureCountry />
      <ManufactureItemDescription />
      <UnitQty>יח`</UnitQty>
      <Quantity>500</Quantity>
      <UnitMeasure>גרם</UnitMeasure>
      <BisWeighted>0</BisWeighted>
      <QtyInPackage>1</QtyInPackage>
      <ItemPrice>7.90</ItemPrice>
      <UnitOfMeasurePrice>1.58</UnitOfMeasurePrice>
      <AllowDiscount>0</AllowDiscount>
      <itemStatus>1</itemStatus>
      <LastUpdateDate />
      <LastUpdateTime />
    </Product>
    <Product>
      <PriceUpdateDate>2015/05/27 11:22</PriceUpdateDate>
      <ItemCode>7290002319207</ItemCode>
      <ItemType>1</ItemType>
      <ItemName>כוסמת מיה (500 גרם)</ItemName>
      <ManufactureName>מיה תעשיות מזון מ.ת.מ. בעמ</ManufactureName>
      <ManufactureCountry />
      <ManufactureItemDescription />
      <UnitQty>יח`</UnitQty>
      <Quantity>500</Quantity>
      <UnitMeasure>גרם</UnitMeasure>
      <BisWeighted>0</BisWeighted>
      <QtyInPackage>1</QtyInPackage>
      <ItemPrice>8</ItemPrice>
      <UnitOfMeasurePrice>1.60</UnitOfMeasurePrice>
      <AllowDiscount>0</AllowDiscount>
      <itemStatus>1</itemStatus>
      <LastUpdateDate />
      <LastUpdateTime />
    </Product>
    <Product>
      <PriceUpdateDate>2015/05/27 11:22</PriceUpdateDate>
      <ItemCode>7290002319375</ItemCode>
      <ItemType>1</ItemType>
      <ItemName>קורנפלור 200 גר`</ItemName>
      <ManufactureName>מיה תעשיות מזון מ.ת.מ. בעמ</ManufactureName>
      <ManufactureCountry />
      <ManufactureItemDescription />
      <UnitQty>יח`</UnitQty>
      <Quantity>200</Quantity>
      <UnitMeasure>גרם</UnitMeasure>
      <BisWeighted>0</BisWeighted>
      <QtyInPackage>1</QtyInPackage>
      <ItemPrice>5</ItemPrice>
      <UnitOfMeasurePrice>2.50</UnitOfMeasurePrice>
      <AllowDiscount>1</AllowDiscount>
      <itemStatus>1</itemStatus>
      <LastUpdateDate />
      <LastUpdateTime />
    </Product>
    <Product>
      <PriceUpdateDate>2015/03/03 10:33</PriceUpdateDate>
      <ItemCode>7290002319610</ItemCode>
      <ItemType>1</ItemType>
      <ItemName>שקדים טחונים 100 גר`</ItemName>
      <ManufactureName>מיה תעשיות מזון מ.ת.מ. בעמ</ManufactureName>
      <ManufactureCountry />
      <ManufactureItemDescription />
      <UnitQty>יח`</UnitQty>
      <Quantity>100</Quantity>
      <UnitMeasure>גרם</UnitMeasure>
      <BisWeighted>0</BisWeighted>
      <QtyInPackage>1</QtyInPackage>
      <ItemPrice>11.90</ItemPrice>
      <UnitOfMeasurePrice>11.90</UnitOfMeasurePrice>
      <AllowDiscount>1</AllowDiscount>
      <itemStatus>1</itemStatus>
      <LastUpdateDate />
      <LastUpdateTime />
    </Product>
    <Product>
      <PriceUpdateDate>2015/12/01 18:36</PriceUpdateDate>
      <ItemCode>7290002319771</ItemCode>
      <ItemType>1</ItemType>
      <ItemName>תמצית אפיה בטעם וניל מיה (50 מל)</ItemName>
      <ManufactureName>מיה תעשיות מזון מ.ת.מ. בעמ</ManufactureName>
      <ManufactureCountry />
      <ManufactureItemDescription />
      <UnitQty>יח`</UnitQty>
      <Quantity>50</Quantity>
      <UnitMeasure>מ"ל</UnitMeasure>
      <BisWeighted>0</BisWeighted>
      <QtyInPackage>1</QtyInPackage>
      <ItemPrice>3.90</ItemPrice>
      <UnitOfMeasurePrice>7.80</UnitOfMeasurePrice>
      <AllowDiscount>1</AllowDiscount>
      <itemStatus>1</itemStatus>
      <LastUpdateDate />
      <LastUpdateTime />
    </Product>
    <Product>
      <PriceUpdateDate>2014/05/11 13:04</PriceUpdateDate>
      <ItemCode>7290002319788</ItemCode>
      <ItemType>1</ItemType>
      <ItemName>תמצית אפיה בטעם רום כשלפ בדצ העדח</ItemName>
      <ManufactureName>מיה תעשיות מזון מ.ת.מ. בעמ</ManufactureName>
      <ManufactureCountry />
      <ManufactureItemDescription />
      <UnitQty>יח`</UnitQty>
      <Quantity>60</Quantity>
      <UnitMeasure>מ"ל</UnitMeasure>
      <BisWeighted>0</BisWeighted>
      <QtyInPackage>1</QtyInPackage>
      <ItemPrice>3.90</ItemPrice>
      <UnitOfMeasurePrice>6.50</UnitOfMeasurePrice>
      <AllowDiscount>1</AllowDiscount>
      <itemStatus>1</itemStatus>
      <LastUpdateDate />
      <LastUpdateTime />
    </Product>
    <Product>
      <PriceUpdateDate>2015/03/03 10:33</PriceUpdateDate>
      <ItemCode>7290002319825</ItemCode>
      <ItemType>1</ItemType>
      <ItemName>אבקת סוכר 100 גר`</ItemName>
      <ManufactureName>מיה תעשיות מזון מ.ת.מ. בעמ</ManufactureName>
      <ManufactureCountry />
      <ManufactureItemDescription />
      <UnitQty>יח`</UnitQty>
      <Quantity>100</Quantity>
      <UnitMeasure>גרם</UnitMeasure>
      <BisWeighted>0</BisWeighted>
      <QtyInPackage>1</QtyInPackage>
      <ItemPrice>2</ItemPrice>
      <UnitOfMeasurePrice>2</UnitOfMeasurePrice>
      <AllowDiscount>1</AllowDiscount>
      <itemStatus>1</itemStatus>
      <LastUpdateDate />
      <LastUpdateTime />
    </Product>
    <Product>
      <PriceUpdateDate>2019/01/13 11:17</PriceUpdateDate>
      <ItemCode>7290002323198</ItemCode>
      <ItemType>1</ItemType>
      <ItemName>משקה קל תפוחים ספרינג (1.5 ליטר)</ItemName>
      <ManufactureName>יפאורה</ManufactureName>
      <ManufactureCountry />
      <ManufactureItemDescription />
      <UnitQty>יח`</UnitQty>
      <Quantity>1500</Quantity>
      <UnitMeasure>מ"ל</UnitMeasure>
      <BisWeighted>0</BisWeighted>
      <QtyInPackage>1</QtyInPackage>
      <ItemPrice>6.40</ItemPrice>
      <UnitOfMeasurePrice>0.43</UnitOfMeasurePrice>
      <AllowDiscount>1</AllowDiscount>
      <itemStatus>1</itemStatus>
      <LastUpdateDate />
      <LastUpdateTime />
    </Product>
    <Product>
      <PriceUpdateDate>2019/01/13 11:17</PriceUpdateDate>
      <ItemCode>7290002323204</ItemCode>
      <ItemType>1</ItemType>
      <ItemName>ספרינג תפוחים לייט 1.5 ליטר</ItemName>
      <ManufactureName>יפאורה</ManufactureName>
      <ManufactureCountry />
      <ManufactureItemDescription />
      <UnitQty>יח`</UnitQty>
      <Quantity>1500</Quantity>
      <UnitMeasure>מ"ל</UnitMeasure>
      <BisWeighted>0</BisWeighted>
      <QtyInPackage>1</QtyInPackage>
      <ItemPrice>6.40</ItemPrice>
      <UnitOfMeasurePrice>0.43</UnitOfMeasurePrice>
      <AllowDiscount>1</AllowDiscount>
      <itemStatus>1</itemStatus>
      <LastUpdateDate />
      <LastUpdateTime />
    </Product>
    <Product>
      <PriceUpdateDate>2013/10/28 11:38</PriceUpdateDate>
      <ItemCode>7290002323815</ItemCode>
      <ItemType>1</ItemType>
      <ItemName>משקה קל תפוזים קריסטל (2 ליטר)</ItemName>
      <ManufactureName>יפאורה</ManufactureName>
      <ManufactureCountry />
      <ManufactureItemDescription />
      <UnitQty>יח`</UnitQty>
      <Quantity>2</Quantity>
      <UnitMeasure>1 ליטר</UnitMeasure>
      <BisWeighted>0</BisWeighted>
      <QtyInPackage>1</QtyInPackage>
      <ItemPrice>3.80</ItemPrice>
      <UnitOfMeasurePrice>1.90</UnitOfMeasurePrice>
      <AllowDiscount>0</AllowDiscount>
      <itemStatus>1</itemStatus>
      <LastUpdateDate />
      <LastUpdateTime />
    </Product>
    <Product>
      <PriceUpdateDate>2013/10/28 11:38</PriceUpdateDate>
      <ItemCode>7290002323822</ItemCode>
      <ItemType>1</ItemType>
      <ItemName>משקה קל אשכוליות קריסטל (2 ליטר)</ItemName>
      <ManufactureName>יפאורה</ManufactureName>
      <ManufactureCountry />
      <ManufactureItemDescription />
      <UnitQty>יח`</UnitQty>
      <Quantity>2</Quantity>
      <UnitMeasure>1 ליטר</UnitMeasure>
      <BisWeighted>0</BisWeighted>
      <QtyInPackage>1</QtyInPackage>
      <ItemPrice>3.80</ItemPrice>
      <UnitOfMeasurePrice>1.90</UnitOfMeasurePrice>
      <AllowDiscount>0</AllowDiscount>
      <itemStatus>1</itemStatus>
      <LastUpdateDate />
      <LastUpdateTime />
    </Product>
    <Product>
      <PriceUpdateDate>2013/10/28 11:38</PriceUpdateDate>
      <ItemCode>7290002323839</ItemCode>
      <ItemType>1</ItemType>
      <ItemName>משקה קל ענבים קריסטל (2 ליטר)</ItemName>
      <ManufactureName>יפאורה</ManufactureName>
      <ManufactureCountry />
      <ManufactureItemDescription />
      <UnitQty>יח`</UnitQty>
      <Quantity>2</Quantity>
      <UnitMeasure>1 ליטר</UnitMeasure>
      <BisWeighted>0</BisWeighted>
      <QtyInPackage>1</QtyInPackage>
      <ItemPrice>3.80</ItemPrice>
      <UnitOfMeasurePrice>1.90</UnitOfMeasurePrice>
      <AllowDiscount>0</AllowDiscount>
      <itemStatus>1</itemStatus>
      <LastUpdateDate />
      <LastUpdateTime />
    </Product>
    <Product>
      <PriceUpdateDate>2013/10/28 11:38</PriceUpdateDate>
      <ItemCode>7290002323846</ItemCode>
      <ItemType>1</ItemType>
      <ItemName>משקה קל מנגו קריסטל (2 ליטר)</ItemName>
      <ManufactureName>יפאורה</ManufactureName>
      <ManufactureCountry />
      <ManufactureItemDescription />
      <UnitQty>יח`</UnitQty>
      <Quantity>2</Quantity>
      <UnitMeasure>1 ליטר</UnitMeasure>
      <BisWeighted>0</BisWeighted>
      <QtyInPackage>1</QtyInPackage>
      <ItemPrice>3.80</ItemPrice>
      <UnitOfMeasurePrice>1.90</UnitOfMeasurePrice>
      <AllowDiscount>0</AllowDiscount>
      <itemStatus>1</itemStatus>
      <LastUpdateDate />
      <LastUpdateTime />
    </Product>
    <Product>
      <PriceUpdateDate>2015/03/02 16:17</PriceUpdateDate>
      <ItemCode>7290002327028</ItemCode>
      <ItemType>1</ItemType>
      <ItemName>ג`חנון 650 גר` שלושת האופים</ItemName>
      <ManufactureName>נטו מלינדה סחר בעמ</ManufactureName>
      <ManufactureCountry />
      <ManufactureItemDescription />
      <UnitQty>יח`</UnitQty>
      <Quantity>650</Quantity>
      <UnitMeasure>גרם</UnitMeasure>
      <BisWeighted>0</BisWeighted>
      <QtyInPackage>1</QtyInPackage>
      <ItemPrice>16.90</ItemPrice>
      <UnitOfMeasurePrice>2.60</UnitOfMeasurePrice>
      <AllowDiscount>1</AllowDiscount>
      <itemStatus>1</itemStatus>
      <LastUpdateDate />
      <LastUpdateTime />
    </Product>
    <Product>
      <PriceUpdateDate>2015/03/02 16:17</PriceUpdateDate>
      <ItemCode>7290002327042</ItemCode>
      <ItemType>1</ItemType>
      <ItemName>בורקס תפוא שלושת האופים</ItemName>
      <ManufactureName>נטו מלינדה סחר בעמ</ManufactureName>
      <ManufactureCountry />
      <ManufactureItemDescription />
      <UnitQty>יח`</UnitQty>
      <Quantity>800</Quantity>
      <UnitMeasure>גרם</UnitMeasure>
      <BisWeighted>0</BisWeighted>
      <QtyInPackage>1</QtyInPackage>
      <ItemPrice>18.90</ItemPrice>
      <UnitOfMeasurePrice>2.36</UnitOfMeasurePrice>
      <AllowDiscount>1</AllowDiscount>
      <itemStatus>1</itemStatus>
      <LastUpdateDate />
      <LastUpdateTime />
    </Product>
    <Product>
      <PriceUpdateDate>2015/03/03 12:06</PriceUpdateDate>
      <ItemCode>7290002327059</ItemCode>
      <ItemType>1</ItemType>
      <ItemName>בצק עלים מרודד שלושת האופים (1 קג)</ItemName>
      <ManufactureName>נטו מלינדה סחר בעמ</ManufactureName>
      <ManufactureCountry />
      <ManufactureItemDescription />
      <UnitQty>יח`</UnitQty>
      <Quantity>1000</Quantity>
      <UnitMeasure>גרם</UnitMeasure>
      <BisWeighted>0</BisWeighted>
      <QtyInPackage>1</QtyInPackage>
      <ItemPrice>18.90</ItemPrice>
      <UnitOfMeasurePrice>1.89</UnitOfMeasurePrice>
      <AllowDiscount>1</AllowDiscount>
      <itemStatus>1</itemStatus>
      <LastUpdateDate />
      <LastUpdateTime />
    </Product>
    <Product>
      <PriceUpdateDate>2015/03/02 16:17</PriceUpdateDate>
      <ItemCode>7290002327073</ItemCode>
      <ItemType>1</ItemType>
      <ItemName>בורקס גבינה שלושת האופים</ItemName>
      <ManufactureName>נטו מלינדה סחר בעמ</ManufactureName>
      <ManufactureCountry />
      <ManufactureItemDescription />
      <UnitQty>יח`</UnitQty>
      <Quantity>800</Quantity>
      <UnitMeasure>גרם</UnitMeasure>
      <BisWeighted>0</BisWeighted>
      <QtyInPackage>1</QtyInPackage>
      <ItemPrice>20.90</ItemPrice>
      <UnitOfMeasurePrice>2.61</UnitOfMeasurePrice>
      <AllowDiscount>1</AllowDiscount>
      <itemStatus>1</itemStatus>
      <LastUpdateDate />
      <LastUpdateTime />
    </Product>
    <Product>
      <PriceUpdateDate>2015/03/03 12:06</PriceUpdateDate>
      <ItemCode>7290002327103</ItemCode>
      <ItemType>1</ItemType>
      <ItemName>ג`חנון 900 גר` שלושת האופים</ItemName>
      <ManufactureName>נטו מלינדה סחר בעמ</ManufactureName>
      <ManufactureCountry />
      <ManufactureItemDescription />
      <UnitQty>יח`</UnitQty>
      <Quantity>1</Quantity>
      <UnitMeasure>ק"ג</UnitMeasure>
      <BisWeighted>0</BisWeighted>
      <QtyInPackage>1</QtyInPackage>
      <ItemPrice>21.90</ItemPrice>
      <UnitOfMeasurePrice>21.90</UnitOfMeasurePrice>
      <AllowDiscount>1</AllowDiscount>
      <itemStatus>1</itemStatus>
      <LastUpdateDate />
      <LastUpdateTime />
    </Product>
    <Product>
      <PriceUpdateDate>2013/12/31 09:50</PriceUpdateDate>
      <ItemCode>7290002331094</ItemCode>
      <ItemType>1</ItemType>
      <ItemName>בקבוק נביעות תו-גוו 750</ItemName>
      <ManufactureName>החברה המרכזית להפצת משקאות בעמ</ManufactureName>
      <ManufactureCountry />
      <ManufactureItemDescription />
      <UnitQty>יח`</UnitQty>
      <Quantity>750</Quantity>
      <UnitMeasure>מ"ל</UnitMeasure>
      <BisWeighted>0</BisWeighted>
      <QtyInPackage>1</QtyInPackage>
      <ItemPrice>3.50</ItemPrice>
      <UnitOfMeasurePrice>0.43</UnitOfMeasurePrice>
      <AllowDiscount>0</AllowDiscount>
      <itemStatus>1</itemStatus>
      <LastUpdateDate />
      <LastUpdateTime />
    </Product>
    <Product>
      <PriceUpdateDate>2015/10/07 08:05</PriceUpdateDate>
      <ItemCode>7290002331117</ItemCode>
      <ItemType>1</ItemType>
      <ItemName>מים בטעם ענבים נביעות פלוס (1.5 ליטר)</ItemName>
      <ManufactureName>החברה המרכזית להפצת משקאות בעמ</ManufactureName>
      <ManufactureCountry />
      <ManufactureItemDescription />
      <UnitQty>יח`</UnitQty>
      <Quantity>1.50</Quantity>
      <UnitMeasure>1 ליטר</UnitMeasure>
      <BisWeighted>0</BisWeighted>
      <QtyInPackage>1</QtyInPackage>
      <ItemPrice>7.70</ItemPrice>
      <UnitOfMeasurePrice>5.13</UnitOfMeasurePrice>
      <AllowDiscount>0</AllowDiscount>
      <itemStatus>1</itemStatus>
      <LastUpdateDate />
      <LastUpdateTime />
    </Product>
    <Product>
      <PriceUpdateDate>2015/10/07 08:05</PriceUpdateDate>
      <ItemCode>7290002331148</ItemCode>
      <ItemType>1</ItemType>
      <ItemName>נביעות פלוס 1.5 ליטר תפוח</ItemName>
      <ManufactureName>החברה המרכזית להפצת משקאות בעמ</ManufactureName>
      <ManufactureCountry />
      <ManufactureItemDescription />
      <UnitQty>יח`</UnitQty>
      <Quantity>1.50</Quantity>
      <UnitMeasure>1 ליטר</UnitMeasure>
      <BisWeighted>0</BisWeighted>
      <QtyInPackage>1</QtyInPackage>
      <ItemPrice>7.70</ItemPrice>
      <UnitOfMeasurePrice>5.13</UnitOfMeasurePrice>
      <AllowDiscount>0</AllowDiscount>
      <itemStatus>1</itemStatus>
      <LastUpdateDate />
      <LastUpdateTime />
    </Product>
    <Product>
      <PriceUpdateDate>2014/07/13 12:14</PriceUpdateDate>
      <ItemCode>7290002331162</ItemCode>
      <ItemType>1</ItemType>
      <ItemName>מים נביעות 1.5לי</ItemName>
      <ManufactureName>החברה המרכזית להפצת משקאות בעמ</ManufactureName>
      <ManufactureCountry />
      <ManufactureItemDescription />
      <UnitQty>יח`</UnitQty>
      <Quantity>1.50</Quantity>
      <UnitMeasure>1 ליטר</UnitMeasure>
      <BisWeighted>0</BisWeighted>
      <QtyInPackage>1</QtyInPackage>
      <ItemPrice>3.90</ItemPrice>
      <UnitOfMeasurePrice>2.60</UnitOfMeasurePrice>
      <AllowDiscount>0</AllowDiscount>
      <itemStatus>1</itemStatus>
      <LastUpdateDate />
      <LastUpdateTime />
    </Product>
    <Product>
      <PriceUpdateDate>2015/10/07 08:05</PriceUpdateDate>
      <ItemCode>7290002331179</ItemCode>
      <ItemType>1</ItemType>
      <ItemName>נביעות פלוס 1.5 ליטר אפרסק</ItemName>
      <ManufactureName>החברה המרכזית להפצת משקאות בעמ</ManufactureName>
      <ManufactureCountry />
      <ManufactureItemDescription />
      <UnitQty>יח`</UnitQty>
      <Quantity>1.50</Quantity>
      <UnitMeasure>1 ליטר</UnitMeasure>
      <BisWeighted>0</BisWeighted>
      <QtyInPackage>1</QtyInPackage>
      <ItemPrice>7.70</ItemPrice>
      <UnitOfMeasurePrice>5.13</UnitOfMeasurePrice>
      <AllowDiscount>0</AllowDiscount>
      <itemStatus>1</itemStatus>
      <LastUpdateDate />
      <LastUpdateTime />
    </Product>
    <Product>
      <PriceUpdateDate>2019/01/26 18:26</PriceUpdateDate>
      <ItemCode>7290002331322</ItemCode>
      <ItemType>1</ItemType>
      <ItemName>שישיית מים מינרלים נביעות (1.5x6 ליטר)</ItemName>
      <ManufactureName>החברה המרכזית להפצת משקאות בעמ</ManufactureName>
      <ManufactureCountry />
      <ManufactureItemDescription />
      <UnitQty>יח`</UnitQty>
      <Quantity>9</Quantity>
      <UnitMeasure>1 ליטר</UnitMeasure>
      <BisWeighted>0</BisWeighted>
      <QtyInPackage>1</QtyInPackage>
      <ItemPrice>11.90</ItemPrice>
      <UnitOfMeasurePrice>1.32</UnitOfMeasurePrice>
      <AllowDiscount>1</AllowDiscount>
      <itemStatus>1</itemStatus>
      <LastUpdateDate />
      <LastUpdateTime />
    </Product>
    <Product>
      <PriceUpdateDate>2015/04/29 10:24</PriceUpdateDate>
      <ItemCode>7290002331360</ItemCode>
      <ItemType>1</ItemType>
      <ItemName>נביעות שישיה 0.500 טו גוווווו</ItemName>
      <ManufactureName>החברה המרכזית להפצת משקאות בעמ</ManufactureName>
      <ManufactureCountry />
      <ManufactureItemDescription />
      <UnitQty>יח`</UnitQty>
      <Quantity>3</Quantity>
      <UnitMeasure>1 ליטר</UnitMeasure>
      <BisWeighted>0</BisWeighted>
      <QtyInPackage>1</QtyInPackage>
      <ItemPrice>15.70</ItemPrice>
      <UnitOfMeasurePrice>4.63</UnitOfMeasurePrice>
      <AllowDiscount>1</AllowDiscount>
      <itemStatus>1</itemStatus>
      <LastUpdateDate />
      <LastUpdateTime />
    </Product>
    <Product>
      <PriceUpdateDate>2014/09/23 12:36</PriceUpdateDate>
      <ItemCode>7290002331490</ItemCode>
      <ItemType>1</ItemType>
      <ItemName>מים מינרלים נביעות (1 ליטר)</ItemName>
      <ManufactureName>החברה המרכזית להפצת משקאות בעמ</ManufactureName>
      <ManufactureCountry />
      <ManufactureItemDescription />
      <UnitQty>יח`</UnitQty>
      <Quantity>1</Quantity>
      <UnitMeasure>1 ליטר</UnitMeasure>
      <BisWeighted>0</BisWeighted>
      <QtyInPackage>1</QtyInPackage>
      <ItemPrice>3.20</ItemPrice>
      <UnitOfMeasurePrice>3.20</UnitOfMeasurePrice>
      <AllowDiscount>0</AllowDiscount>
      <itemStatus>1</itemStatus>
      <LastUpdateDate />
      <LastUpdateTime />
    </Product>
    <Product>
      <PriceUpdateDate>2017/12/20 09:38</PriceUpdateDate>
      <ItemCode>7290002345015</ItemCode>
      <ItemType>1</ItemType>
      <ItemName>דק דק סינטה אל גאוצו</ItemName>
      <ManufactureName>נטו מלינדה סחר בעמ</ManufactureName>
      <ManufactureCountry />
      <ManufactureItemDescription />
      <UnitQty>יח`</UnitQty>
      <Quantity>250</Quantity>
      <UnitMeasure>גרם</UnitMeasure>
      <BisWeighted>0</BisWeighted>
      <QtyInPackage>1</QtyInPackage>
      <ItemPrice>24.90</ItemPrice>
      <UnitOfMeasurePrice>9.96</UnitOfMeasurePrice>
      <AllowDiscount>1</AllowDiscount>
      <itemStatus>1</itemStatus>
      <LastUpdateDate />
      <LastUpdateTime />
    </Product>
    <Product>
      <PriceUpdateDate>2018/10/02 08:35</PriceUpdateDate>
      <ItemCode>7290002345022</ItemCode>
      <ItemType>1</ItemType>
      <ItemName>דק דק אנטריקוט אל גאוצו</ItemName>
      <ManufactureName>נטו מלינדה סחר בעמ</ManufactureName>
      <ManufactureCountry />
      <ManufactureItemDescription />
      <UnitQty>יח`</UnitQty>
      <Quantity>250</Quantity>
      <UnitMeasure>גרם</UnitMeasure>
      <BisWeighted>0</BisWeighted>
      <QtyInPackage>1</QtyInPackage>
      <ItemPrice>24.90</ItemPrice>
      <UnitOfMeasurePrice>9.96</UnitOfMeasurePrice>
      <AllowDiscount>1</AllowDiscount>
      <itemStatus>1</itemStatus>
      <LastUpdateDate />
      <LastUpdateTime />
    </Product>
    <Product>
      <PriceUpdateDate>2018/05/15 14:11</PriceUpdateDate>
      <ItemCode>7290002345077</ItemCode>
      <ItemType>1</ItemType>
      <ItemName>דק דק שניצל בקר 250 גר` טיבון ויל אל גא</ItemName>
      <ManufactureName>נטו מלינדה סחר בעמ</ManufactureName>
      <ManufactureCountry />
      <ManufactureItemDescription />
      <UnitQty>יח`</UnitQty>
      <Quantity>250</Quantity>
      <UnitMeasure>גרם</UnitMeasure>
      <BisWeighted>0</BisWeighted>
      <QtyInPackage>1</QtyInPackage>
      <ItemPrice>19.90</ItemPrice>
      <UnitOfMeasurePrice>7.96</UnitOfMeasurePrice>
      <AllowDiscount>1</AllowDiscount>
      <itemStatus>1</itemStatus>
      <LastUpdateDate />
      <LastUpdateTime />
    </Product>
    <Product>
      <PriceUpdateDate>2015/12/29 08:29</PriceUpdateDate>
      <ItemCode>7290002360285</ItemCode>
      <ItemType>1</ItemType>
      <ItemName>תה קמומיל פומפדור) (20</ItemName>
      <ManufactureName>ש.שסטוביץ בעמ</ManufactureName>
      <ManufactureCountry />
      <ManufactureItemDescription />
      <UnitQty>יח`</UnitQty>
      <Quantity>30</Quantity>
      <UnitMeasure>גרם</UnitMeasure>
      <BisWeighted>0</BisWeighted>
      <QtyInPackage>1</QtyInPackage>
      <ItemPrice>15.90</ItemPrice>
      <UnitOfMeasurePrice>53</UnitOfMeasurePrice>
      <AllowDiscount>0</AllowDiscount>
      <itemStatus>1</itemStatus>
      <LastUpdateDate />
      <LastUpdateTime />
    </Product>
    <Product>
      <PriceUpdateDate>2015/05/27 18:21</PriceUpdateDate>
      <ItemCode>7290002371533</ItemCode>
      <ItemType>1</ItemType>
      <ItemName>סלסולי פסטרמה בדבש טירת צבי (120 גרם)</ItemName>
      <ManufactureName>תנובה קפואים</ManufactureName>
      <ManufactureCountry />
      <ManufactureItemDescription />
      <UnitQty>יח`</UnitQty>
      <Quantity>120</Quantity>
      <UnitMeasure>גרם</UnitMeasure>
      <BisWeighted>0</BisWeighted>
      <QtyInPackage>1</QtyInPackage>
      <ItemPrice>15.90</ItemPrice>
      <UnitOfMeasurePrice>13.25</UnitOfMeasurePrice>
      <AllowDiscount>1</AllowDiscount>
      <itemStatus>1</itemStatus>
      <LastUpdateDate />
      <LastUpdateTime />
    </Product>
    <Product>
      <PriceUpdateDate>2015/05/27 18:21</PriceUpdateDate>
      <ItemCode>7290002371540</ItemCode>
      <ItemType>1</ItemType>
      <ItemName>נקניקים קורנדביף 120 גר` טירת צבי</ItemName>
      <ManufactureName>תנובה קפואים</ManufactureName>
      <ManufactureCountry />
      <ManufactureItemDescription />
      <UnitQty>יח`</UnitQty>
      <Quantity>120</Quantity>
      <UnitMeasure>גרם</UnitMeasure>
      <BisWeighted>0</BisWeighted>
      <QtyInPackage>1</QtyInPackage>
      <ItemPrice>15.90</ItemPrice>
      <UnitOfMeasurePrice>13.25</UnitOfMeasurePrice>
      <AllowDiscount>1</AllowDiscount>
      <itemStatus>1</itemStatus>
      <LastUpdateDate />
      <LastUpdateTime />
    </Product>
    <Product>
      <PriceUpdateDate>2015/04/29 15:24</PriceUpdateDate>
      <ItemCode>7290002371854</ItemCode>
      <ItemType>1</ItemType>
      <ItemName>נקניקיות עוף חריפות 1 קג` טירת צבי</ItemName>
      <ManufactureName>תנובה קפואים</ManufactureName>
      <ManufactureCountry />
      <ManufactureItemDescription />
      <UnitQty>יח`</UnitQty>
      <Quantity>1000</Quantity>
      <UnitMeasure>גרם</UnitMeasure>
      <BisWeighted>0</BisWeighted>
      <QtyInPackage>1</QtyInPackage>
      <ItemPrice>31.90</ItemPrice>
      <UnitOfMeasurePrice>3.19</UnitOfMeasurePrice>
      <AllowDiscount>1</AllowDiscount>
      <itemStatus>1</itemStatus>
      <LastUpdateDate />
      <LastUpdateTime />
    </Product>
    <Product>
      <PriceUpdateDate>2014/08/07 20:28</PriceUpdateDate>
      <ItemCode>7290002374114</ItemCode>
      <ItemType>1</ItemType>
      <ItemName>שמן סויה מזוכך מילומור (1 ליטר)</ItemName>
      <ManufactureName>שמן תעשיות בעמ</ManufactureName>
      <ManufactureCountry />
      <ManufactureItemDescription />
      <UnitQty>יח`</UnitQty>
      <Quantity>1</Quantity>
      <UnitMeasure>1 ליטר</UnitMeasure>
      <BisWeighted>0</BisWeighted>
      <QtyInPackage>1</QtyInPackage>
      <ItemPrice>6.90</ItemPrice>
      <UnitOfMeasurePrice>6.90</UnitOfMeasurePrice>
      <AllowDiscount>0</AllowDiscount>
      <itemStatus>1</itemStatus>
      <LastUpdateDate />
      <LastUpdateTime />
    </Product>
    <Product>
      <PriceUpdateDate>2014/08/07 20:28</PriceUpdateDate>
      <ItemCode>7290002374145</ItemCode>
      <ItemType>1</ItemType>
      <ItemName>שמן סויה 3 ליטר</ItemName>
      <ManufactureName>שמן תעשיות בעמ</ManufactureName>
      <ManufactureCountry />
      <ManufactureItemDescription />
      <UnitQty>יח`</UnitQty>
      <Quantity>3</Quantity>
      <UnitMeasure>1 ליטר</UnitMeasure>
      <BisWeighted>0</BisWeighted>
      <QtyInPackage>1</QtyInPackage>
      <ItemPrice>19.90</ItemPrice>
      <UnitOfMeasurePrice>6.63</UnitOfMeasurePrice>
      <AllowDiscount>0</AllowDiscount>
      <itemStatus>1</itemStatus>
      <LastUpdateDate />
      <LastUpdateTime />
    </Product>
    <Product>
      <PriceUpdateDate>2020/04/20 10:27</PriceUpdateDate>
      <ItemCode>7290002374312</ItemCode>
      <ItemType>1</ItemType>
      <ItemName>שמן קנולה מזוכך 6% מילומור (1 ליטר)</ItemName>
      <ManufactureName>שמן תעשיות בעמ</ManufactureName>
      <ManufactureCountry />
      <ManufactureItemDescription />
      <UnitQty>יח`</UnitQty>
      <Quantity>1</Quantity>
      <UnitMeasure>1 ליטר</UnitMeasure>
      <BisWeighted>0</BisWeighted>
      <QtyInPackage>1</QtyInPackage>
      <ItemPrice>6.90</ItemPrice>
      <UnitOfMeasurePrice>6.90</UnitOfMeasurePrice>
      <AllowDiscount>0</AllowDiscount>
      <itemStatus>1</itemStatus>
      <LastUpdateDate />
      <LastUpdateTime />
    </Product>
    <Product>
      <PriceUpdateDate>2015/01/27 08:26</PriceUpdateDate>
      <ItemCode>7290002409014</ItemCode>
      <ItemType>1</ItemType>
      <ItemName>ג`חנון אפוי</ItemName>
      <ManufactureName>ציפור השרון יהוד 1990 בעמ</ManufactureName>
      <ManufactureCountry />
      <ManufactureItemDescription />
      <UnitQty>יח`</UnitQty>
      <Quantity>600</Quantity>
      <UnitMeasure>גרם</UnitMeasure>
      <BisWeighted>0</BisWeighted>
      <QtyInPackage>1</QtyInPackage>
      <ItemPrice>15.90</ItemPrice>
      <UnitOfMeasurePrice>2.65</UnitOfMeasurePrice>
      <AllowDiscount>0</AllowDiscount>
      <itemStatus>1</itemStatus>
      <LastUpdateDate />
      <LastUpdateTime />
    </Product>
    <Product>
      <PriceUpdateDate>2019/11/18 09:22</PriceUpdateDate>
      <ItemCode>7290002409021</ItemCode>
      <ItemType>1</ItemType>
      <ItemName>מלווח ציפור השרון (7 יח` - 1 קג)</ItemName>
      <ManufactureName>ציפור השרון יהוד 1990 בעמ</ManufactureName>
      <ManufactureCountry />
      <ManufactureItemDescription />
      <UnitQty>יח`</UnitQty>
      <Quantity>1</Quantity>
      <UnitMeasure>ק"ג</UnitMeasure>
      <BisWeighted>0</BisWeighted>
      <QtyInPackage>1</QtyInPackage>
      <ItemPrice>12.90</ItemPrice>
      <UnitOfMeasurePrice>12.90</UnitOfMeasurePrice>
      <AllowDiscount>1</AllowDiscount>
      <itemStatus>1</itemStatus>
      <LastUpdateDate />
      <LastUpdateTime />
    </Product>
    <Product>
      <PriceUpdateDate>2016/12/13 09:31</PriceUpdateDate>
      <ItemCode>7290002409045</ItemCode>
      <ItemType>1</ItemType>
      <ItemName>בורקס תפוא</ItemName>
      <ManufactureName>ציפור השרון יהוד 1990 בעמ</ManufactureName>
      <ManufactureCountry />
      <ManufactureItemDescription />
      <UnitQty>יח`</UnitQty>
      <Quantity>8</Quantity>
      <UnitMeasure>1 ליטר</UnitMeasure>
      <BisWeighted>0</BisWeighted>
      <QtyInPackage>1</QtyInPackage>
      <ItemPrice>12</ItemPrice>
      <UnitOfMeasurePrice>1.50</UnitOfMeasurePrice>
      <AllowDiscount>0</AllowDiscount>
      <itemStatus>1</itemStatus>
      <LastUpdateDate />
      <LastUpdateTime />
    </Product>
    <Product>
      <PriceUpdateDate>2019/11/18 09:22</PriceUpdateDate>
      <ItemCode>7290002409076</ItemCode>
      <ItemType>1</ItemType>
      <ItemName>ג`חנון בצק ציפור השרון (800 גרם)</ItemName>
      <ManufactureName>ציפור השרון יהוד 1990 בעמ</ManufactureName>
      <ManufactureCountry />
      <ManufactureItemDescription />
      <UnitQty>יח`</UnitQty>
      <Quantity>800</Quantity>
      <UnitMeasure>גרם</UnitMeasure>
      <BisWeighted>0</BisWeighted>
      <QtyInPackage>1</QtyInPackage>
      <ItemPrice>12.90</ItemPrice>
      <UnitOfMeasurePrice>1.61</UnitOfMeasurePrice>
      <AllowDiscount>1</AllowDiscount>
      <itemStatus>1</itemStatus>
      <LastUpdateDate />
      <LastUpdateTime />
    </Product>
    <Product>
      <PriceUpdateDate>2019/08/09 16:15</PriceUpdateDate>
      <ItemCode>7290002461562</ItemCode>
      <ItemType>1</ItemType>
      <ItemName>מיני מרגז חריף מעדני הטלה (500 גרם)</ItemName>
      <ManufactureName>נטו מלינדה סחר בעמ</ManufactureName>
      <ManufactureCountry />
      <ManufactureItemDescription />
      <UnitQty>יח`</UnitQty>
      <Quantity>500</Quantity>
      <UnitMeasure>גרם</UnitMeasure>
      <BisWeighted>0</BisWeighted>
      <QtyInPackage>1</QtyInPackage>
      <ItemPrice>24.90</ItemPrice>
      <UnitOfMeasurePrice>4.98</UnitOfMeasurePrice>
      <AllowDiscount>0</AllowDiscount>
      <itemStatus>1</itemStatus>
      <LastUpdateDate />
      <LastUpdateTime />
    </Product>
    <Product>
      <PriceUpdateDate>2017/07/17 08:11</PriceUpdateDate>
      <ItemCode>7290002507451</ItemCode>
      <ItemType>1</ItemType>
      <ItemName>קציצות דג סלומון 750 גר</ItemName>
      <ManufactureName>נטו מלינדה סחר בעמ</ManufactureName>
      <ManufactureCountry />
      <ManufactureItemDescription />
      <UnitQty>יח`</UnitQty>
      <Quantity>750</Quantity>
      <UnitMeasure>גרם</UnitMeasure>
      <BisWeighted>0</BisWeighted>
      <QtyInPackage>1</QtyInPackage>
      <ItemPrice>30.90</ItemPrice>
      <UnitOfMeasurePrice>4.12</UnitOfMeasurePrice>
      <AllowDiscount>0</AllowDiscount>
      <itemStatus>1</itemStatus>
      <LastUpdateDate />
      <LastUpdateTime />
    </Product>
    <Product>
      <PriceUpdateDate>2020/04/19 08:35</PriceUpdateDate>
      <ItemCode>7290002512004</ItemCode>
      <ItemType>1</ItemType>
      <ItemName>מלווח צנעני (900 גרם)</ItemName>
      <ManufactureName>צנעני מוצרי בצק בעמ</ManufactureName>
      <ManufactureCountry />
      <ManufactureItemDescription />
      <UnitQty>יח`</UnitQty>
      <Quantity>900</Quantity>
      <UnitMeasure>גרם</UnitMeasure>
      <BisWeighted>0</BisWeighted>
      <QtyInPackage>1</QtyInPackage>
      <ItemPrice>17.90</ItemPrice>
      <UnitOfMeasurePrice>1.99</UnitOfMeasurePrice>
      <AllowDiscount>0</AllowDiscount>
      <itemStatus>1</itemStatus>
      <LastUpdateDate />
      <LastUpdateTime />
    </Product>
    <Product>
      <PriceUpdateDate>2020/04/19 08:35</PriceUpdateDate>
      <ItemCode>7290002512011</ItemCode>
      <ItemType>1</ItemType>
      <ItemName>ג`חנון צנעני (900 גרם)</ItemName>
      <ManufactureName>צנעני מוצרי בצק בעמ</ManufactureName>
      <ManufactureCountry />
      <ManufactureItemDescription />
      <UnitQty>יח`</UnitQty>
      <Quantity>900</Quantity>
      <UnitMeasure>גרם</UnitMeasure>
      <BisWeighted>0</BisWeighted>
      <QtyInPackage>1</QtyInPackage>
      <ItemPrice>17.90</ItemPrice>
      <UnitOfMeasurePrice>1.99</UnitOfMeasurePrice>
      <AllowDiscount>0</AllowDiscount>
      <itemStatus>1</itemStatus>
      <LastUpdateDate />
      <LastUpdateTime />
    </Product>
    <Product>
      <PriceUpdateDate>2015/04/29 11:25</PriceUpdateDate>
      <ItemCode>7290002515371</ItemCode>
      <ItemType>1</ItemType>
      <ItemName>קמיל בלו משפחתי קלאסיק</ItemName>
      <ManufactureName>פישר תעשיות פרמצבטיות בעמ</ManufactureName>
      <ManufactureCountry />
      <ManufactureItemDescription />
      <UnitQty>יח`</UnitQty>
      <Quantity>1</Quantity>
      <UnitMeasure>1 ליטר</UnitMeasure>
      <BisWeighted>0</BisWeighted>
      <QtyInPackage>1</QtyInPackage>
      <ItemPrice>28.90</ItemPrice>
      <UnitOfMeasurePrice>28.90</UnitOfMeasurePrice>
      <AllowDiscount>0</AllowDiscount>
      <itemStatus>1</itemStatus>
      <LastUpdateDate />
      <LastUpdateTime />
    </Product>
    <Product>
      <PriceUpdateDate>2018/02/14 09:07</PriceUpdateDate>
      <ItemCode>7290002517108</ItemCode>
      <ItemType>1</ItemType>
      <ItemName>אורגנו 10 גר`</ItemName>
      <ManufactureName>תבליני טעם וריח בעמ</ManufactureName>
      <ManufactureCountry />
      <ManufactureItemDescription />
      <UnitQty>יח`</UnitQty>
      <Quantity>10</Quantity>
      <UnitMeasure>גרם</UnitMeasure>
      <BisWeighted>0</BisWeighted>
      <QtyInPackage>1</QtyInPackage>
      <ItemPrice>5.90</ItemPrice>
      <UnitOfMeasurePrice>59</UnitOfMeasurePrice>
      <AllowDiscount>0</AllowDiscount>
      <itemStatus>1</itemStatus>
      <LastUpdateDate />
      <LastUpdateTime />
    </Product>
    <Product>
      <PriceUpdateDate>2018/02/14 09:07</PriceUpdateDate>
      <ItemCode>7290002517276</ItemCode>
      <ItemType>1</ItemType>
      <ItemName>פלפל אנגלי שלם 25 גר`</ItemName>
      <ManufactureName>תבליני טעם וריח בעמ</ManufactureName>
      <ManufactureCountry />
      <ManufactureItemDescription />
      <UnitQty>יח`</UnitQty>
      <Quantity>25</Quantity>
      <UnitMeasure>גרם</UnitMeasure>
      <BisWeighted>0</BisWeighted>
      <QtyInPackage>1</QtyInPackage>
      <ItemPrice>5.90</ItemPrice>
      <UnitOfMeasurePrice>23.60</UnitOfMeasurePrice>
      <AllowDiscount>0</AllowDiscount>
      <itemStatus>1</itemStatus>
      <LastUpdateDate />
      <LastUpdateTime />
    </Product>
    <Product>
      <PriceUpdateDate>2018/02/14 09:07</PriceUpdateDate>
      <ItemCode>7290002517337</ItemCode>
      <ItemType>1</ItemType>
      <ItemName>אורגנו עלים 20 גר`</ItemName>
      <ManufactureName>תבליני טעם וריח בעמ</ManufactureName>
      <ManufactureCountry />
      <ManufactureItemDescription />
      <UnitQty>יח`</UnitQty>
      <Quantity>20</Quantity>
      <UnitMeasure>גרם</UnitMeasure>
      <BisWeighted>0</BisWeighted>
      <QtyInPackage>1</QtyInPackage>
      <ItemPrice>5.90</ItemPrice>
      <UnitOfMeasurePrice>29.50</UnitOfMeasurePrice>
      <AllowDiscount>1</AllowDiscount>
      <itemStatus>1</itemStatus>
      <LastUpdateDate />
      <LastUpdateTime />
    </Product>
    <Product>
      <PriceUpdateDate>2018/02/14 12:16</PriceUpdateDate>
      <ItemCode>7290002517375</ItemCode>
      <ItemType>1</ItemType>
      <ItemName>בזילקום עלים 30 גר`</ItemName>
      <ManufactureName>תבליני טעם וריח בעמ</ManufactureName>
      <ManufactureCountry />
      <ManufactureItemDescription />
      <UnitQty>יח`</UnitQty>
      <Quantity>30</Quantity>
      <UnitMeasure>גרם</UnitMeasure>
      <BisWeighted>0</BisWeighted>
      <QtyInPackage>1</QtyInPackage>
      <ItemPrice>5.90</ItemPrice>
      <UnitOfMeasurePrice>19.67</UnitOfMeasurePrice>
      <AllowDiscount>1</AllowDiscount>
      <itemStatus>1</itemStatus>
      <LastUpdateDate />
      <LastUpdateTime />
    </Product>
    <Product>
      <PriceUpdateDate>2018/02/14 12:16</PriceUpdateDate>
      <ItemCode>7290002517566</ItemCode>
      <ItemType>1</ItemType>
      <ItemName>תערובת תיבול  לדג-80 גרם</ItemName>
      <ManufactureName>תבליני טעם וריח בעמ</ManufactureName>
      <ManufactureCountry />
      <ManufactureItemDescription />
      <UnitQty>יח`</UnitQty>
      <Quantity>80</Quantity>
      <UnitMeasure>גרם</UnitMeasure>
      <BisWeighted>0</BisWeighted>
      <QtyInPackage>1</QtyInPackage>
      <ItemPrice>12.90</ItemPrice>
      <UnitOfMeasurePrice>16.13</UnitOfMeasurePrice>
      <AllowDiscount>0</AllowDiscount>
      <itemStatus>1</itemStatus>
      <LastUpdateDate />
      <LastUpdateTime />
    </Product>
    <Product>
      <PriceUpdateDate>2018/02/15 07:15</PriceUpdateDate>
      <ItemCode>7290002517580</ItemCode>
      <ItemType>1</ItemType>
      <ItemName>תערובת תיבול  לעוף- 80 גרם</ItemName>
      <ManufactureName>תבליני טעם וריח בעמ</ManufactureName>
      <ManufactureCountry />
      <ManufactureItemDescription />
      <UnitQty>יח`</UnitQty>
      <Quantity>80</Quantity>
      <UnitMeasure>גרם</UnitMeasure>
      <BisWeighted>0</BisWeighted>
      <QtyInPackage>1</QtyInPackage>
      <ItemPrice>12.90</ItemPrice>
      <UnitOfMeasurePrice>16.13</UnitOfMeasurePrice>
      <AllowDiscount>0</AllowDiscount>
      <itemStatus>1</itemStatus>
      <LastUpdateDate />
      <LastUpdateTime />
    </Product>
    <Product>
      <PriceUpdateDate>2018/02/14 09:07</PriceUpdateDate>
      <ItemCode>7290002517658</ItemCode>
      <ItemType>1</ItemType>
      <ItemName>כורכום 40 גר`</ItemName>
      <ManufactureName>תבליני טעם וריח בעמ</ManufactureName>
      <ManufactureCountry />
      <ManufactureItemDescription />
      <UnitQty>יח`</UnitQty>
      <Quantity>40</Quantity>
      <UnitMeasure>גרם</UnitMeasure>
      <BisWeighted>0</BisWeighted>
      <QtyInPackage>1</QtyInPackage>
      <ItemPrice>5.90</ItemPrice>
      <UnitOfMeasurePrice>14.75</UnitOfMeasurePrice>
      <AllowDiscount>0</AllowDiscount>
      <itemStatus>1</itemStatus>
      <LastUpdateDate />
      <LastUpdateTime />
    </Product>
    <Product>
      <PriceUpdateDate>2018/02/14 12:16</PriceUpdateDate>
      <ItemCode>7290002517733</ItemCode>
      <ItemType>1</ItemType>
      <ItemName>קצח 40 גר`</ItemName>
      <ManufactureName>תבליני טעם וריח בעמ</ManufactureName>
      <ManufactureCountry />
      <ManufactureItemDescription />
      <UnitQty>יח`</UnitQty>
      <Quantity>40</Quantity>
      <UnitMeasure>גרם</UnitMeasure>
      <BisWeighted>0</BisWeighted>
      <QtyInPackage>1</QtyInPackage>
      <ItemPrice>5.90</ItemPrice>
      <UnitOfMeasurePrice>14.75</UnitOfMeasurePrice>
      <AllowDiscount>0</AllowDiscount>
      <itemStatus>1</itemStatus>
      <LastUpdateDate />
      <LastUpdateTime />
    </Product>
    <Product>
      <PriceUpdateDate>2018/02/14 09:07</PriceUpdateDate>
      <ItemCode>7290002517825</ItemCode>
      <ItemType>1</ItemType>
      <ItemName>פלפל לבן טחון 40 גר`</ItemName>
      <ManufactureName>תבליני טעם וריח בעמ</ManufactureName>
      <ManufactureCountry />
      <ManufactureItemDescription />
      <UnitQty>יח`</UnitQty>
      <Quantity>40</Quantity>
      <UnitMeasure>גרם</UnitMeasure>
      <BisWeighted>0</BisWeighted>
      <QtyInPackage>1</QtyInPackage>
      <ItemPrice>8.90</ItemPrice>
      <UnitOfMeasurePrice>22.25</UnitOfMeasurePrice>
      <AllowDiscount>0</AllowDiscount>
      <itemStatus>1</itemStatus>
      <LastUpdateDate />
      <LastUpdateTime />
    </Product>
    <Product>
      <PriceUpdateDate>2015/12/28 09:00</PriceUpdateDate>
      <ItemCode>7290002541370</ItemCode>
      <ItemType>1</ItemType>
      <ItemName>משקה סויה בטעם טבעי אלפרו (1 ליטר)</ItemName>
      <ManufactureName>ש.שסטוביץ בעמ</ManufactureName>
      <ManufactureCountry />
      <ManufactureItemDescription />
      <UnitQty>יח`</UnitQty>
      <Quantity>1</Quantity>
      <UnitMeasure>מ"ל</UnitMeasure>
      <BisWeighted>0</BisWeighted>
      <QtyInPackage>1</QtyInPackage>
      <ItemPrice>14.90</ItemPrice>
      <UnitOfMeasurePrice>1490</UnitOfMeasurePrice>
      <AllowDiscount>1</AllowDiscount>
      <itemStatus>1</itemStatus>
      <LastUpdateDate />
      <LastUpdateTime />
    </Product>
    <Product>
      <PriceUpdateDate>2015/12/28 09:00</PriceUpdateDate>
      <ItemCode>7290002541981</ItemCode>
      <ItemType>1</ItemType>
      <ItemName>אלפרו סויה ללא סוכר 1 ליטר</ItemName>
      <ManufactureName>ש.שסטוביץ בעמ</ManufactureName>
      <ManufactureCountry />
      <ManufactureItemDescription />
      <UnitQty>יח`</UnitQty>
      <Quantity>1</Quantity>
      <UnitMeasure>מ"ל</UnitMeasure>
      <BisWeighted>0</BisWeighted>
      <QtyInPackage>1</QtyInPackage>
      <ItemPrice>14.90</ItemPrice>
      <UnitOfMeasurePrice>1490</UnitOfMeasurePrice>
      <AllowDiscount>1</AllowDiscount>
      <itemStatus>1</itemStatus>
      <LastUpdateDate />
      <LastUpdateTime />
    </Product>
    <Product>
      <PriceUpdateDate>2017/09/03 08:31</PriceUpdateDate>
      <ItemCode>7290002542506</ItemCode>
      <ItemType>1</ItemType>
      <ItemName>בירה קורונה</ItemName>
      <ManufactureName>תימקו בירה בעמ</ManufactureName>
      <ManufactureCountry />
      <ManufactureItemDescription />
      <UnitQty>יח`</UnitQty>
      <Quantity>355</Quantity>
      <UnitMeasure>מ"ל</UnitMeasure>
      <BisWeighted>0</BisWeighted>
      <QtyInPackage>1</QtyInPackage>
      <ItemPrice>7.90</ItemPrice>
      <UnitOfMeasurePrice>2.14</UnitOfMeasurePrice>
      <AllowDiscount>0</AllowDiscount>
      <itemStatus>1</itemStatus>
      <LastUpdateDate />
      <LastUpdateTime />
    </Product>
    <Product>
      <PriceUpdateDate>2017/06/06 09:24</PriceUpdateDate>
      <ItemCode>7290002551003</ItemCode>
      <ItemType>1</ItemType>
      <ItemName>נתחי טונה בהירה בשמן סטארקיסט (160 גרם)</ItemName>
      <ManufactureName>סטארקיסט דיפלומט היינץ</ManufactureName>
      <ManufactureCountry />
      <ManufactureItemDescription />
      <UnitQty>יח`</UnitQty>
      <Quantity>160</Quantity>
      <UnitMeasure>גרם</UnitMeasure>
      <BisWeighted>0</BisWeighted>
      <QtyInPackage>1</QtyInPackage>
      <ItemPrice>7.50</ItemPrice>
      <UnitOfMeasurePrice>4.69</UnitOfMeasurePrice>
      <AllowDiscount>0</AllowDiscount>
      <itemStatus>1</itemStatus>
      <LastUpdateDate />
      <LastUpdateTime />
    </Product>
    <Product>
      <PriceUpdateDate>2019/08/09 16:15</PriceUpdateDate>
      <ItemCode>7290002596455</ItemCode>
      <ItemType>1</ItemType>
      <ItemName>המבורגר שקית 2 קג.</ItemName>
      <ManufactureName>נטו מלינדה סחר בעמ</ManufactureName>
      <ManufactureCountry />
      <ManufactureItemDescription />
      <UnitQty>יח`</UnitQty>
      <Quantity>2</Quantity>
      <UnitMeasure>ק"ג</UnitMeasure>
      <BisWeighted>0</BisWeighted>
      <QtyInPackage>1</QtyInPackage>
      <ItemPrice>49.90</ItemPrice>
      <UnitOfMeasurePrice>24.95</UnitOfMeasurePrice>
      <AllowDiscount>0</AllowDiscount>
      <itemStatus>1</itemStatus>
      <LastUpdateDate />
      <LastUpdateTime />
    </Product>
    <Product>
      <PriceUpdateDate>2017/12/03 12:32</PriceUpdateDate>
      <ItemCode>7290002603016</ItemCode>
      <ItemType>1</ItemType>
      <ItemName>טונה ויליגר במים 140 גר רביעייה</ItemName>
      <ManufactureName>נטו מלינדה סחר בעמ</ManufactureName>
      <ManufactureCountry />
      <ManufactureItemDescription />
      <UnitQty>יח`</UnitQty>
      <Quantity>460</Quantity>
      <UnitMeasure>גרם</UnitMeasure>
      <BisWeighted>0</BisWeighted>
      <QtyInPackage>1</QtyInPackage>
      <ItemPrice>19.90</ItemPrice>
      <UnitOfMeasurePrice>4.33</UnitOfMeasurePrice>
      <AllowDiscount>0</AllowDiscount>
      <itemStatus>1</itemStatus>
      <LastUpdateDate />
      <LastUpdateTime />
    </Product>
    <Product>
      <PriceUpdateDate>2018/01/09 13:42</PriceUpdateDate>
      <ItemCode>7290002603481</ItemCode>
      <ItemType>1</ItemType>
      <ItemName>פיצת השף מאיטליה CHEF שגב פסטו ועגבניות</ItemName>
      <ManufactureName>נטו מלינדה סחר בעמ</ManufactureName>
      <ManufactureCountry />
      <ManufactureItemDescription />
      <UnitQty>יח`</UnitQty>
      <Quantity>200</Quantity>
      <UnitMeasure>גרם</UnitMeasure>
      <BisWeighted>0</BisWeighted>
      <QtyInPackage>1</QtyInPackage>
      <ItemPrice>14.90</ItemPrice>
      <UnitOfMeasurePrice>7.45</UnitOfMeasurePrice>
      <AllowDiscount>0</AllowDiscount>
      <itemStatus>1</itemStatus>
      <LastUpdateDate />
      <LastUpdateTime />
    </Product>
    <Product>
      <PriceUpdateDate>2018/01/09 13:42</PriceUpdateDate>
      <ItemCode>7290002603498</ItemCode>
      <ItemType>1</ItemType>
      <ItemName>פיצת השף מאיטליה CHEF שגב אנטיפסטי 220</ItemName>
      <ManufactureName>נטו מלינדה סחר בעמ</ManufactureName>
      <ManufactureCountry />
      <ManufactureItemDescription />
      <UnitQty>יח`</UnitQty>
      <Quantity>220</Quantity>
      <UnitMeasure>גרם</UnitMeasure>
      <BisWeighted>0</BisWeighted>
      <QtyInPackage>1</QtyInPackage>
      <ItemPrice>14.90</ItemPrice>
      <UnitOfMeasurePrice>6.77</UnitOfMeasurePrice>
      <AllowDiscount>0</AllowDiscount>
      <itemStatus>1</itemStatus>
      <LastUpdateDate />
      <LastUpdateTime />
    </Product>
    <Product>
      <PriceUpdateDate>2018/07/09 14:23</PriceUpdateDate>
      <ItemCode>7290002628989</ItemCode>
      <ItemType>1</ItemType>
      <ItemName>נקניקיות מרגז בלדי (500 גרם)</ItemName>
      <ManufactureName>בלדי בעמ</ManufactureName>
      <ManufactureCountry />
      <ManufactureItemDescription />
      <UnitQty>יח`</UnitQty>
      <Quantity>500</Quantity>
      <UnitMeasure>גרם</UnitMeasure>
      <BisWeighted>0</BisWeighted>
      <QtyInPackage>1</QtyInPackage>
      <ItemPrice>18.90</ItemPrice>
      <UnitOfMeasurePrice>3.78</UnitOfMeasurePrice>
      <AllowDiscount>0</AllowDiscount>
      <itemStatus>1</itemStatus>
      <LastUpdateDate />
      <LastUpdateTime />
    </Product>
    <Product>
      <PriceUpdateDate>2013/12/31 09:50</PriceUpdateDate>
      <ItemCode>7290002661115</ItemCode>
      <ItemType>1</ItemType>
      <ItemName>לחם הולנדי פרוס ברמן (1.2 קג)</ItemName>
      <ManufactureName>י.את א. ברמן בעמ</ManufactureName>
      <ManufactureCountry />
      <ManufactureItemDescription />
      <UnitQty>יח`</UnitQty>
      <Quantity>1000</Quantity>
      <UnitMeasure>גרם</UnitMeasure>
      <BisWeighted>0</BisWeighted>
      <QtyInPackage>1</QtyInPackage>
      <ItemPrice>15.20</ItemPrice>
      <UnitOfMeasurePrice>1.52</UnitOfMeasurePrice>
      <AllowDiscount>0</AllowDiscount>
      <itemStatus>1</itemStatus>
      <LastUpdateDate />
      <LastUpdateTime />
    </Product>
    <Product>
      <PriceUpdateDate>2014/06/05 10:16</PriceUpdateDate>
      <ItemCode>7290002661153</ItemCode>
      <ItemType>1</ItemType>
      <ItemName>לחם דני קל פרוס ברמן (1 קג)</ItemName>
      <ManufactureName>י.את א. ברמן בעמ</ManufactureName>
      <ManufactureCountry />
      <ManufactureItemDescription />
      <UnitQty>יח`</UnitQty>
      <Quantity>1</Quantity>
      <UnitMeasure>ק"ג</UnitMeasure>
      <BisWeighted>0</BisWeighted>
      <QtyInPackage>1</QtyInPackage>
      <ItemPrice>14.90</ItemPrice>
      <UnitOfMeasurePrice>14.90</UnitOfMeasurePrice>
      <AllowDiscount>0</AllowDiscount>
      <itemStatus>1</itemStatus>
      <LastUpdateDate />
      <LastUpdateTime />
    </Product>
    <Product>
      <PriceUpdateDate>2013/06/09 09:56</PriceUpdateDate>
      <ItemCode>7290002661177</ItemCode>
      <ItemType>1</ItemType>
      <ItemName>לחם כנעני ברמן (750 גרם)</ItemName>
      <ManufactureName>י.את א. ברמן בעמ</ManufactureName>
      <ManufactureCountry />
      <ManufactureItemDescription />
      <UnitQty>יח`</UnitQty>
      <Quantity>750</Quantity>
      <UnitMeasure>גרם</UnitMeasure>
      <BisWeighted>0</BisWeighted>
      <QtyInPackage>1</QtyInPackage>
      <ItemPrice>10.10</ItemPrice>
      <UnitOfMeasurePrice>1.35</UnitOfMeasurePrice>
      <AllowDiscount>0</AllowDiscount>
      <itemStatus>1</itemStatus>
      <LastUpdateDate />
      <LastUpdateTime />
    </Product>
    <Product>
      <PriceUpdateDate>2018/02/05 11:28</PriceUpdateDate>
      <ItemCode>7290002661214</ItemCode>
      <ItemType>1</ItemType>
      <ItemName>`לחם גלילי קל 75</ItemName>
      <ManufactureName>י.את א. ברמן בעמ</ManufactureName>
      <ManufactureCountry />
      <ManufactureItemDescription />
      <UnitQty>יח`</UnitQty>
      <Quantity>700</Quantity>
      <UnitMeasure>גרם</UnitMeasure>
      <BisWeighted>0</BisWeighted>
      <QtyInPackage>1</QtyInPackage>
      <ItemPrice>9.90</ItemPrice>
      <UnitOfMeasurePrice>1.41</UnitOfMeasurePrice>
      <AllowDiscount>0</AllowDiscount>
      <itemStatus>1</itemStatus>
      <LastUpdateDate />
      <LastUpdateTime />
    </Product>
    <Product>
      <PriceUpdateDate>2019/03/24 10:34</PriceUpdateDate>
      <ItemCode>7290002663522</ItemCode>
      <ItemType>1</ItemType>
      <ItemName>משקה קל תפוזים תפוזינה (1.5 ליטר)</ItemName>
      <ManufactureName>יפאורה</ManufactureName>
      <ManufactureCountry />
      <ManufactureItemDescription />
      <UnitQty>יח`</UnitQty>
      <Quantity>1500</Quantity>
      <UnitMeasure>מ"ל</UnitMeasure>
      <BisWeighted>0</BisWeighted>
      <QtyInPackage>1</QtyInPackage>
      <ItemPrice>6.50</ItemPrice>
      <UnitOfMeasurePrice>0.43</UnitOfMeasurePrice>
      <AllowDiscount>1</AllowDiscount>
      <itemStatus>1</itemStatus>
      <LastUpdateDate />
      <LastUpdateTime />
    </Product>
    <Product>
      <PriceUpdateDate>2019/03/24 10:34</PriceUpdateDate>
      <ItemCode>7290002663539</ItemCode>
      <ItemType>1</ItemType>
      <ItemName>משקה קל אשכוליות תפוזינה (1.5 ליטר)</ItemName>
      <ManufactureName>יפאורה</ManufactureName>
      <ManufactureCountry />
      <ManufactureItemDescription />
      <UnitQty>יח`</UnitQty>
      <Quantity>1500</Quantity>
      <UnitMeasure>מ"ל</UnitMeasure>
      <BisWeighted>0</BisWeighted>
      <QtyInPackage>1</QtyInPackage>
      <ItemPrice>6.50</ItemPrice>
      <UnitOfMeasurePrice>0.43</UnitOfMeasurePrice>
      <AllowDiscount>1</AllowDiscount>
      <itemStatus>1</itemStatus>
      <LastUpdateDate />
      <LastUpdateTime />
    </Product>
    <Product>
      <PriceUpdateDate>2014/05/11 10:00</PriceUpdateDate>
      <ItemCode>7290002663805</ItemCode>
      <ItemType>1</ItemType>
      <ItemName>מי טוניק שוופס (1.5 ליטר)</ItemName>
      <ManufactureName>יפאורה</ManufactureName>
      <ManufactureCountry />
      <ManufactureItemDescription />
      <UnitQty>יח`</UnitQty>
      <Quantity>1.50</Quantity>
      <UnitMeasure>1 ליטר</UnitMeasure>
      <BisWeighted>0</BisWeighted>
      <QtyInPackage>1</QtyInPackage>
      <ItemPrice>9.90</ItemPrice>
      <UnitOfMeasurePrice>6.60</UnitOfMeasurePrice>
      <AllowDiscount>0</AllowDiscount>
      <itemStatus>1</itemStatus>
      <LastUpdateDate />
      <LastUpdateTime />
    </Product>
    <Product>
      <PriceUpdateDate>2019/01/14 08:23</PriceUpdateDate>
      <ItemCode>7290002663829</ItemCode>
      <ItemType>1</ItemType>
      <ItemName>משקה ביטר למון שוופס (1.5 ליטר)</ItemName>
      <ManufactureName>יפאורה</ManufactureName>
      <ManufactureCountry />
      <ManufactureItemDescription />
      <UnitQty>יח`</UnitQty>
      <Quantity>1.50</Quantity>
      <UnitMeasure>1 ליטר</UnitMeasure>
      <BisWeighted>0</BisWeighted>
      <QtyInPackage>1</QtyInPackage>
      <ItemPrice>9.90</ItemPrice>
      <UnitOfMeasurePrice>6.60</UnitOfMeasurePrice>
      <AllowDiscount>0</AllowDiscount>
      <itemStatus>1</itemStatus>
      <LastUpdateDate />
      <LastUpdateTime />
    </Product>
    <Product>
      <PriceUpdateDate>2019/03/24 10:34</PriceUpdateDate>
      <ItemCode>7290002663881</ItemCode>
      <ItemType>1</ItemType>
      <ItemName>משקה קל תפוזינה אשכוליות 1.5 ליטר לייט</ItemName>
      <ManufactureName>יפאורה</ManufactureName>
      <ManufactureCountry />
      <ManufactureItemDescription />
      <UnitQty>יח`</UnitQty>
      <Quantity>1500</Quantity>
      <UnitMeasure>מ"ל</UnitMeasure>
      <BisWeighted>0</BisWeighted>
      <QtyInPackage>1</QtyInPackage>
      <ItemPrice>6.50</ItemPrice>
      <UnitOfMeasurePrice>0.43</UnitOfMeasurePrice>
      <AllowDiscount>1</AllowDiscount>
      <itemStatus>1</itemStatus>
      <LastUpdateDate />
      <LastUpdateTime />
    </Product>
    <Product>
      <PriceUpdateDate>2019/06/03 08:29</PriceUpdateDate>
      <ItemCode>7290002674221</ItemCode>
      <ItemType>1</ItemType>
      <ItemName>אקווה פרש משאבה 100 מל</ItemName>
      <ManufactureName>גורי ע.ע.ע בעמ</ManufactureName>
      <ManufactureCountry />
      <ManufactureItemDescription />
      <UnitQty>יח`</UnitQty>
      <Quantity>100</Quantity>
      <UnitMeasure>גרם</UnitMeasure>
      <BisWeighted>0</BisWeighted>
      <QtyInPackage>1</QtyInPackage>
      <ItemPrice>11.90</ItemPrice>
      <UnitOfMeasurePrice>11.90</UnitOfMeasurePrice>
      <AllowDiscount>1</AllowDiscount>
      <itemStatus>1</itemStatus>
      <LastUpdateDate />
      <LastUpdateTime />
    </Product>
    <Product>
      <PriceUpdateDate>2015/06/28 13:46</PriceUpdateDate>
      <ItemCode>7290002692393</ItemCode>
      <ItemType>1</ItemType>
      <ItemName>שמן קנולה מזוכך מועשר עץ הזית (1 ליטר)</ItemName>
      <ManufactureName>שמן תעשיות בעמ</ManufactureName>
      <ManufactureCountry />
      <ManufactureItemDescription />
      <UnitQty>יח`</UnitQty>
      <Quantity>1</Quantity>
      <UnitMeasure>1 ליטר</UnitMeasure>
      <BisWeighted>0</BisWeighted>
      <QtyInPackage>1</QtyInPackage>
      <ItemPrice>14.90</ItemPrice>
      <UnitOfMeasurePrice>14.90</UnitOfMeasurePrice>
      <AllowDiscount>1</AllowDiscount>
      <itemStatus>1</itemStatus>
      <LastUpdateDate />
      <LastUpdateTime />
    </Product>
    <Product>
      <PriceUpdateDate>2015/06/15 09:16</PriceUpdateDate>
      <ItemCode>7290002692409</ItemCode>
      <ItemType>1</ItemType>
      <ItemName>שמן חמניות ויטמין E 1 ליטר עץ הזית</ItemName>
      <ManufactureName>שמן תעשיות בעמ</ManufactureName>
      <ManufactureCountry />
      <ManufactureItemDescription />
      <UnitQty>יח`</UnitQty>
      <Quantity>1</Quantity>
      <UnitMeasure>1 ליטר</UnitMeasure>
      <BisWeighted>0</BisWeighted>
      <QtyInPackage>1</QtyInPackage>
      <ItemPrice>14.90</ItemPrice>
      <UnitOfMeasurePrice>14.90</UnitOfMeasurePrice>
      <AllowDiscount>1</AllowDiscount>
      <itemStatus>1</itemStatus>
      <LastUpdateDate />
      <LastUpdateTime />
    </Product>
    <Product>
      <PriceUpdateDate>2015/12/02 08:48</PriceUpdateDate>
      <ItemCode>7290002692478</ItemCode>
      <ItemType>1</ItemType>
      <ItemName>שמן זית כתית מעולה 750 מל עץ הזית</ItemName>
      <ManufactureName>שמן תעשיות בעמ</ManufactureName>
      <ManufactureCountry />
      <ManufactureItemDescription />
      <UnitQty>יח`</UnitQty>
      <Quantity>750</Quantity>
      <UnitMeasure>מ"ל</UnitMeasure>
      <BisWeighted>0</BisWeighted>
      <QtyInPackage>1</QtyInPackage>
      <ItemPrice>34.90</ItemPrice>
      <UnitOfMeasurePrice>4.65</UnitOfMeasurePrice>
      <AllowDiscount>1</AllowDiscount>
      <itemStatus>1</itemStatus>
      <LastUpdateDate />
      <LastUpdateTime />
    </Product>
    <Product>
      <PriceUpdateDate>2016/11/01 08:10</PriceUpdateDate>
      <ItemCode>7290002692553</ItemCode>
      <ItemType>1</ItemType>
      <ItemName>זיתולה שמן זית וקנולה עץ הזית (750 מל)</ItemName>
      <ManufactureName>שמן תעשיות בעמ</ManufactureName>
      <ManufactureCountry />
      <ManufactureItemDescription />
      <UnitQty>יח`</UnitQty>
      <Quantity>750</Quantity>
      <UnitMeasure>מ"ל</UnitMeasure>
      <BisWeighted>0</BisWeighted>
      <QtyInPackage>1</QtyInPackage>
      <ItemPrice>15.90</ItemPrice>
      <UnitOfMeasurePrice>2.12</UnitOfMeasurePrice>
      <AllowDiscount>0</AllowDiscount>
      <itemStatus>1</itemStatus>
      <LastUpdateDate />
      <LastUpdateTime />
    </Product>
    <Product>
      <PriceUpdateDate>2015/04/30 13:24</PriceUpdateDate>
      <ItemCode>7290002692768</ItemCode>
      <ItemType>1</ItemType>
      <ItemName>תרסיס שמן קנולה מזוכך ללא תוספת גז 200 מ</ItemName>
      <ManufactureName>שמן תעשיות בעמ</ManufactureName>
      <ManufactureCountry />
      <ManufactureItemDescription />
      <UnitQty>יח`</UnitQty>
      <Quantity>200</Quantity>
      <UnitMeasure>מ"ל</UnitMeasure>
      <BisWeighted>0</BisWeighted>
      <QtyInPackage>1</QtyInPackage>
      <ItemPrice>19.90</ItemPrice>
      <UnitOfMeasurePrice>9.95</UnitOfMeasurePrice>
      <AllowDiscount>0</AllowDiscount>
      <itemStatus>1</itemStatus>
      <LastUpdateDate />
      <LastUpdateTime />
    </Product>
    <Product>
      <PriceUpdateDate>2018/12/17 15:04</PriceUpdateDate>
      <ItemCode>7290002692775</ItemCode>
      <ItemType>1</ItemType>
      <ItemName>תרסיס מופחת קלוריות בטעם חמאה</ItemName>
      <ManufactureName>שמן תעשיות בעמ</ManufactureName>
      <ManufactureCountry />
      <ManufactureItemDescription />
      <UnitQty>יח`</UnitQty>
      <Quantity>200</Quantity>
      <UnitMeasure>מ"ל</UnitMeasure>
      <BisWeighted>0</BisWeighted>
      <QtyInPackage>1</QtyInPackage>
      <ItemPrice>19.90</ItemPrice>
      <UnitOfMeasurePrice>9.95</UnitOfMeasurePrice>
      <AllowDiscount>0</AllowDiscount>
      <itemStatus>1</itemStatus>
      <LastUpdateDate />
      <LastUpdateTime />
    </Product>
    <Product>
      <PriceUpdateDate>2015/04/30 13:24</PriceUpdateDate>
      <ItemCode>7290002692782</ItemCode>
      <ItemType>1</ItemType>
      <ItemName>תרסיס שמן זית כתית מעולה ללא תוספת גז 15</ItemName>
      <ManufactureName>שמן תעשיות בעמ</ManufactureName>
      <ManufactureCountry />
      <ManufactureItemDescription />
      <UnitQty>יח`</UnitQty>
      <Quantity>150</Quantity>
      <UnitMeasure>מ"ל</UnitMeasure>
      <BisWeighted>0</BisWeighted>
      <QtyInPackage>1</QtyInPackage>
      <ItemPrice>19.90</ItemPrice>
      <UnitOfMeasurePrice>13.27</UnitOfMeasurePrice>
      <AllowDiscount>0</AllowDiscount>
      <itemStatus>1</itemStatus>
      <LastUpdateDate />
      <LastUpdateTime />
    </Product>
    <Product>
      <PriceUpdateDate>2015/02/04 08:40</PriceUpdateDate>
      <ItemCode>7290002697152</ItemCode>
      <ItemType>1</ItemType>
      <ItemName>בראשית הלחם לחם כוסמין 850 גר`</ItemName>
      <ManufactureName>בראשית הלחם בעמ</ManufactureName>
      <ManufactureCountry />
      <ManufactureItemDescription />
      <UnitQty>יח`</UnitQty>
      <Quantity>850</Quantity>
      <UnitMeasure>גרם</UnitMeasure>
      <BisWeighted>0</BisWeighted>
      <QtyInPackage>1</QtyInPackage>
      <ItemPrice>14.90</ItemPrice>
      <UnitOfMeasurePrice>1.75</UnitOfMeasurePrice>
      <AllowDiscount>0</AllowDiscount>
      <itemStatus>1</itemStatus>
      <LastUpdateDate />
      <LastUpdateTime />
    </Product>
    <Product>
      <PriceUpdateDate>2019/01/31 10:24</PriceUpdateDate>
      <ItemCode>7290002715375</ItemCode>
      <ItemType>1</ItemType>
      <ItemName>קבב יווני 400 גר` טיבונוויל</ItemName>
      <ManufactureName>נטו מלינדה סחר בעמ</ManufactureName>
      <ManufactureCountry />
      <ManufactureItemDescription />
      <UnitQty>יח`</UnitQty>
      <Quantity>400</Quantity>
      <UnitMeasure>גרם</UnitMeasure>
      <BisWeighted>0</BisWeighted>
      <QtyInPackage>1</QtyInPackage>
      <ItemPrice>20.90</ItemPrice>
      <UnitOfMeasurePrice>5.23</UnitOfMeasurePrice>
      <AllowDiscount>1</AllowDiscount>
      <itemStatus>1</itemStatus>
      <LastUpdateDate />
      <LastUpdateTime />
    </Product>
    <Product>
      <PriceUpdateDate>2015/12/01 18:39</PriceUpdateDate>
      <ItemCode>7290002715504</ItemCode>
      <ItemType>1</ItemType>
      <ItemName>ארוחת נודלס בטעם עוף מג`יק (70 גרם)</ItemName>
      <ManufactureName>נטו מלינדה סחר בעמ</ManufactureName>
      <ManufactureCountry />
      <ManufactureItemDescription />
      <UnitQty>יח`</UnitQty>
      <Quantity>70</Quantity>
      <UnitMeasure>גרם</UnitMeasure>
      <BisWeighted>0</BisWeighted>
      <QtyInPackage>1</QtyInPackage>
      <ItemPrice>4.90</ItemPrice>
      <UnitOfMeasurePrice>7</UnitOfMeasurePrice>
      <AllowDiscount>1</AllowDiscount>
      <itemStatus>1</itemStatus>
      <LastUpdateDate />
      <LastUpdateTime />
    </Product>
    <Product>
      <PriceUpdateDate>2015/12/01 18:39</PriceUpdateDate>
      <ItemCode>7290002715511</ItemCode>
      <ItemType>1</ItemType>
      <ItemName>ארוחת נודלס בטעם בשר מג`יק (70 גרם)</ItemName>
      <ManufactureName>נטו מלינדה סחר בעמ</ManufactureName>
      <ManufactureCountry />
      <ManufactureItemDescription />
      <UnitQty>יח`</UnitQty>
      <Quantity>70</Quantity>
      <UnitMeasure>גרם</UnitMeasure>
      <BisWeighted>0</BisWeighted>
      <QtyInPackage>1</QtyInPackage>
      <ItemPrice>4.90</ItemPrice>
      <UnitOfMeasurePrice>7</UnitOfMeasurePrice>
      <AllowDiscount>1</AllowDiscount>
      <itemStatus>1</itemStatus>
      <LastUpdateDate />
      <LastUpdateTime />
    </Product>
    <Product>
      <PriceUpdateDate>2015/12/01 18:39</PriceUpdateDate>
      <ItemCode>7290002715528</ItemCode>
      <ItemType>1</ItemType>
      <ItemName>ארוחת נודלס בטעם ירקות מג`יק (70 גרם)</ItemName>
      <ManufactureName>נטו מלינדה סחר בעמ</ManufactureName>
      <ManufactureCountry />
      <ManufactureItemDescription />
      <UnitQty>יח`</UnitQty>
      <Quantity>70</Quantity>
      <UnitMeasure>גרם</UnitMeasure>
      <BisWeighted>0</BisWeighted>
      <QtyInPackage>1</QtyInPackage>
      <ItemPrice>4.90</ItemPrice>
      <UnitOfMeasurePrice>7</UnitOfMeasurePrice>
      <AllowDiscount>1</AllowDiscount>
      <itemStatus>1</itemStatus>
      <LastUpdateDate />
      <LastUpdateTime />
    </Product>
    <Product>
      <PriceUpdateDate>2015/12/01 18:39</PriceUpdateDate>
      <ItemCode>7290002715580</ItemCode>
      <ItemType>1</ItemType>
      <ItemName>מג`יק טעם סיני</ItemName>
      <ManufactureName>נטו מלינדה סחר בעמ</ManufactureName>
      <ManufactureCountry />
      <ManufactureItemDescription />
      <UnitQty>יח`</UnitQty>
      <Quantity>70</Quantity>
      <UnitMeasure>גרם</UnitMeasure>
      <BisWeighted>0</BisWeighted>
      <QtyInPackage>1</QtyInPackage>
      <ItemPrice>4.90</ItemPrice>
      <UnitOfMeasurePrice>7</UnitOfMeasurePrice>
      <AllowDiscount>1</AllowDiscount>
      <itemStatus>1</itemStatus>
      <LastUpdateDate />
      <LastUpdateTime />
    </Product>
    <Product>
      <PriceUpdateDate>2017/06/01 10:26</PriceUpdateDate>
      <ItemCode>7290002730262</ItemCode>
      <ItemType>1</ItemType>
      <ItemName>נוזל לניקוי כלים קלאסי פלמוליב (750 מל)</ItemName>
      <ManufactureName>ש.שסטוביץ בעמ</ManufactureName>
      <ManufactureCountry />
      <ManufactureItemDescription />
      <UnitQty>יח`</UnitQty>
      <Quantity>750</Quantity>
      <UnitMeasure>מ"ל</UnitMeasure>
      <BisWeighted>0</BisWeighted>
      <QtyInPackage>1</QtyInPackage>
      <ItemPrice>11.90</ItemPrice>
      <UnitOfMeasurePrice>1.59</UnitOfMeasurePrice>
      <AllowDiscount>1</AllowDiscount>
      <itemStatus>1</itemStatus>
      <LastUpdateDate />
      <LastUpdateTime />
    </Product>
    <Product>
      <PriceUpdateDate>2018/02/06 08:41</PriceUpdateDate>
      <ItemCode>7290002730941</ItemCode>
      <ItemType>1</ItemType>
      <ItemName>צמר גפן פרוס בלונס (100 גרם)</ItemName>
      <ManufactureName>ש.שסטוביץ בעמ</ManufactureName>
      <ManufactureCountry />
      <ManufactureItemDescription />
      <UnitQty>יח`</UnitQty>
      <Quantity>100</Quantity>
      <UnitMeasure>גרם</UnitMeasure>
      <BisWeighted>0</BisWeighted>
      <QtyInPackage>1</QtyInPackage>
      <ItemPrice>5.90</ItemPrice>
      <UnitOfMeasurePrice>5.90</UnitOfMeasurePrice>
      <AllowDiscount>0</AllowDiscount>
      <itemStatus>1</itemStatus>
      <LastUpdateDate />
      <LastUpdateTime />
    </Product>
    <Product>
      <PriceUpdateDate>2015/12/29 08:29</PriceUpdateDate>
      <ItemCode>7290002730958</ItemCode>
      <ItemType>1</ItemType>
      <ItemName>פלמוליב סבון מוצק רביעייה ירוק זית</ItemName>
      <ManufactureName>ש.שסטוביץ בעמ</ManufactureName>
      <ManufactureCountry />
      <ManufactureItemDescription />
      <UnitQty>יח`</UnitQty>
      <Quantity>400</Quantity>
      <UnitMeasure>גרם</UnitMeasure>
      <BisWeighted>0</BisWeighted>
      <QtyInPackage>1</QtyInPackage>
      <ItemPrice>16.90</ItemPrice>
      <UnitOfMeasurePrice>4.23</UnitOfMeasurePrice>
      <AllowDiscount>0</AllowDiscount>
      <itemStatus>1</itemStatus>
      <LastUpdateDate />
      <LastUpdateTime />
    </Product>
    <Product>
      <PriceUpdateDate>2020/03/22 14:54</PriceUpdateDate>
      <ItemCode>7290002735007</ItemCode>
      <ItemType>1</ItemType>
      <ItemName>בצק עלים 1 קג יינון</ItemName>
      <ManufactureName>קפוא-זן תעשיות מזון בעמ - תפוג</ManufactureName>
      <ManufactureCountry />
      <ManufactureItemDescription />
      <UnitQty>יח`</UnitQty>
      <Quantity>1</Quantity>
      <UnitMeasure>גרם</UnitMeasure>
      <BisWeighted>0</BisWeighted>
      <QtyInPackage>1</QtyInPackage>
      <ItemPrice>13.90</ItemPrice>
      <UnitOfMeasurePrice>1390</UnitOfMeasurePrice>
      <AllowDiscount>0</AllowDiscount>
      <itemStatus>1</itemStatus>
      <LastUpdateDate />
      <LastUpdateTime />
    </Product>
    <Product>
      <PriceUpdateDate>2020/03/22 14:54</PriceUpdateDate>
      <ItemCode>7290002735014</ItemCode>
      <ItemType>1</ItemType>
      <ItemName>מלווח ארוז יינון 800 גר`</ItemName>
      <ManufactureName>קפוא-זן תעשיות מזון בעמ - תפוג</ManufactureName>
      <ManufactureCountry />
      <ManufactureItemDescription />
      <UnitQty>יח`</UnitQty>
      <Quantity>800</Quantity>
      <UnitMeasure>גרם</UnitMeasure>
      <BisWeighted>0</BisWeighted>
      <QtyInPackage>1</QtyInPackage>
      <ItemPrice>13.90</ItemPrice>
      <UnitOfMeasurePrice>1.74</UnitOfMeasurePrice>
      <AllowDiscount>0</AllowDiscount>
      <itemStatus>1</itemStatus>
      <LastUpdateDate />
      <LastUpdateTime />
    </Product>
    <Product>
      <PriceUpdateDate>2020/03/22 14:54</PriceUpdateDate>
      <ItemCode>7290002735021</ItemCode>
      <ItemType>1</ItemType>
      <ItemName>ג`חנון ארוז 750  גר`יינון</ItemName>
      <ManufactureName>קפוא-זן תעשיות מזון בעמ - תפוג</ManufactureName>
      <ManufactureCountry />
      <ManufactureItemDescription />
      <UnitQty>יח`</UnitQty>
      <Quantity>750</Quantity>
      <UnitMeasure>גרם</UnitMeasure>
      <BisWeighted>0</BisWeighted>
      <QtyInPackage>1</QtyInPackage>
      <ItemPrice>13.90</ItemPrice>
      <UnitOfMeasurePrice>1.85</UnitOfMeasurePrice>
      <AllowDiscount>0</AllowDiscount>
      <itemStatus>1</itemStatus>
      <LastUpdateDate />
      <LastUpdateTime />
    </Product>
    <Product>
      <PriceUpdateDate>2020/03/22 14:54</PriceUpdateDate>
      <ItemCode>7290002735113</ItemCode>
      <ItemType>1</ItemType>
      <ItemName>בורקס גבינה ינון 800 גר`</ItemName>
      <ManufactureName>קפוא-זן תעשיות מזון בעמ - תפוג</ManufactureName>
      <ManufactureCountry />
      <ManufactureItemDescription />
      <UnitQty>יח`</UnitQty>
      <Quantity>800</Quantity>
      <UnitMeasure>גרם</UnitMeasure>
      <BisWeighted>0</BisWeighted>
      <QtyInPackage>1</QtyInPackage>
      <ItemPrice>15.90</ItemPrice>
      <UnitOfMeasurePrice>1.99</UnitOfMeasurePrice>
      <AllowDiscount>0</AllowDiscount>
      <itemStatus>1</itemStatus>
      <LastUpdateDate />
      <LastUpdateTime />
    </Product>
    <Product>
      <PriceUpdateDate>2020/03/22 14:54</PriceUpdateDate>
      <ItemCode>7290002735120</ItemCode>
      <ItemType>1</ItemType>
      <ItemName>בורקס תפוא ינון 800 גר`</ItemName>
      <ManufactureName>קפוא-זן תעשיות מזון בעמ - תפוג</ManufactureName>
      <ManufactureCountry />
      <ManufactureItemDescription />
      <UnitQty>יח`</UnitQty>
      <Quantity>800</Quantity>
      <UnitMeasure>גרם</UnitMeasure>
      <BisWeighted>0</BisWeighted>
      <QtyInPackage>1</QtyInPackage>
      <ItemPrice>13.90</ItemPrice>
      <UnitOfMeasurePrice>1.74</UnitOfMeasurePrice>
      <AllowDiscount>0</AllowDiscount>
      <itemStatus>1</itemStatus>
      <LastUpdateDate />
      <LastUpdateTime />
    </Product>
    <Product>
      <PriceUpdateDate>2015/12/01 11:44</PriceUpdateDate>
      <ItemCode>7290002735274</ItemCode>
      <ItemType>1</ItemType>
      <ItemName>ג חנון אפוי 600 גר יינון</ItemName>
      <ManufactureName>קפוא-זן תעשיות מזון בעמ - תפוג</ManufactureName>
      <ManufactureCountry />
      <ManufactureItemDescription />
      <UnitQty>יח`</UnitQty>
      <Quantity>600</Quantity>
      <UnitMeasure>גרם</UnitMeasure>
      <BisWeighted>0</BisWeighted>
      <QtyInPackage>1</QtyInPackage>
      <ItemPrice>16.90</ItemPrice>
      <UnitOfMeasurePrice>2.82</UnitOfMeasurePrice>
      <AllowDiscount>0</AllowDiscount>
      <itemStatus>1</itemStatus>
      <LastUpdateDate />
      <LastUpdateTime />
    </Product>
    <Product>
      <PriceUpdateDate>2018/02/06 12:14</PriceUpdateDate>
      <ItemCode>7290002752349</ItemCode>
      <ItemType>1</ItemType>
      <ItemName>מנטוס גליל טעם מנטה (37.5 גרם)</ItemName>
      <ManufactureName>ליימן שליסל בעמ</ManufactureName>
      <ManufactureCountry />
      <ManufactureItemDescription />
      <UnitQty>יח`</UnitQty>
      <Quantity>37.50</Quantity>
      <UnitMeasure>גרם</UnitMeasure>
      <BisWeighted>0</BisWeighted>
      <QtyInPackage>1</QtyInPackage>
      <ItemPrice>3.90</ItemPrice>
      <UnitOfMeasurePrice>10.40</UnitOfMeasurePrice>
      <AllowDiscount>0</AllowDiscount>
      <itemStatus>1</itemStatus>
      <LastUpdateDate />
      <LastUpdateTime />
    </Product>
    <Product>
      <PriceUpdateDate>2019/01/30 08:43</PriceUpdateDate>
      <ItemCode>7290002757139</ItemCode>
      <ItemType>1</ItemType>
      <ItemName>מלוואח 700 גר` שלושת האופים</ItemName>
      <ManufactureName>נטו מלינדה סחר בעמ</ManufactureName>
      <ManufactureCountry />
      <ManufactureItemDescription />
      <UnitQty>יח`</UnitQty>
      <Quantity>700</Quantity>
      <UnitMeasure>גרם</UnitMeasure>
      <BisWeighted>0</BisWeighted>
      <QtyInPackage>1</QtyInPackage>
      <ItemPrice>14.50</ItemPrice>
      <UnitOfMeasurePrice>2.07</UnitOfMeasurePrice>
      <AllowDiscount>1</AllowDiscount>
      <itemStatus>1</itemStatus>
      <LastUpdateDate />
      <LastUpdateTime />
    </Product>
    <Product>
      <PriceUpdateDate>2018/10/10 16:23</PriceUpdateDate>
      <ItemCode>7290002757146</ItemCode>
      <ItemType>1</ItemType>
      <ItemName>קובה למרק חמוסטה 1 קג</ItemName>
      <ManufactureName>נטו מלינדה סחר בעמ</ManufactureName>
      <ManufactureCountry />
      <ManufactureItemDescription />
      <UnitQty>יח`</UnitQty>
      <Quantity>1000</Quantity>
      <UnitMeasure>גרם</UnitMeasure>
      <BisWeighted>0</BisWeighted>
      <QtyInPackage>1</QtyInPackage>
      <ItemPrice>16.90</ItemPrice>
      <UnitOfMeasurePrice>1.69</UnitOfMeasurePrice>
      <AllowDiscount>0</AllowDiscount>
      <itemStatus>1</itemStatus>
      <LastUpdateDate />
      <LastUpdateTime />
    </Product>
    <Product>
      <PriceUpdateDate>2016/09/01 09:46</PriceUpdateDate>
      <ItemCode>7290002757511</ItemCode>
      <ItemType>1</ItemType>
      <ItemName>קציצות דג לבישול דלידג (750 גרם)</ItemName>
      <ManufactureName>נטו מלינדה סחר בעמ</ManufactureName>
      <ManufactureCountry />
      <ManufactureItemDescription />
      <UnitQty>יח`</UnitQty>
      <Quantity>750</Quantity>
      <UnitMeasure>גרם</UnitMeasure>
      <BisWeighted>0</BisWeighted>
      <QtyInPackage>1</QtyInPackage>
      <ItemPrice>28.90</ItemPrice>
      <UnitOfMeasurePrice>3.85</UnitOfMeasurePrice>
      <AllowDiscount>0</AllowDiscount>
      <itemStatus>1</itemStatus>
      <LastUpdateDate />
      <LastUpdateTime />
    </Product>
    <Product>
      <PriceUpdateDate>2018/01/07 07:32</PriceUpdateDate>
      <ItemCode>7290002768043</ItemCode>
      <ItemType>1</ItemType>
      <ItemName>מי פה תיאדנט (150 מל)</ItemName>
      <ManufactureName>החברה הדרומית לשיווק בעמ</ManufactureName>
      <ManufactureCountry />
      <ManufactureItemDescription />
      <UnitQty>יח`</UnitQty>
      <Quantity>150</Quantity>
      <UnitMeasure>מ"ל</UnitMeasure>
      <BisWeighted>0</BisWeighted>
      <QtyInPackage>1</QtyInPackage>
      <ItemPrice>15.90</ItemPrice>
      <UnitOfMeasurePrice>10.60</UnitOfMeasurePrice>
      <AllowDiscount>0</AllowDiscount>
      <itemStatus>1</itemStatus>
      <LastUpdateDate />
      <LastUpdateTime />
    </Product>
    <Product>
      <PriceUpdateDate>2015/12/01 18:43</PriceUpdateDate>
      <ItemCode>7290002768074</ItemCode>
      <ItemType>1</ItemType>
      <ItemName>אל סבון נוזלי דרמפון (1 ליטר)</ItemName>
      <ManufactureName>החברה הדרומית לשיווק בעמ</ManufactureName>
      <ManufactureCountry />
      <ManufactureItemDescription />
      <UnitQty>יח`</UnitQty>
      <Quantity>1</Quantity>
      <UnitMeasure>1 ליטר</UnitMeasure>
      <BisWeighted>0</BisWeighted>
      <QtyInPackage>1</QtyInPackage>
      <ItemPrice>20.90</ItemPrice>
      <UnitOfMeasurePrice>20.90</UnitOfMeasurePrice>
      <AllowDiscount>0</AllowDiscount>
      <itemStatus>1</itemStatus>
      <LastUpdateDate />
      <LastUpdateTime />
    </Product>
    <Product>
      <PriceUpdateDate>2018/01/07 07:32</PriceUpdateDate>
      <ItemCode>7290002768159</ItemCode>
      <ItemType>1</ItemType>
      <ItemName>קצף אמבט בת אורן (500 מל)</ItemName>
      <ManufactureName>החברה הדרומית לשיווק בעמ</ManufactureName>
      <ManufactureCountry />
      <ManufactureItemDescription />
      <UnitQty>יח`</UnitQty>
      <Quantity>500</Quantity>
      <UnitMeasure>מ"ל</UnitMeasure>
      <BisWeighted>0</BisWeighted>
      <QtyInPackage>1</QtyInPackage>
      <ItemPrice>17.90</ItemPrice>
      <UnitOfMeasurePrice>3.58</UnitOfMeasurePrice>
      <AllowDiscount>0</AllowDiscount>
      <itemStatus>1</itemStatus>
      <LastUpdateDate />
      <LastUpdateTime />
    </Product>
    <Product>
      <PriceUpdateDate>2018/12/09 09:09</PriceUpdateDate>
      <ItemCode>7290002782131</ItemCode>
      <ItemType>1</ItemType>
      <ItemName>דאודורנט מס 1</ItemName>
      <ManufactureName>פנינה רוזנבלום בעמ</ManufactureName>
      <ManufactureCountry />
      <ManufactureItemDescription />
      <UnitQty>יח`</UnitQty>
      <Quantity>150</Quantity>
      <UnitMeasure>מ"ל</UnitMeasure>
      <BisWeighted>0</BisWeighted>
      <QtyInPackage>1</QtyInPackage>
      <ItemPrice>21.90</ItemPrice>
      <UnitOfMeasurePrice>14.60</UnitOfMeasurePrice>
      <AllowDiscount>0</AllowDiscount>
      <itemStatus>1</itemStatus>
      <LastUpdateDate />
      <LastUpdateTime />
    </Product>
    <Product>
      <PriceUpdateDate>2015/12/01 18:43</PriceUpdateDate>
      <ItemCode>7290002782759</ItemCode>
      <ItemType>1</ItemType>
      <ItemName>קרם גוף מספר 2 פנינה רוזנבלום (340 מל)</ItemName>
      <ManufactureName>פנינה רוזנבלום בעמ</ManufactureName>
      <ManufactureCountry />
      <ManufactureItemDescription />
      <UnitQty>יח`</UnitQty>
      <Quantity>400</Quantity>
      <UnitMeasure>מ"ל</UnitMeasure>
      <BisWeighted>0</BisWeighted>
      <QtyInPackage>1</QtyInPackage>
      <ItemPrice>22.90</ItemPrice>
      <UnitOfMeasurePrice>5.73</UnitOfMeasurePrice>
      <AllowDiscount>0</AllowDiscount>
      <itemStatus>1</itemStatus>
      <LastUpdateDate />
      <LastUpdateTime />
    </Product>
    <Product>
      <PriceUpdateDate>2016/05/03 15:25</PriceUpdateDate>
      <ItemCode>7290002805151</ItemCode>
      <ItemType>1</ItemType>
      <ItemName>סיף פנטסטיק שמפו רצפות 4 ליטר</ItemName>
      <ManufactureName>יוניליוור ישראל שיווק בעמ</ManufactureName>
      <ManufactureCountry />
      <ManufactureItemDescription />
      <UnitQty>יח`</UnitQty>
      <Quantity>4000</Quantity>
      <UnitMeasure>מ"ל</UnitMeasure>
      <BisWeighted>0</BisWeighted>
      <QtyInPackage>1</QtyInPackage>
      <ItemPrice>19.90</ItemPrice>
      <UnitOfMeasurePrice>0.50</UnitOfMeasurePrice>
      <AllowDiscount>0</AllowDiscount>
      <itemStatus>1</itemStatus>
      <LastUpdateDate />
      <LastUpdateTime />
    </Product>
    <Product>
      <PriceUpdateDate>2020/02/16 09:38</PriceUpdateDate>
      <ItemCode>7290002814016</ItemCode>
      <ItemType>1</ItemType>
      <ItemName>מסיר שומנים קר סנט מוריץ (750 מל)</ItemName>
      <ManufactureName>קומפלקס כימיקלים בעמ</ManufactureName>
      <ManufactureCountry />
      <ManufactureItemDescription />
      <UnitQty>יח`</UnitQty>
      <Quantity>750</Quantity>
      <UnitMeasure>מ"ל</UnitMeasure>
      <BisWeighted>0</BisWeighted>
      <QtyInPackage>1</QtyInPackage>
      <ItemPrice>13.90</ItemPrice>
      <UnitOfMeasurePrice>1.85</UnitOfMeasurePrice>
      <AllowDiscount>1</AllowDiscount>
      <itemStatus>1</itemStatus>
      <LastUpdateDate />
      <LastUpdateTime />
    </Product>
    <Product>
      <PriceUpdateDate>2020/03/09 12:00</PriceUpdateDate>
      <ItemCode>7290002814245</ItemCode>
      <ItemType>1</ItemType>
      <ItemName>מגבוני אקונומיקה בדלי 400 יח סנט מוריץ</ItemName>
      <ManufactureName>קומפלקס כימיקלים בעמ</ManufactureName>
      <ManufactureCountry />
      <ManufactureItemDescription />
      <UnitQty>יח`</UnitQty>
      <Quantity>1</Quantity>
      <UnitMeasure />
      <BisWeighted>0</BisWeighted>
      <QtyInPackage>1</QtyInPackage>
      <ItemPrice>24.90</ItemPrice>
      <UnitOfMeasurePrice>24.90</UnitOfMeasurePrice>
      <AllowDiscount>0</AllowDiscount>
      <itemStatus>1</itemStatus>
      <LastUpdateDate />
      <LastUpdateTime />
    </Product>
    <Product>
      <PriceUpdateDate>2020/02/16 09:38</PriceUpdateDate>
      <ItemCode>7290002814412</ItemCode>
      <ItemType>1</ItemType>
      <ItemName>שמפו כלים 1.5 ליטר ירוק סנט מוריץ</ItemName>
      <ManufactureName>קומפלקס כימיקלים בעמ</ManufactureName>
      <ManufactureCountry />
      <ManufactureItemDescription />
      <UnitQty>יח`</UnitQty>
      <Quantity>1500</Quantity>
      <UnitMeasure>מ"ל</UnitMeasure>
      <BisWeighted>0</BisWeighted>
      <QtyInPackage>1</QtyInPackage>
      <ItemPrice>8.90</ItemPrice>
      <UnitOfMeasurePrice>0.59</UnitOfMeasurePrice>
      <AllowDiscount>1</AllowDiscount>
      <itemStatus>1</itemStatus>
      <LastUpdateDate />
      <LastUpdateTime />
    </Product>
    <Product>
      <PriceUpdateDate>2020/02/16 09:38</PriceUpdateDate>
      <ItemCode>7290002814436</ItemCode>
      <ItemType>1</ItemType>
      <ItemName>שמפו כלים 1.5 ליטר צהוב סנט מוריץ</ItemName>
      <ManufactureName>קומפלקס כימיקלים בעמ</ManufactureName>
      <ManufactureCountry />
      <ManufactureItemDescription />
      <UnitQty>יח`</UnitQty>
      <Quantity>1500</Quantity>
      <UnitMeasure>מ"ל</UnitMeasure>
      <BisWeighted>0</BisWeighted>
      <QtyInPackage>1</QtyInPackage>
      <ItemPrice>8.90</ItemPrice>
      <UnitOfMeasurePrice>0.59</UnitOfMeasurePrice>
      <AllowDiscount>1</AllowDiscount>
      <itemStatus>1</itemStatus>
      <LastUpdateDate />
      <LastUpdateTime />
    </Product>
    <Product>
      <PriceUpdateDate>2020/02/16 09:38</PriceUpdateDate>
      <ItemCode>7290002814528</ItemCode>
      <ItemType>1</ItemType>
      <ItemName>ניקוי אסלות NO.1</ItemName>
      <ManufactureName>קומפלקס כימיקלים בעמ</ManufactureName>
      <ManufactureCountry />
      <ManufactureItemDescription />
      <UnitQty>יח`</UnitQty>
      <Quantity>1</Quantity>
      <UnitMeasure>1 ליטר</UnitMeasure>
      <BisWeighted>0</BisWeighted>
      <QtyInPackage>1</QtyInPackage>
      <ItemPrice>5.90</ItemPrice>
      <UnitOfMeasurePrice>5.90</UnitOfMeasurePrice>
      <AllowDiscount>1</AllowDiscount>
      <itemStatus>1</itemStatus>
      <LastUpdateDate />
      <LastUpdateTime />
    </Product>
    <Product>
      <PriceUpdateDate>2020/02/16 09:38</PriceUpdateDate>
      <ItemCode>7290002814603</ItemCode>
      <ItemType>1</ItemType>
      <ItemName>מסיר שומנים קר מבושם 750 מל</ItemName>
      <ManufactureName>קומפלקס כימיקלים בעמ</ManufactureName>
      <ManufactureCountry />
      <ManufactureItemDescription />
      <UnitQty>יח`</UnitQty>
      <Quantity>750</Quantity>
      <UnitMeasure>מ"ל</UnitMeasure>
      <BisWeighted>0</BisWeighted>
      <QtyInPackage>1</QtyInPackage>
      <ItemPrice>12.90</ItemPrice>
      <UnitOfMeasurePrice>1.72</UnitOfMeasurePrice>
      <AllowDiscount>1</AllowDiscount>
      <itemStatus>1</itemStatus>
      <LastUpdateDate />
      <LastUpdateTime />
    </Product>
    <Product>
      <PriceUpdateDate>2020/02/16 09:38</PriceUpdateDate>
      <ItemCode>7290002814931</ItemCode>
      <ItemType>1</ItemType>
      <ItemName>נוזל לניקוי רצפות סנט מוריץ (4 ליטר)</ItemName>
      <ManufactureName>קומפלקס כימיקלים בעמ</ManufactureName>
      <ManufactureCountry />
      <ManufactureItemDescription />
      <UnitQty>יח`</UnitQty>
      <Quantity>4</Quantity>
      <UnitMeasure>1 ליטר</UnitMeasure>
      <BisWeighted>0</BisWeighted>
      <QtyInPackage>1</QtyInPackage>
      <ItemPrice>11.90</ItemPrice>
      <UnitOfMeasurePrice>2.98</UnitOfMeasurePrice>
      <AllowDiscount>1</AllowDiscount>
      <itemStatus>1</itemStatus>
      <LastUpdateDate />
      <LastUpdateTime />
    </Product>
    <Product>
      <PriceUpdateDate>2015/12/01 18:43</PriceUpdateDate>
      <ItemCode>7290002814955</ItemCode>
      <ItemType>1</ItemType>
      <ItemName>נוזל לניקוי כלים סנט מוריץ (4 ליטר)</ItemName>
      <ManufactureName>קומפלקס כימיקלים בעמ</ManufactureName>
      <ManufactureCountry />
      <ManufactureItemDescription />
      <UnitQty>יח`</UnitQty>
      <Quantity>4</Quantity>
      <UnitMeasure>1 ליטר</UnitMeasure>
      <BisWeighted>0</BisWeighted>
      <QtyInPackage>1</QtyInPackage>
      <ItemPrice>22.90</ItemPrice>
      <UnitOfMeasurePrice>5.73</UnitOfMeasurePrice>
      <AllowDiscount>0</AllowDiscount>
      <itemStatus>1</itemStatus>
      <LastUpdateDate />
      <LastUpdateTime />
    </Product>
    <Product>
      <PriceUpdateDate>2019/06/16 08:45</PriceUpdateDate>
      <ItemCode>7290002824183</ItemCode>
      <ItemType>1</ItemType>
      <ItemName>קרם גבינה 5% סקי (500 גרם)</ItemName>
      <ManufactureName>שטראוס גרופ בעמ/מצונן</ManufactureName>
      <ManufactureCountry />
      <ManufactureItemDescription />
      <UnitQty>יח`</UnitQty>
      <Quantity>500</Quantity>
      <UnitMeasure>גרם</UnitMeasure>
      <BisWeighted>0</BisWeighted>
      <QtyInPackage>1</QtyInPackage>
      <ItemPrice>9.50</ItemPrice>
      <UnitOfMeasurePrice>1.90</UnitOfMeasurePrice>
      <AllowDiscount>0</AllowDiscount>
      <itemStatus>1</itemStatus>
      <LastUpdateDate />
      <LastUpdateTime />
    </Product>
    <Product>
      <PriceUpdateDate>2013/12/31 09:51</PriceUpdateDate>
      <ItemCode>7290002824466</ItemCode>
      <ItemType>1</ItemType>
      <ItemName>יוגורט ביו 0% דנונה (200 גרם)</ItemName>
      <ManufactureName>שטראוס גרופ בעמ/מצונן</ManufactureName>
      <ManufactureCountry />
      <ManufactureItemDescription />
      <UnitQty>יח`</UnitQty>
      <Quantity>200</Quantity>
      <UnitMeasure>מ"ל</UnitMeasure>
      <BisWeighted>0</BisWeighted>
      <QtyInPackage>1</QtyInPackage>
      <ItemPrice>3.40</ItemPrice>
      <UnitOfMeasurePrice>1.70</UnitOfMeasurePrice>
      <AllowDiscount>0</AllowDiscount>
      <itemStatus>1</itemStatus>
      <LastUpdateDate />
      <LastUpdateTime />
    </Product>
    <Product>
      <PriceUpdateDate>2019/06/16 08:45</PriceUpdateDate>
      <ItemCode>7290002824640</ItemCode>
      <ItemType>1</ItemType>
      <ItemName>קרם גבינה 5% סקי (250 גרם)</ItemName>
      <ManufactureName>שטראוס גרופ בעמ/מצונן</ManufactureName>
      <ManufactureCountry />
      <ManufactureItemDescription />
      <UnitQty>יח`</UnitQty>
      <Quantity>250</Quantity>
      <UnitMeasure>גרם</UnitMeasure>
      <BisWeighted>0</BisWeighted>
      <QtyInPackage>1</QtyInPackage>
      <ItemPrice>4.75</ItemPrice>
      <UnitOfMeasurePrice>1.90</UnitOfMeasurePrice>
      <AllowDiscount>0</AllowDiscount>
      <itemStatus>1</itemStatus>
      <LastUpdateDate />
      <LastUpdateTime />
    </Product>
    <Product>
      <PriceUpdateDate>2015/12/01 09:30</PriceUpdateDate>
      <ItemCode>7290002825722</ItemCode>
      <ItemType>1</ItemType>
      <ItemName>כרוב אדום במיונז אחלה (500 גרם)</ItemName>
      <ManufactureName>שטראוס גרופ בעמ/מצונן</ManufactureName>
      <ManufactureCountry />
      <ManufactureItemDescription />
      <UnitQty>יח`</UnitQty>
      <Quantity>575</Quantity>
      <UnitMeasure>גרם</UnitMeasure>
      <BisWeighted>0</BisWeighted>
      <QtyInPackage>1</QtyInPackage>
      <ItemPrice>14.90</ItemPrice>
      <UnitOfMeasurePrice>2.59</UnitOfMeasurePrice>
      <AllowDiscount>0</AllowDiscount>
      <itemStatus>1</itemStatus>
      <LastUpdateDate />
      <LastUpdateTime />
    </Product>
    <Product>
      <PriceUpdateDate>2015/01/19 10:52</PriceUpdateDate>
      <ItemCode>7290002830948</ItemCode>
      <ItemType>1</ItemType>
      <ItemName>גבינת מון בלאן עיזים 120 גר`</ItemName>
      <ManufactureName>נטו מלינדה סחר בעמ</ManufactureName>
      <ManufactureCountry />
      <ManufactureItemDescription />
      <UnitQty>יח`</UnitQty>
      <Quantity>120</Quantity>
      <UnitMeasure>גרם</UnitMeasure>
      <BisWeighted>0</BisWeighted>
      <QtyInPackage>1</QtyInPackage>
      <ItemPrice>12.90</ItemPrice>
      <UnitOfMeasurePrice>10.75</UnitOfMeasurePrice>
      <AllowDiscount>1</AllowDiscount>
      <itemStatus>1</itemStatus>
      <LastUpdateDate />
      <LastUpdateTime />
    </Product>
    <Product>
      <PriceUpdateDate>2017/06/04 09:37</PriceUpdateDate>
      <ItemCode>7290002868996</ItemCode>
      <ItemType>1</ItemType>
      <ItemName>קוטג` 5% מועשר 250 גר`</ItemName>
      <ManufactureName>החב` המרכזית - טרה</ManufactureName>
      <ManufactureCountry />
      <ManufactureItemDescription />
      <UnitQty>יח`</UnitQty>
      <Quantity>250</Quantity>
      <UnitMeasure>גרם</UnitMeasure>
      <BisWeighted>0</BisWeighted>
      <QtyInPackage>1</QtyInPackage>
      <ItemPrice>5.30</ItemPrice>
      <UnitOfMeasurePrice>2.12</UnitOfMeasurePrice>
      <AllowDiscount>0</AllowDiscount>
      <itemStatus>1</itemStatus>
      <LastUpdateDate />
      <LastUpdateTime />
    </Product>
    <Product>
      <PriceUpdateDate>2015/10/11 07:38</PriceUpdateDate>
      <ItemCode>7290002871248</ItemCode>
      <ItemType>1</ItemType>
      <ItemName>בירה טובורג רד (500 מל)</ItemName>
      <ManufactureName>החברה המרכזית להפצת משקאות בעמ</ManufactureName>
      <ManufactureCountry />
      <ManufactureItemDescription />
      <UnitQty>יח`</UnitQty>
      <Quantity>500</Quantity>
      <UnitMeasure>מ"ל</UnitMeasure>
      <BisWeighted>0</BisWeighted>
      <QtyInPackage>1</QtyInPackage>
      <ItemPrice>7.50</ItemPrice>
      <UnitOfMeasurePrice>1.26</UnitOfMeasurePrice>
      <AllowDiscount>0</AllowDiscount>
      <itemStatus>1</itemStatus>
      <LastUpdateDate />
      <LastUpdateTime />
    </Product>
    <Product>
      <PriceUpdateDate>2015/10/11 07:38</PriceUpdateDate>
      <ItemCode>7290002871361</ItemCode>
      <ItemType>1</ItemType>
      <ItemName>בירה קרלסברג (500 מל)</ItemName>
      <ManufactureName>החברה המרכזית להפצת משקאות בעמ</ManufactureName>
      <ManufactureCountry />
      <ManufactureItemDescription />
      <UnitQty>יח`</UnitQty>
      <Quantity>500</Quantity>
      <UnitMeasure>מ"ל</UnitMeasure>
      <BisWeighted>0</BisWeighted>
      <QtyInPackage>1</QtyInPackage>
      <ItemPrice>7.50</ItemPrice>
      <UnitOfMeasurePrice>1.26</UnitOfMeasurePrice>
      <AllowDiscount>0</AllowDiscount>
      <itemStatus>1</itemStatus>
      <LastUpdateDate />
      <LastUpdateTime />
    </Product>
    <Product>
      <PriceUpdateDate>2018/11/11 08:17</PriceUpdateDate>
      <ItemCode>7290002871446</ItemCode>
      <ItemType>1</ItemType>
      <ItemName>משקה קל ענבים פריגת (1.5 ליטר)</ItemName>
      <ManufactureName>החברה המרכזית להפצת משקאות בעמ</ManufactureName>
      <ManufactureCountry />
      <ManufactureItemDescription />
      <UnitQty>יח`</UnitQty>
      <Quantity>1500</Quantity>
      <UnitMeasure>מ"ל</UnitMeasure>
      <BisWeighted>0</BisWeighted>
      <QtyInPackage>1</QtyInPackage>
      <ItemPrice>7.20</ItemPrice>
      <UnitOfMeasurePrice>0.48</UnitOfMeasurePrice>
      <AllowDiscount>1</AllowDiscount>
      <itemStatus>1</itemStatus>
      <LastUpdateDate />
      <LastUpdateTime />
    </Product>
    <Product>
      <PriceUpdateDate>2018/11/11 08:17</PriceUpdateDate>
      <ItemCode>7290002871460</ItemCode>
      <ItemType>1</ItemType>
      <ItemName>משקה קל בטעם תפוזים פריגת (1.5 ליטר)</ItemName>
      <ManufactureName>החברה המרכזית להפצת משקאות בעמ</ManufactureName>
      <ManufactureCountry />
      <ManufactureItemDescription />
      <UnitQty>יח`</UnitQty>
      <Quantity>1500</Quantity>
      <UnitMeasure>מ"ל</UnitMeasure>
      <BisWeighted>0</BisWeighted>
      <QtyInPackage>1</QtyInPackage>
      <ItemPrice>7.20</ItemPrice>
      <UnitOfMeasurePrice>0.48</UnitOfMeasurePrice>
      <AllowDiscount>1</AllowDiscount>
      <itemStatus>1</itemStatus>
      <LastUpdateDate />
      <LastUpdateTime />
    </Product>
    <Product>
      <PriceUpdateDate>2018/11/11 08:17</PriceUpdateDate>
      <ItemCode>7290002871477</ItemCode>
      <ItemType>1</ItemType>
      <ItemName>משקה קל אשכוליות פריגת (1.5 ליטר)</ItemName>
      <ManufactureName>החברה המרכזית להפצת משקאות בעמ</ManufactureName>
      <ManufactureCountry />
      <ManufactureItemDescription />
      <UnitQty>יח`</UnitQty>
      <Quantity>1500</Quantity>
      <UnitMeasure>מ"ל</UnitMeasure>
      <BisWeighted>0</BisWeighted>
      <QtyInPackage>1</QtyInPackage>
      <ItemPrice>7.20</ItemPrice>
      <UnitOfMeasurePrice>0.48</UnitOfMeasurePrice>
      <AllowDiscount>1</AllowDiscount>
      <itemStatus>1</itemStatus>
      <LastUpdateDate />
      <LastUpdateTime />
    </Product>
    <Product>
      <PriceUpdateDate>2018/11/11 08:17</PriceUpdateDate>
      <ItemCode>7290002871484</ItemCode>
      <ItemType>1</ItemType>
      <ItemName>משקה קל תפוזים לייט פריגת (1.5 ליטר)</ItemName>
      <ManufactureName>החברה המרכזית להפצת משקאות בעמ</ManufactureName>
      <ManufactureCountry />
      <ManufactureItemDescription />
      <UnitQty>יח`</UnitQty>
      <Quantity>1500</Quantity>
      <UnitMeasure>מ"ל</UnitMeasure>
      <BisWeighted>0</BisWeighted>
      <QtyInPackage>1</QtyInPackage>
      <ItemPrice>7.20</ItemPrice>
      <UnitOfMeasurePrice>0.48</UnitOfMeasurePrice>
      <AllowDiscount>1</AllowDiscount>
      <itemStatus>1</itemStatus>
      <LastUpdateDate />
      <LastUpdateTime />
    </Product>
    <Product>
      <PriceUpdateDate>2018/11/11 08:17</PriceUpdateDate>
      <ItemCode>7290002871491</ItemCode>
      <ItemType>1</ItemType>
      <ItemName>משקה קל דיאט אשכוליות פריגת (1.5 ליטר)</ItemName>
      <ManufactureName>החברה המרכזית להפצת משקאות בעמ</ManufactureName>
      <ManufactureCountry />
      <ManufactureItemDescription />
      <UnitQty>יח`</UnitQty>
      <Quantity>1500</Quantity>
      <UnitMeasure>מ"ל</UnitMeasure>
      <BisWeighted>0</BisWeighted>
      <QtyInPackage>1</QtyInPackage>
      <ItemPrice>7.20</ItemPrice>
      <UnitOfMeasurePrice>0.48</UnitOfMeasurePrice>
      <AllowDiscount>1</AllowDiscount>
      <itemStatus>1</itemStatus>
      <LastUpdateDate />
      <LastUpdateTime />
    </Product>
    <Product>
      <PriceUpdateDate>2020/01/14 08:22</PriceUpdateDate>
      <ItemCode>7290002881209</ItemCode>
      <ItemType>1</ItemType>
      <ItemName>רסק תפוע דיאט 700 גר` תומר</ItemName>
      <ManufactureName>תומר יבוא ושיווק מוצרי מזון (1</ManufactureName>
      <ManufactureCountry />
      <ManufactureItemDescription />
      <UnitQty>יח`</UnitQty>
      <Quantity>700</Quantity>
      <UnitMeasure>גרם</UnitMeasure>
      <BisWeighted>0</BisWeighted>
      <QtyInPackage>1</QtyInPackage>
      <ItemPrice>9.90</ItemPrice>
      <UnitOfMeasurePrice>1.41</UnitOfMeasurePrice>
      <AllowDiscount>0</AllowDiscount>
      <itemStatus>1</itemStatus>
      <LastUpdateDate />
      <LastUpdateTime />
    </Product>
    <Product>
      <PriceUpdateDate>2020/01/14 08:22</PriceUpdateDate>
      <ItemCode>7290002881216</ItemCode>
      <ItemType>1</ItemType>
      <ItemName>רסק תפוע 700 גר` תומר</ItemName>
      <ManufactureName>תומר יבוא ושיווק מוצרי מזון (1</ManufactureName>
      <ManufactureCountry />
      <ManufactureItemDescription />
      <UnitQty>יח`</UnitQty>
      <Quantity>700</Quantity>
      <UnitMeasure>גרם</UnitMeasure>
      <BisWeighted>0</BisWeighted>
      <QtyInPackage>1</QtyInPackage>
      <ItemPrice>9.90</ItemPrice>
      <UnitOfMeasurePrice>1.41</UnitOfMeasurePrice>
      <AllowDiscount>0</AllowDiscount>
      <itemStatus>1</itemStatus>
      <LastUpdateDate />
      <LastUpdateTime />
    </Product>
    <Product>
      <PriceUpdateDate>2020/01/14 08:22</PriceUpdateDate>
      <ItemCode>7290002881308</ItemCode>
      <ItemType>1</ItemType>
      <ItemName>משמש חצאים 820  גר`תומר</ItemName>
      <ManufactureName>תומר יבוא ושיווק מוצרי מזון (1</ManufactureName>
      <ManufactureCountry />
      <ManufactureItemDescription />
      <UnitQty>יח`</UnitQty>
      <Quantity>820</Quantity>
      <UnitMeasure>גרם</UnitMeasure>
      <BisWeighted>0</BisWeighted>
      <QtyInPackage>1</QtyInPackage>
      <ItemPrice>6.90</ItemPrice>
      <UnitOfMeasurePrice>0.84</UnitOfMeasurePrice>
      <AllowDiscount>0</AllowDiscount>
      <itemStatus>1</itemStatus>
      <LastUpdateDate />
      <LastUpdateTime />
    </Product>
    <Product>
      <PriceUpdateDate>2020/01/14 08:22</PriceUpdateDate>
      <ItemCode>7290002881346</ItemCode>
      <ItemType>1</ItemType>
      <ItemName>אגסים חצאים 820  גר`תומר</ItemName>
      <ManufactureName>תומר יבוא ושיווק מוצרי מזון (1</ManufactureName>
      <ManufactureCountry />
      <ManufactureItemDescription />
      <UnitQty>יח`</UnitQty>
      <Quantity>820</Quantity>
      <UnitMeasure>גרם</UnitMeasure>
      <BisWeighted>0</BisWeighted>
      <QtyInPackage>1</QtyInPackage>
      <ItemPrice>6.90</ItemPrice>
      <UnitOfMeasurePrice>0.84</UnitOfMeasurePrice>
      <AllowDiscount>0</AllowDiscount>
      <itemStatus>1</itemStatus>
      <LastUpdateDate />
      <LastUpdateTime />
    </Product>
    <Product>
      <PriceUpdateDate>2020/01/14 08:22</PriceUpdateDate>
      <ItemCode>7290002881933</ItemCode>
      <ItemType>1</ItemType>
      <ItemName>סרדין מרוקאי במי מלח</ItemName>
      <ManufactureName>תומר יבוא ושיווק מוצרי מזון (1</ManufactureName>
      <ManufactureCountry />
      <ManufactureItemDescription />
      <UnitQty>יח`</UnitQty>
      <Quantity>125</Quantity>
      <UnitMeasure>גרם</UnitMeasure>
      <BisWeighted>0</BisWeighted>
      <QtyInPackage>1</QtyInPackage>
      <ItemPrice>3.90</ItemPrice>
      <UnitOfMeasurePrice>3.12</UnitOfMeasurePrice>
      <AllowDiscount>0</AllowDiscount>
      <itemStatus>1</itemStatus>
      <LastUpdateDate />
      <LastUpdateTime />
    </Product>
    <Product>
      <PriceUpdateDate>2020/01/14 08:22</PriceUpdateDate>
      <ItemCode>7290002881964</ItemCode>
      <ItemType>1</ItemType>
      <ItemName>סרדין 125  גר`ברוטב עגבניות</ItemName>
      <ManufactureName>תומר יבוא ושיווק מוצרי מזון (1</ManufactureName>
      <ManufactureCountry />
      <ManufactureItemDescription />
      <UnitQty>יח`</UnitQty>
      <Quantity>125</Quantity>
      <UnitMeasure>גרם</UnitMeasure>
      <BisWeighted>0</BisWeighted>
      <QtyInPackage>1</QtyInPackage>
      <ItemPrice>3.90</ItemPrice>
      <UnitOfMeasurePrice>3.12</UnitOfMeasurePrice>
      <AllowDiscount>0</AllowDiscount>
      <itemStatus>1</itemStatus>
      <LastUpdateDate />
      <LastUpdateTime />
    </Product>
    <Product>
      <PriceUpdateDate>2019/03/24 10:34</PriceUpdateDate>
      <ItemCode>7290002900566</ItemCode>
      <ItemType>1</ItemType>
      <ItemName>פסטרמה ברביקיו דל שומן 360 גר` טירת צבי</ItemName>
      <ManufactureName>תנובה קפואים</ManufactureName>
      <ManufactureCountry />
      <ManufactureItemDescription />
      <UnitQty>יח`</UnitQty>
      <Quantity>360</Quantity>
      <UnitMeasure>גרם</UnitMeasure>
      <BisWeighted>0</BisWeighted>
      <QtyInPackage>1</QtyInPackage>
      <ItemPrice>31.90</ItemPrice>
      <UnitOfMeasurePrice>8.86</UnitOfMeasurePrice>
      <AllowDiscount>1</AllowDiscount>
      <itemStatus>1</itemStatus>
      <LastUpdateDate />
      <LastUpdateTime />
    </Product>
    <Product>
      <PriceUpdateDate>2019/08/04 09:27</PriceUpdateDate>
      <ItemCode>7290002904694</ItemCode>
      <ItemType>1</ItemType>
      <ItemName>דאודורנט ספריי לגבר טיטניום (180 מל)</ItemName>
      <ManufactureName>החברה הדרומית לשיווק בעמ</ManufactureName>
      <ManufactureCountry />
      <ManufactureItemDescription />
      <UnitQty>יח`</UnitQty>
      <Quantity>150</Quantity>
      <UnitMeasure>מ"ל</UnitMeasure>
      <BisWeighted>0</BisWeighted>
      <QtyInPackage>1</QtyInPackage>
      <ItemPrice>14.90</ItemPrice>
      <UnitOfMeasurePrice>9.93</UnitOfMeasurePrice>
      <AllowDiscount>0</AllowDiscount>
      <itemStatus>1</itemStatus>
      <LastUpdateDate />
      <LastUpdateTime />
    </Product>
    <Product>
      <PriceUpdateDate>2018/03/21 08:30</PriceUpdateDate>
      <ItemCode>7290002909880</ItemCode>
      <ItemType>1</ItemType>
      <ItemName>פולי סויה אדממה בלדי (400 גרם)</ItemName>
      <ManufactureName>בלדי בעמ</ManufactureName>
      <ManufactureCountry />
      <ManufactureItemDescription />
      <UnitQty>יח`</UnitQty>
      <Quantity>400</Quantity>
      <UnitMeasure>גרם</UnitMeasure>
      <BisWeighted>0</BisWeighted>
      <QtyInPackage>1</QtyInPackage>
      <ItemPrice>5</ItemPrice>
      <UnitOfMeasurePrice>1.25</UnitOfMeasurePrice>
      <AllowDiscount>0</AllowDiscount>
      <itemStatus>1</itemStatus>
      <LastUpdateDate />
      <LastUpdateTime />
    </Product>
    <Product>
      <PriceUpdateDate>2015/12/01 18:43</PriceUpdateDate>
      <ItemCode>7290002925729</ItemCode>
      <ItemType>1</ItemType>
      <ItemName>גם וגם משחת שיני</ItemName>
      <ManufactureName>החברה הדרומית לשיווק בעמ</ManufactureName>
      <ManufactureCountry />
      <ManufactureItemDescription />
      <UnitQty>יח`</UnitQty>
      <Quantity>120</Quantity>
      <UnitMeasure>גרם</UnitMeasure>
      <BisWeighted>0</BisWeighted>
      <QtyInPackage>1</QtyInPackage>
      <ItemPrice>18.90</ItemPrice>
      <UnitOfMeasurePrice>15.75</UnitOfMeasurePrice>
      <AllowDiscount>0</AllowDiscount>
      <itemStatus>1</itemStatus>
      <LastUpdateDate />
      <LastUpdateTime />
    </Product>
    <Product>
      <PriceUpdateDate>2015/05/27 14:07</PriceUpdateDate>
      <ItemCode>7290002929642</ItemCode>
      <ItemType>1</ItemType>
      <ItemName>נתחי טונה בהירה בשמן ויליגר (140x4 גרם)</ItemName>
      <ManufactureName>נטו מלינדה סחר בעמ</ManufactureName>
      <ManufactureCountry />
      <ManufactureItemDescription />
      <UnitQty>יח`</UnitQty>
      <Quantity>460</Quantity>
      <UnitMeasure>גרם</UnitMeasure>
      <BisWeighted>0</BisWeighted>
      <QtyInPackage>1</QtyInPackage>
      <ItemPrice>19.90</ItemPrice>
      <UnitOfMeasurePrice>4.33</UnitOfMeasurePrice>
      <AllowDiscount>1</AllowDiscount>
      <itemStatus>1</itemStatus>
      <LastUpdateDate />
      <LastUpdateTime />
    </Product>
    <Product>
      <PriceUpdateDate>2018/08/12 10:21</PriceUpdateDate>
      <ItemCode>7290002954187</ItemCode>
      <ItemType>1</ItemType>
      <ItemName>אורז יסמין שוקחה (5 קג)</ItemName>
      <ManufactureName>בני ג`ורג` שוקחה (חיפה) בעמ</ManufactureName>
      <ManufactureCountry />
      <ManufactureItemDescription />
      <UnitQty>יח`</UnitQty>
      <Quantity>5</Quantity>
      <UnitMeasure>ק"ג</UnitMeasure>
      <BisWeighted>0</BisWeighted>
      <QtyInPackage>1</QtyInPackage>
      <ItemPrice>42.90</ItemPrice>
      <UnitOfMeasurePrice>8.58</UnitOfMeasurePrice>
      <AllowDiscount>0</AllowDiscount>
      <itemStatus>1</itemStatus>
      <LastUpdateDate />
      <LastUpdateTime />
    </Product>
    <Product>
      <PriceUpdateDate>2018/08/12 10:21</PriceUpdateDate>
      <ItemCode>7290002954200</ItemCode>
      <ItemType>1</ItemType>
      <ItemName>אורז יסמין אדום 1 קג</ItemName>
      <ManufactureName>בני ג`ורג` שוקחה (חיפה) בעמ</ManufactureName>
      <ManufactureCountry />
      <ManufactureItemDescription />
      <UnitQty>יח`</UnitQty>
      <Quantity>1000</Quantity>
      <UnitMeasure>גרם</UnitMeasure>
      <BisWeighted>0</BisWeighted>
      <QtyInPackage>1</QtyInPackage>
      <ItemPrice>10.90</ItemPrice>
      <UnitOfMeasurePrice>1.09</UnitOfMeasurePrice>
      <AllowDiscount>0</AllowDiscount>
      <itemStatus>1</itemStatus>
      <LastUpdateDate />
      <LastUpdateTime />
    </Product>
    <Product>
      <PriceUpdateDate>2018/08/12 10:16</PriceUpdateDate>
      <ItemCode>7290002954460</ItemCode>
      <ItemType>1</ItemType>
      <ItemName>אורז אוסטרלי 1 קג עגול</ItemName>
      <ManufactureName>בני ג`ורג` שוקחה (חיפה) בעמ</ManufactureName>
      <ManufactureCountry />
      <ManufactureItemDescription />
      <UnitQty>יח`</UnitQty>
      <Quantity>1000</Quantity>
      <UnitMeasure>גרם</UnitMeasure>
      <BisWeighted>0</BisWeighted>
      <QtyInPackage>1</QtyInPackage>
      <ItemPrice>10.90</ItemPrice>
      <UnitOfMeasurePrice>1.09</UnitOfMeasurePrice>
      <AllowDiscount>0</AllowDiscount>
      <itemStatus>1</itemStatus>
      <LastUpdateDate />
      <LastUpdateTime />
    </Product>
    <Product>
      <PriceUpdateDate>2019/12/10 11:49</PriceUpdateDate>
      <ItemCode>7290002954736</ItemCode>
      <ItemType>1</ItemType>
      <ItemName>עדשים שחורות 1 קג שוקחה</ItemName>
      <ManufactureName>בני ג`ורג` שוקחה (חיפה) בעמ</ManufactureName>
      <ManufactureCountry />
      <ManufactureItemDescription />
      <UnitQty>יח`</UnitQty>
      <Quantity>1000</Quantity>
      <UnitMeasure>גרם</UnitMeasure>
      <BisWeighted>0</BisWeighted>
      <QtyInPackage>1</QtyInPackage>
      <ItemPrice>13.90</ItemPrice>
      <UnitOfMeasurePrice>1.39</UnitOfMeasurePrice>
      <AllowDiscount>0</AllowDiscount>
      <itemStatus>1</itemStatus>
      <LastUpdateDate />
      <LastUpdateTime />
    </Product>
    <Product>
      <PriceUpdateDate>2012/01/29 11:51</PriceUpdateDate>
      <ItemCode>7290002987963</ItemCode>
      <ItemType>1</ItemType>
      <ItemName>חומוס אחלה 1 קג</ItemName>
      <ManufactureName>שטראוס גרופ בעמ/מצונן</ManufactureName>
      <ManufactureCountry />
      <ManufactureItemDescription />
      <UnitQty>יח`</UnitQty>
      <Quantity>10000</Quantity>
      <UnitMeasure>גרם</UnitMeasure>
      <BisWeighted>0</BisWeighted>
      <QtyInPackage>1</QtyInPackage>
      <ItemPrice>13.90</ItemPrice>
      <UnitOfMeasurePrice>0.14</UnitOfMeasurePrice>
      <AllowDiscount>0</AllowDiscount>
      <itemStatus>1</itemStatus>
      <LastUpdateDate />
      <LastUpdateTime />
    </Product>
    <Product>
      <PriceUpdateDate>2018/11/11 08:17</PriceUpdateDate>
      <ItemCode>7290003009183</ItemCode>
      <ItemType>1</ItemType>
      <ItemName>סירופ 750 דיאט פריגת</ItemName>
      <ManufactureName>החברה המרכזית להפצת משקאות בעמ</ManufactureName>
      <ManufactureCountry />
      <ManufactureItemDescription />
      <UnitQty>יח`</UnitQty>
      <Quantity>750</Quantity>
      <UnitMeasure>מ"ל</UnitMeasure>
      <BisWeighted>0</BisWeighted>
      <QtyInPackage>1</QtyInPackage>
      <ItemPrice>17.90</ItemPrice>
      <UnitOfMeasurePrice>2.39</UnitOfMeasurePrice>
      <AllowDiscount>0</AllowDiscount>
      <itemStatus>1</itemStatus>
      <LastUpdateDate />
      <LastUpdateTime />
    </Product>
    <Product>
      <PriceUpdateDate>2015/12/01 09:42</PriceUpdateDate>
      <ItemCode>7290003009312</ItemCode>
      <ItemType>1</ItemType>
      <ItemName>בוטן קלוי קליית גת (200 גרם)</ItemName>
      <ManufactureName>ליימן שליסל בעמ</ManufactureName>
      <ManufactureCountry />
      <ManufactureItemDescription />
      <UnitQty>יח`</UnitQty>
      <Quantity>200</Quantity>
      <UnitMeasure>גרם</UnitMeasure>
      <BisWeighted>0</BisWeighted>
      <QtyInPackage>1</QtyInPackage>
      <ItemPrice>8.90</ItemPrice>
      <UnitOfMeasurePrice>4.45</UnitOfMeasurePrice>
      <AllowDiscount>0</AllowDiscount>
      <itemStatus>1</itemStatus>
      <LastUpdateDate />
      <LastUpdateTime />
    </Product>
    <Product>
      <PriceUpdateDate>2014/12/07 10:29</PriceUpdateDate>
      <ItemCode>7290003009329</ItemCode>
      <ItemType>1</ItemType>
      <ItemName>בוטנים אמריקאיים קליית גת (200 גרם)</ItemName>
      <ManufactureName>ליימן שליסל בעמ</ManufactureName>
      <ManufactureCountry />
      <ManufactureItemDescription />
      <UnitQty>יח`</UnitQty>
      <Quantity>200</Quantity>
      <UnitMeasure>גרם</UnitMeasure>
      <BisWeighted>0</BisWeighted>
      <QtyInPackage>1</QtyInPackage>
      <ItemPrice>6.90</ItemPrice>
      <UnitOfMeasurePrice>3.45</UnitOfMeasurePrice>
      <AllowDiscount>1</AllowDiscount>
      <itemStatus>1</itemStatus>
      <LastUpdateDate />
      <LastUpdateTime />
    </Product>
    <Product>
      <PriceUpdateDate>2014/12/07 10:29</PriceUpdateDate>
      <ItemCode>7290003009336</ItemCode>
      <ItemType>1</ItemType>
      <ItemName>קבוקים קליית גת (200 גרם)</ItemName>
      <ManufactureName>ליימן שליסל בעמ</ManufactureName>
      <ManufactureCountry />
      <ManufactureItemDescription />
      <UnitQty>יח`</UnitQty>
      <Quantity>200</Quantity>
      <UnitMeasure>גרם</UnitMeasure>
      <BisWeighted>0</BisWeighted>
      <QtyInPackage>1</QtyInPackage>
      <ItemPrice>6.90</ItemPrice>
      <UnitOfMeasurePrice>3.45</UnitOfMeasurePrice>
      <AllowDiscount>1</AllowDiscount>
      <itemStatus>1</itemStatus>
      <LastUpdateDate />
      <LastUpdateTime />
    </Product>
    <Product>
      <PriceUpdateDate>2018/11/11 08:17</PriceUpdateDate>
      <ItemCode>7290003009572</ItemCode>
      <ItemType>1</ItemType>
      <ItemName>סירופ 1.5 פריגת</ItemName>
      <ManufactureName>החברה המרכזית להפצת משקאות בעמ</ManufactureName>
      <ManufactureCountry />
      <ManufactureItemDescription />
      <UnitQty>יח`</UnitQty>
      <Quantity>1.50</Quantity>
      <UnitMeasure>1 ליטר</UnitMeasure>
      <BisWeighted>0</BisWeighted>
      <QtyInPackage>1</QtyInPackage>
      <ItemPrice>22.90</ItemPrice>
      <UnitOfMeasurePrice>15.27</UnitOfMeasurePrice>
      <AllowDiscount>0</AllowDiscount>
      <itemStatus>1</itemStatus>
      <LastUpdateDate />
      <LastUpdateTime />
    </Product>
    <Product>
      <PriceUpdateDate>2018/11/11 08:17</PriceUpdateDate>
      <ItemCode>7290003009619</ItemCode>
      <ItemType>1</ItemType>
      <ItemName>סירופ ענבים פריגת (1.5 ליטר)</ItemName>
      <ManufactureName>החברה המרכזית להפצת משקאות בעמ</ManufactureName>
      <ManufactureCountry />
      <ManufactureItemDescription />
      <UnitQty>יח`</UnitQty>
      <Quantity>1.50</Quantity>
      <UnitMeasure>1 ליטר</UnitMeasure>
      <BisWeighted>0</BisWeighted>
      <QtyInPackage>1</QtyInPackage>
      <ItemPrice>22.90</ItemPrice>
      <UnitOfMeasurePrice>15.27</UnitOfMeasurePrice>
      <AllowDiscount>0</AllowDiscount>
      <itemStatus>1</itemStatus>
      <LastUpdateDate />
      <LastUpdateTime />
    </Product>
    <Product>
      <PriceUpdateDate>2018/11/11 08:17</PriceUpdateDate>
      <ItemCode>7290003009626</ItemCode>
      <ItemType>1</ItemType>
      <ItemName>סירופ 1.5 פריגת</ItemName>
      <ManufactureName>החברה המרכזית להפצת משקאות בעמ</ManufactureName>
      <ManufactureCountry />
      <ManufactureItemDescription />
      <UnitQty>יח`</UnitQty>
      <Quantity>1.50</Quantity>
      <UnitMeasure>1 ליטר</UnitMeasure>
      <BisWeighted>0</BisWeighted>
      <QtyInPackage>1</QtyInPackage>
      <ItemPrice>22.90</ItemPrice>
      <UnitOfMeasurePrice>15.27</UnitOfMeasurePrice>
      <AllowDiscount>0</AllowDiscount>
      <itemStatus>1</itemStatus>
      <LastUpdateDate />
      <LastUpdateTime />
    </Product>
    <Product>
      <PriceUpdateDate>2015/01/29 09:07</PriceUpdateDate>
      <ItemCode>7290003009640</ItemCode>
      <ItemType>1</ItemType>
      <ItemName>מיץ סחוט תפוזים טבעי פריגת (1 ליטר)</ItemName>
      <ManufactureName>החב` המרכזית - טרה</ManufactureName>
      <ManufactureCountry />
      <ManufactureItemDescription />
      <UnitQty>יח`</UnitQty>
      <Quantity>1000</Quantity>
      <UnitMeasure>מ"ל</UnitMeasure>
      <BisWeighted>0</BisWeighted>
      <QtyInPackage>1</QtyInPackage>
      <ItemPrice>16</ItemPrice>
      <UnitOfMeasurePrice>1.57</UnitOfMeasurePrice>
      <AllowDiscount>0</AllowDiscount>
      <itemStatus>1</itemStatus>
      <LastUpdateDate />
      <LastUpdateTime />
    </Product>
    <Product>
      <PriceUpdateDate>2019/04/22 14:15</PriceUpdateDate>
      <ItemCode>7290003015627</ItemCode>
      <ItemType>1</ItemType>
      <ItemName>ריצפז פרש 2 ליטר אפרסק</ItemName>
      <ManufactureName>החברה הדרומית לשיווק בעמ</ManufactureName>
      <ManufactureCountry />
      <ManufactureItemDescription />
      <UnitQty>יח`</UnitQty>
      <Quantity>2</Quantity>
      <UnitMeasure>1 ליטר</UnitMeasure>
      <BisWeighted>0</BisWeighted>
      <QtyInPackage>1</QtyInPackage>
      <ItemPrice>21.90</ItemPrice>
      <UnitOfMeasurePrice>10.95</UnitOfMeasurePrice>
      <AllowDiscount>1</AllowDiscount>
      <itemStatus>1</itemStatus>
      <LastUpdateDate />
      <LastUpdateTime />
    </Product>
    <Product>
      <PriceUpdateDate>2019/04/22 14:15</PriceUpdateDate>
      <ItemCode>7290003015634</ItemCode>
      <ItemType>1</ItemType>
      <ItemName>ריצפז פרש 2 ליטר פסיפלורה</ItemName>
      <ManufactureName>החברה הדרומית לשיווק בעמ</ManufactureName>
      <ManufactureCountry />
      <ManufactureItemDescription />
      <UnitQty>יח`</UnitQty>
      <Quantity>2</Quantity>
      <UnitMeasure>1 ליטר</UnitMeasure>
      <BisWeighted>0</BisWeighted>
      <QtyInPackage>1</QtyInPackage>
      <ItemPrice>21.90</ItemPrice>
      <UnitOfMeasurePrice>10.95</UnitOfMeasurePrice>
      <AllowDiscount>1</AllowDiscount>
      <itemStatus>1</itemStatus>
      <LastUpdateDate />
      <LastUpdateTime />
    </Product>
    <Product>
      <PriceUpdateDate>2019/04/22 14:15</PriceUpdateDate>
      <ItemCode>7290003015641</ItemCode>
      <ItemType>1</ItemType>
      <ItemName>ריצפז פרש 2 ליטר יסמין</ItemName>
      <ManufactureName>החברה הדרומית לשיווק בעמ</ManufactureName>
      <ManufactureCountry />
      <ManufactureItemDescription />
      <UnitQty>יח`</UnitQty>
      <Quantity>2</Quantity>
      <UnitMeasure>1 ליטר</UnitMeasure>
      <BisWeighted>0</BisWeighted>
      <QtyInPackage>1</QtyInPackage>
      <ItemPrice>21.90</ItemPrice>
      <UnitOfMeasurePrice>10.95</UnitOfMeasurePrice>
      <AllowDiscount>1</AllowDiscount>
      <itemStatus>1</itemStatus>
      <LastUpdateDate />
      <LastUpdateTime />
    </Product>
    <Product>
      <PriceUpdateDate>2015/07/09 15:16</PriceUpdateDate>
      <ItemCode>7290003023165</ItemCode>
      <ItemType>1</ItemType>
      <ItemName>שוקו 2% יטבתה (2 ליטר)</ItemName>
      <ManufactureName>שטראוס גרופ בעמ/מצונן</ManufactureName>
      <ManufactureCountry />
      <ManufactureItemDescription />
      <UnitQty>יח`</UnitQty>
      <Quantity>2</Quantity>
      <UnitMeasure>1 ליטר</UnitMeasure>
      <BisWeighted>0</BisWeighted>
      <QtyInPackage>1</QtyInPackage>
      <ItemPrice>20</ItemPrice>
      <UnitOfMeasurePrice>10</UnitOfMeasurePrice>
      <AllowDiscount>1</AllowDiscount>
      <itemStatus>1</itemStatus>
      <LastUpdateDate />
      <LastUpdateTime />
    </Product>
    <Product>
      <PriceUpdateDate>2015/05/27 17:13</PriceUpdateDate>
      <ItemCode>7290003026227</ItemCode>
      <ItemType>1</ItemType>
      <ItemName>קמיל בלו סנסטיב אל דמע</ItemName>
      <ManufactureName>פישר תעשיות פרמצבטיות בעמ</ManufactureName>
      <ManufactureCountry />
      <ManufactureItemDescription />
      <UnitQty>יח`</UnitQty>
      <Quantity>1</Quantity>
      <UnitMeasure>1 ליטר</UnitMeasure>
      <BisWeighted>0</BisWeighted>
      <QtyInPackage>1</QtyInPackage>
      <ItemPrice>29.90</ItemPrice>
      <UnitOfMeasurePrice>29.90</UnitOfMeasurePrice>
      <AllowDiscount>1</AllowDiscount>
      <itemStatus>1</itemStatus>
      <LastUpdateDate />
      <LastUpdateTime />
    </Product>
    <Product>
      <PriceUpdateDate>2015/07/09 15:16</PriceUpdateDate>
      <ItemCode>7290003029181</ItemCode>
      <ItemType>1</ItemType>
      <ItemName>שוקו 2% בבקבוק יטבתה (1 ליטר)</ItemName>
      <ManufactureName>שטראוס גרופ בעמ/מצונן</ManufactureName>
      <ManufactureCountry />
      <ManufactureItemDescription />
      <UnitQty>יח`</UnitQty>
      <Quantity>1</Quantity>
      <UnitMeasure>1 ליטר</UnitMeasure>
      <BisWeighted>0</BisWeighted>
      <QtyInPackage>1</QtyInPackage>
      <ItemPrice>11.60</ItemPrice>
      <UnitOfMeasurePrice>11.60</UnitOfMeasurePrice>
      <AllowDiscount>0</AllowDiscount>
      <itemStatus>1</itemStatus>
      <LastUpdateDate />
      <LastUpdateTime />
    </Product>
    <Product>
      <PriceUpdateDate>2015/07/09 15:16</PriceUpdateDate>
      <ItemCode>7290003029372</ItemCode>
      <ItemType>1</ItemType>
      <ItemName>משקה חלב בטעם בננה 2% יטבתה (1 ליטר</ItemName>
      <ManufactureName>שטראוס גרופ בעמ/מצונן</ManufactureName>
      <ManufactureCountry />
      <ManufactureItemDescription />
      <UnitQty>יח`</UnitQty>
      <Quantity>1</Quantity>
      <UnitMeasure>1 ליטר</UnitMeasure>
      <BisWeighted>0</BisWeighted>
      <QtyInPackage>1</QtyInPackage>
      <ItemPrice>11.60</ItemPrice>
      <UnitOfMeasurePrice>11.60</UnitOfMeasurePrice>
      <AllowDiscount>0</AllowDiscount>
      <itemStatus>1</itemStatus>
      <LastUpdateDate />
      <LastUpdateTime />
    </Product>
    <Product>
      <PriceUpdateDate>2013/12/31 09:51</PriceUpdateDate>
      <ItemCode>7290003029389</ItemCode>
      <ItemType>1</ItemType>
      <ItemName>שוקו בננה בקבוק</ItemName>
      <ManufactureName>שטראוס גרופ בעמ/מצונן</ManufactureName>
      <ManufactureCountry />
      <ManufactureItemDescription />
      <UnitQty>יח`</UnitQty>
      <Quantity>250</Quantity>
      <UnitMeasure>מ"ל</UnitMeasure>
      <BisWeighted>0</BisWeighted>
      <QtyInPackage>1</QtyInPackage>
      <ItemPrice>5.30</ItemPrice>
      <UnitOfMeasurePrice>2.12</UnitOfMeasurePrice>
      <AllowDiscount>0</AllowDiscount>
      <itemStatus>1</itemStatus>
      <LastUpdateDate />
      <LastUpdateTime />
    </Product>
    <Product>
      <PriceUpdateDate>2013/12/31 09:51</PriceUpdateDate>
      <ItemCode>7290003029433</ItemCode>
      <ItemType>1</ItemType>
      <ItemName>שוקו 2% עם פקק ספורט יטבתה (250 מל)</ItemName>
      <ManufactureName>שטראוס גרופ בעמ/מצונן</ManufactureName>
      <ManufactureCountry />
      <ManufactureItemDescription />
      <UnitQty>יח`</UnitQty>
      <Quantity>250</Quantity>
      <UnitMeasure>מ"ל</UnitMeasure>
      <BisWeighted>0</BisWeighted>
      <QtyInPackage>1</QtyInPackage>
      <ItemPrice>5.30</ItemPrice>
      <UnitOfMeasurePrice>2.12</UnitOfMeasurePrice>
      <AllowDiscount>0</AllowDiscount>
      <itemStatus>1</itemStatus>
      <LastUpdateDate />
      <LastUpdateTime />
    </Product>
    <Product>
      <PriceUpdateDate>2015/07/09 15:16</PriceUpdateDate>
      <ItemCode>7290003029532</ItemCode>
      <ItemType>1</ItemType>
      <ItemName>משקה מוקה 2% יטבתה (1 ליטר) פיקו</ItemName>
      <ManufactureName>שטראוס גרופ בעמ/מצונן</ManufactureName>
      <ManufactureCountry />
      <ManufactureItemDescription />
      <UnitQty>יח`</UnitQty>
      <Quantity>1</Quantity>
      <UnitMeasure>1 ליטר</UnitMeasure>
      <BisWeighted>0</BisWeighted>
      <QtyInPackage>1</QtyInPackage>
      <ItemPrice>11.60</ItemPrice>
      <UnitOfMeasurePrice>11.60</UnitOfMeasurePrice>
      <AllowDiscount>0</AllowDiscount>
      <itemStatus>1</itemStatus>
      <LastUpdateDate />
      <LastUpdateTime />
    </Product>
    <Product>
      <PriceUpdateDate>2013/12/31 09:51</PriceUpdateDate>
      <ItemCode>7290003029617</ItemCode>
      <ItemType>1</ItemType>
      <ItemName>שמנת חמוצה 15% יטבתה (100 מל)</ItemName>
      <ManufactureName>שטראוס גרופ בעמ/מצונן</ManufactureName>
      <ManufactureCountry />
      <ManufactureItemDescription />
      <UnitQty>יח`</UnitQty>
      <Quantity>125</Quantity>
      <UnitMeasure>מ"ל</UnitMeasure>
      <BisWeighted>0</BisWeighted>
      <QtyInPackage>1</QtyInPackage>
      <ItemPrice>1.90</ItemPrice>
      <UnitOfMeasurePrice>1.52</UnitOfMeasurePrice>
      <AllowDiscount>0</AllowDiscount>
      <itemStatus>1</itemStatus>
      <LastUpdateDate />
      <LastUpdateTime />
    </Product>
    <Product>
      <PriceUpdateDate>2014/07/16 17:17</PriceUpdateDate>
      <ItemCode>7290003029792</ItemCode>
      <ItemType>1</ItemType>
      <ItemName>שוקו 2% יטבתה (225x8 מל)</ItemName>
      <ManufactureName>שטראוס גרופ בעמ/מצונן</ManufactureName>
      <ManufactureCountry />
      <ManufactureItemDescription />
      <UnitQty>יח`</UnitQty>
      <Quantity>1.80</Quantity>
      <UnitMeasure>1 ליטר</UnitMeasure>
      <BisWeighted>0</BisWeighted>
      <QtyInPackage>1</QtyInPackage>
      <ItemPrice>19.90</ItemPrice>
      <UnitOfMeasurePrice>11.06</UnitOfMeasurePrice>
      <AllowDiscount>0</AllowDiscount>
      <itemStatus>1</itemStatus>
      <LastUpdateDate />
      <LastUpdateTime />
    </Product>
    <Product>
      <PriceUpdateDate>2015/12/30 08:49</PriceUpdateDate>
      <ItemCode>7290003029815</ItemCode>
      <ItemType>1</ItemType>
      <ItemName>חלב מועשר 3% בכד יטבתה 2 ליטר</ItemName>
      <ManufactureName>שטראוס גרופ בעמ/מצונן</ManufactureName>
      <ManufactureCountry />
      <ManufactureItemDescription />
      <UnitQty>יח`</UnitQty>
      <Quantity>2000</Quantity>
      <UnitMeasure>מ"ל</UnitMeasure>
      <BisWeighted>0</BisWeighted>
      <QtyInPackage>1</QtyInPackage>
      <ItemPrice>14.90</ItemPrice>
      <UnitOfMeasurePrice>0.75</UnitOfMeasurePrice>
      <AllowDiscount>0</AllowDiscount>
      <itemStatus>1</itemStatus>
      <LastUpdateDate />
      <LastUpdateTime />
    </Product>
    <Product>
      <PriceUpdateDate>2015/07/09 15:16</PriceUpdateDate>
      <ItemCode>7290003029907</ItemCode>
      <ItemType>1</ItemType>
      <ItemName>משקה חלב אייס קפה 2% יטבתה (1 ליטר פ</ItemName>
      <ManufactureName>שטראוס גרופ בעמ/מצונן</ManufactureName>
      <ManufactureCountry />
      <ManufactureItemDescription />
      <UnitQty>יח`</UnitQty>
      <Quantity>1</Quantity>
      <UnitMeasure>1 ליטר</UnitMeasure>
      <BisWeighted>0</BisWeighted>
      <QtyInPackage>1</QtyInPackage>
      <ItemPrice>11.60</ItemPrice>
      <UnitOfMeasurePrice>11.60</UnitOfMeasurePrice>
      <AllowDiscount>0</AllowDiscount>
      <itemStatus>1</itemStatus>
      <LastUpdateDate />
      <LastUpdateTime />
    </Product>
    <Product>
      <PriceUpdateDate>2014/12/25 17:09</PriceUpdateDate>
      <ItemCode>7290003031702</ItemCode>
      <ItemType>1</ItemType>
      <ItemName>נקניקיות הודו 1 קג` מחפוד טירת צבי</ItemName>
      <ManufactureName>תנובה קפואים</ManufactureName>
      <ManufactureCountry />
      <ManufactureItemDescription />
      <UnitQty>יח`</UnitQty>
      <Quantity>1</Quantity>
      <UnitMeasure>ק"ג</UnitMeasure>
      <BisWeighted>0</BisWeighted>
      <QtyInPackage>1</QtyInPackage>
      <ItemPrice>32.90</ItemPrice>
      <UnitOfMeasurePrice>32.90</UnitOfMeasurePrice>
      <AllowDiscount>0</AllowDiscount>
      <itemStatus>1</itemStatus>
      <LastUpdateDate />
      <LastUpdateTime />
    </Product>
    <Product>
      <PriceUpdateDate>2015/02/03 08:36</PriceUpdateDate>
      <ItemCode>7290003031733</ItemCode>
      <ItemType>1</ItemType>
      <ItemName>פסטרמה גחלים מחפוד 400 גר` טירת צבי</ItemName>
      <ManufactureName>תנובה קפואים</ManufactureName>
      <ManufactureCountry />
      <ManufactureItemDescription />
      <UnitQty>יח`</UnitQty>
      <Quantity>400</Quantity>
      <UnitMeasure>גרם</UnitMeasure>
      <BisWeighted>0</BisWeighted>
      <QtyInPackage>1</QtyInPackage>
      <ItemPrice>34.90</ItemPrice>
      <UnitOfMeasurePrice>8.73</UnitOfMeasurePrice>
      <AllowDiscount>0</AllowDiscount>
      <itemStatus>1</itemStatus>
      <LastUpdateDate />
      <LastUpdateTime />
    </Product>
    <Product>
      <PriceUpdateDate>2019/10/30 08:25</PriceUpdateDate>
      <ItemCode>7290003031788</ItemCode>
      <ItemType>1</ItemType>
      <ItemName>צמד כפרי 800  גר`מחפוד טירת צבי</ItemName>
      <ManufactureName>תנובה קפואים</ManufactureName>
      <ManufactureCountry />
      <ManufactureItemDescription />
      <UnitQty>יח`</UnitQty>
      <Quantity>800</Quantity>
      <UnitMeasure>גרם</UnitMeasure>
      <BisWeighted>0</BisWeighted>
      <QtyInPackage>1</QtyInPackage>
      <ItemPrice>24.90</ItemPrice>
      <UnitOfMeasurePrice>3.11</UnitOfMeasurePrice>
      <AllowDiscount>0</AllowDiscount>
      <itemStatus>1</itemStatus>
      <LastUpdateDate />
      <LastUpdateTime />
    </Product>
    <Product>
      <PriceUpdateDate>2018/12/30 08:21</PriceUpdateDate>
      <ItemCode>7290003047642</ItemCode>
      <ItemType>1</ItemType>
      <ItemName>תה ילו לייבל ליפטון (100)</ItemName>
      <ManufactureName>יוניליוור ישראל שיווק בעמ</ManufactureName>
      <ManufactureCountry />
      <ManufactureItemDescription />
      <UnitQty>יח`</UnitQty>
      <Quantity>150</Quantity>
      <UnitMeasure>גרם</UnitMeasure>
      <BisWeighted>0</BisWeighted>
      <QtyInPackage>1</QtyInPackage>
      <ItemPrice>11.90</ItemPrice>
      <UnitOfMeasurePrice>7.93</UnitOfMeasurePrice>
      <AllowDiscount>1</AllowDiscount>
      <itemStatus>1</itemStatus>
      <LastUpdateDate />
      <LastUpdateTime />
    </Product>
    <Product>
      <PriceUpdateDate>2015/03/03 12:06</PriceUpdateDate>
      <ItemCode>7290003069682</ItemCode>
      <ItemType>1</ItemType>
      <ItemName>בצק פילאס תורכי שלושת האופים (500 גרם)</ItemName>
      <ManufactureName>נטו מלינדה סחר בעמ</ManufactureName>
      <ManufactureCountry />
      <ManufactureItemDescription />
      <UnitQty>יח`</UnitQty>
      <Quantity>500</Quantity>
      <UnitMeasure>גרם</UnitMeasure>
      <BisWeighted>0</BisWeighted>
      <QtyInPackage>1</QtyInPackage>
      <ItemPrice>19.90</ItemPrice>
      <UnitOfMeasurePrice>3.98</UnitOfMeasurePrice>
      <AllowDiscount>1</AllowDiscount>
      <itemStatus>1</itemStatus>
      <LastUpdateDate />
      <LastUpdateTime />
    </Product>
    <Product>
      <PriceUpdateDate>2019/12/15 08:26</PriceUpdateDate>
      <ItemCode>7290003069705</ItemCode>
      <ItemType>1</ItemType>
      <ItemName>פיצה אישית גבינה תפזורת</ItemName>
      <ManufactureName>נטו מלינדה סחר בעמ</ManufactureName>
      <ManufactureCountry />
      <ManufactureItemDescription />
      <UnitQty>יח`</UnitQty>
      <Quantity>80</Quantity>
      <UnitMeasure>גרם</UnitMeasure>
      <BisWeighted>0</BisWeighted>
      <QtyInPackage>1</QtyInPackage>
      <ItemPrice>2.50</ItemPrice>
      <UnitOfMeasurePrice>3.13</UnitOfMeasurePrice>
      <AllowDiscount>0</AllowDiscount>
      <itemStatus>1</itemStatus>
      <LastUpdateDate />
      <LastUpdateTime />
    </Product>
    <Product>
      <PriceUpdateDate>2020/01/28 06:09</PriceUpdateDate>
      <ItemCode>7290003072842</ItemCode>
      <ItemType>1</ItemType>
      <ItemName>חזה אווז 100 גר טירת צבי</ItemName>
      <ManufactureName>תנובה קפואים</ManufactureName>
      <ManufactureCountry />
      <ManufactureItemDescription />
      <UnitQty>יח`</UnitQty>
      <Quantity>100</Quantity>
      <UnitMeasure>גרם</UnitMeasure>
      <BisWeighted>0</BisWeighted>
      <QtyInPackage>1</QtyInPackage>
      <ItemPrice>25.90</ItemPrice>
      <UnitOfMeasurePrice>25.90</UnitOfMeasurePrice>
      <AllowDiscount>1</AllowDiscount>
      <itemStatus>1</itemStatus>
      <LastUpdateDate />
      <LastUpdateTime />
    </Product>
    <Product>
      <PriceUpdateDate>2015/11/30 12:49</PriceUpdateDate>
      <ItemCode>7290003102136</ItemCode>
      <ItemType>1</ItemType>
      <ItemName>צמר גפן קוטון סופט (100 גרם)</ItemName>
      <ManufactureName>אינטרסן 1996 בעמ</ManufactureName>
      <ManufactureCountry />
      <ManufactureItemDescription />
      <UnitQty>יח`</UnitQty>
      <Quantity>1</Quantity>
      <UnitMeasure />
      <BisWeighted>0</BisWeighted>
      <QtyInPackage>1</QtyInPackage>
      <ItemPrice>4.90</ItemPrice>
      <UnitOfMeasurePrice>4.90</UnitOfMeasurePrice>
      <AllowDiscount>0</AllowDiscount>
      <itemStatus>1</itemStatus>
      <LastUpdateDate />
      <LastUpdateTime />
    </Product>
    <Product>
      <PriceUpdateDate>2013/12/31 09:50</PriceUpdateDate>
      <ItemCode>7290003102976</ItemCode>
      <ItemType>1</ItemType>
      <ItemName>צימרוני אוזניים טוליפס) (200</ItemName>
      <ManufactureName>אינטרסן 1996 בעמ</ManufactureName>
      <ManufactureCountry />
      <ManufactureItemDescription />
      <UnitQty>יח`</UnitQty>
      <Quantity>20000</Quantity>
      <UnitMeasure>גרם</UnitMeasure>
      <BisWeighted>0</BisWeighted>
      <QtyInPackage>1</QtyInPackage>
      <ItemPrice>4</ItemPrice>
      <UnitOfMeasurePrice>0.02</UnitOfMeasurePrice>
      <AllowDiscount>0</AllowDiscount>
      <itemStatus>1</itemStatus>
      <LastUpdateDate />
      <LastUpdateTime />
    </Product>
    <Product>
      <PriceUpdateDate>2014/08/18 07:28</PriceUpdateDate>
      <ItemCode>7290003107216</ItemCode>
      <ItemType>1</ItemType>
      <ItemName>קמח לבן בהיר 1 קג דגן מוביל</ItemName>
      <ManufactureName>טחנות קמח דגן (2006) בעמ</ManufactureName>
      <ManufactureCountry />
      <ManufactureItemDescription />
      <UnitQty>יח`</UnitQty>
      <Quantity>1</Quantity>
      <UnitMeasure>ק"ג</UnitMeasure>
      <BisWeighted>0</BisWeighted>
      <QtyInPackage>1</QtyInPackage>
      <ItemPrice>4.90</ItemPrice>
      <UnitOfMeasurePrice>4.90</UnitOfMeasurePrice>
      <AllowDiscount>0</AllowDiscount>
      <itemStatus>1</itemStatus>
      <LastUpdateDate />
      <LastUpdateTime />
    </Product>
    <Product>
      <PriceUpdateDate>2014/08/18 07:28</PriceUpdateDate>
      <ItemCode>7290003107223</ItemCode>
      <ItemType>1</ItemType>
      <ItemName>סולת 1 קג דגן מוביל</ItemName>
      <ManufactureName>טחנות קמח דגן (2006) בעמ</ManufactureName>
      <ManufactureCountry />
      <ManufactureItemDescription />
      <UnitQty>יח`</UnitQty>
      <Quantity>1</Quantity>
      <UnitMeasure>ק"ג</UnitMeasure>
      <BisWeighted>0</BisWeighted>
      <QtyInPackage>1</QtyInPackage>
      <ItemPrice>4.90</ItemPrice>
      <UnitOfMeasurePrice>4.90</UnitOfMeasurePrice>
      <AllowDiscount>0</AllowDiscount>
      <itemStatus>1</itemStatus>
      <LastUpdateDate />
      <LastUpdateTime />
    </Product>
    <Product>
      <PriceUpdateDate>2016/08/01 09:12</PriceUpdateDate>
      <ItemCode>7290003107346</ItemCode>
      <ItemType>1</ItemType>
      <ItemName>קמח חיטה לבן בדץ טחנת קמח דגן (1 קג)</ItemName>
      <ManufactureName>טחנות קמח דגן (2006) בעמ</ManufactureName>
      <ManufactureCountry />
      <ManufactureItemDescription />
      <UnitQty>יח`</UnitQty>
      <Quantity>1</Quantity>
      <UnitMeasure>ק"ג</UnitMeasure>
      <BisWeighted>0</BisWeighted>
      <QtyInPackage>1</QtyInPackage>
      <ItemPrice>2.90</ItemPrice>
      <UnitOfMeasurePrice>2.90</UnitOfMeasurePrice>
      <AllowDiscount>1</AllowDiscount>
      <itemStatus>1</itemStatus>
      <LastUpdateDate />
      <LastUpdateTime />
    </Product>
    <Product>
      <PriceUpdateDate>2015/12/01 10:12</PriceUpdateDate>
      <ItemCode>7290003118113</ItemCode>
      <ItemType>1</ItemType>
      <ItemName>פיתות עשירייה תימניות ידעי.</ItemName>
      <ManufactureName>מאפיית כפיר צ. ידעי בעמ</ManufactureName>
      <ManufactureCountry />
      <ManufactureItemDescription />
      <UnitQty>יח`</UnitQty>
      <Quantity>500</Quantity>
      <UnitMeasure>גרם</UnitMeasure>
      <BisWeighted>0</BisWeighted>
      <QtyInPackage>1</QtyInPackage>
      <ItemPrice>12.90</ItemPrice>
      <UnitOfMeasurePrice>2.58</UnitOfMeasurePrice>
      <AllowDiscount>0</AllowDiscount>
      <itemStatus>1</itemStatus>
      <LastUpdateDate />
      <LastUpdateTime />
    </Product>
    <Product>
      <PriceUpdateDate>2018/11/11 08:17</PriceUpdateDate>
      <ItemCode>7290003119110</ItemCode>
      <ItemType>1</ItemType>
      <ItemName>מארז קוקה-קולה (1.5x6 ליטר)</ItemName>
      <ManufactureName>החברה המרכזית להפצת משקאות בעמ</ManufactureName>
      <ManufactureCountry />
      <ManufactureItemDescription />
      <UnitQty>יח`</UnitQty>
      <Quantity>9</Quantity>
      <UnitMeasure>1 ליטר</UnitMeasure>
      <BisWeighted>0</BisWeighted>
      <QtyInPackage>1</QtyInPackage>
      <ItemPrice>35.90</ItemPrice>
      <UnitOfMeasurePrice>3.99</UnitOfMeasurePrice>
      <AllowDiscount>0</AllowDiscount>
      <itemStatus>1</itemStatus>
      <LastUpdateDate />
      <LastUpdateTime />
    </Product>
    <Product>
      <PriceUpdateDate>2018/11/11 08:17</PriceUpdateDate>
      <ItemCode>7290003119165</ItemCode>
      <ItemType>1</ItemType>
      <ItemName>מארז דיאט קוקה-קולה (1.5x6 ליטר)</ItemName>
      <ManufactureName>החברה המרכזית להפצת משקאות בעמ</ManufactureName>
      <ManufactureCountry />
      <ManufactureItemDescription />
      <UnitQty>יח`</UnitQty>
      <Quantity>9</Quantity>
      <UnitMeasure>1 ליטר</UnitMeasure>
      <BisWeighted>0</BisWeighted>
      <QtyInPackage>1</QtyInPackage>
      <ItemPrice>35.90</ItemPrice>
      <UnitOfMeasurePrice>3.99</UnitOfMeasurePrice>
      <AllowDiscount>0</AllowDiscount>
      <itemStatus>1</itemStatus>
      <LastUpdateDate />
      <LastUpdateTime />
    </Product>
    <Product>
      <PriceUpdateDate>2014/08/19 07:08</PriceUpdateDate>
      <ItemCode>7290003121083</ItemCode>
      <ItemType>1</ItemType>
      <ItemName>ארוחת נודלס בטעם בשר מג`יק (85 גרם)</ItemName>
      <ManufactureName>נטו מלינדה סחר בעמ</ManufactureName>
      <ManufactureCountry />
      <ManufactureItemDescription />
      <UnitQty>יח`</UnitQty>
      <Quantity>85</Quantity>
      <UnitMeasure>גרם</UnitMeasure>
      <BisWeighted>0</BisWeighted>
      <QtyInPackage>1</QtyInPackage>
      <ItemPrice>2.90</ItemPrice>
      <UnitOfMeasurePrice>3.41</UnitOfMeasurePrice>
      <AllowDiscount>1</AllowDiscount>
      <itemStatus>1</itemStatus>
      <LastUpdateDate />
      <LastUpdateTime />
    </Product>
    <Product>
      <PriceUpdateDate>2014/08/19 07:08</PriceUpdateDate>
      <ItemCode>7290003121090</ItemCode>
      <ItemType>1</ItemType>
      <ItemName>ארוחת נודלס בטעם ירקות מג`יק (85 גרם)</ItemName>
      <ManufactureName>נטו מלינדה סחר בעמ</ManufactureName>
      <ManufactureCountry />
      <ManufactureItemDescription />
      <UnitQty>יח`</UnitQty>
      <Quantity>85</Quantity>
      <UnitMeasure>גרם</UnitMeasure>
      <BisWeighted>0</BisWeighted>
      <QtyInPackage>1</QtyInPackage>
      <ItemPrice>2.90</ItemPrice>
      <UnitOfMeasurePrice>3.41</UnitOfMeasurePrice>
      <AllowDiscount>1</AllowDiscount>
      <itemStatus>1</itemStatus>
      <LastUpdateDate />
      <LastUpdateTime />
    </Product>
    <Product>
      <PriceUpdateDate>2014/08/19 07:08</PriceUpdateDate>
      <ItemCode>7290003121106</ItemCode>
      <ItemType>1</ItemType>
      <ItemName>ארוחת נודלס בטעם עוף מג`יק (85 גרם)</ItemName>
      <ManufactureName>נטו מלינדה סחר בעמ</ManufactureName>
      <ManufactureCountry />
      <ManufactureItemDescription />
      <UnitQty>יח`</UnitQty>
      <Quantity>85</Quantity>
      <UnitMeasure>גרם</UnitMeasure>
      <BisWeighted>0</BisWeighted>
      <QtyInPackage>1</QtyInPackage>
      <ItemPrice>2.90</ItemPrice>
      <UnitOfMeasurePrice>3.41</UnitOfMeasurePrice>
      <AllowDiscount>1</AllowDiscount>
      <itemStatus>1</itemStatus>
      <LastUpdateDate />
      <LastUpdateTime />
    </Product>
    <Product>
      <PriceUpdateDate>2018/10/07 20:11</PriceUpdateDate>
      <ItemCode>7290003126712</ItemCode>
      <ItemType>1</ItemType>
      <ItemName>יוגורט עיזים 3.9% משק צוריאל (150 גרם)</ItemName>
      <ManufactureName>החב` המרכזית - טרה</ManufactureName>
      <ManufactureCountry />
      <ManufactureItemDescription />
      <UnitQty>יח`</UnitQty>
      <Quantity>140</Quantity>
      <UnitMeasure>מ"ל</UnitMeasure>
      <BisWeighted>0</BisWeighted>
      <QtyInPackage>1</QtyInPackage>
      <ItemPrice>6.30</ItemPrice>
      <UnitOfMeasurePrice>4.50</UnitOfMeasurePrice>
      <AllowDiscount>1</AllowDiscount>
      <itemStatus>1</itemStatus>
      <LastUpdateDate />
      <LastUpdateTime />
    </Product>
    <Product>
      <PriceUpdateDate>2015/05/31 09:58</PriceUpdateDate>
      <ItemCode>7290003126958</ItemCode>
      <ItemType>1</ItemType>
      <ItemName>טופו משק צוריאל (300 גרם)</ItemName>
      <ManufactureName>החב` המרכזית - טרה</ManufactureName>
      <ManufactureCountry />
      <ManufactureItemDescription />
      <UnitQty>יח`</UnitQty>
      <Quantity>300</Quantity>
      <UnitMeasure>גרם</UnitMeasure>
      <BisWeighted>0</BisWeighted>
      <QtyInPackage>1</QtyInPackage>
      <ItemPrice>12.40</ItemPrice>
      <UnitOfMeasurePrice>4.13</UnitOfMeasurePrice>
      <AllowDiscount>0</AllowDiscount>
      <itemStatus>1</itemStatus>
      <LastUpdateDate />
      <LastUpdateTime />
    </Product>
    <Product>
      <PriceUpdateDate>2017/06/04 10:57</PriceUpdateDate>
      <ItemCode>7290003130184</ItemCode>
      <ItemType>1</ItemType>
      <ItemName>מלח למדיח כלים פיניש (2x2 קג)</ItemName>
      <ManufactureName>רקיט בנקיזר (ניר איסט) בעמ</ManufactureName>
      <ManufactureCountry />
      <ManufactureItemDescription />
      <UnitQty>יח`</UnitQty>
      <Quantity>4</Quantity>
      <UnitMeasure>ק"ג</UnitMeasure>
      <BisWeighted>0</BisWeighted>
      <QtyInPackage>1</QtyInPackage>
      <ItemPrice>25.90</ItemPrice>
      <UnitOfMeasurePrice>6.48</UnitOfMeasurePrice>
      <AllowDiscount>1</AllowDiscount>
      <itemStatus>1</itemStatus>
      <LastUpdateDate />
      <LastUpdateTime />
    </Product>
    <Product>
      <PriceUpdateDate>2016/05/05 08:27</PriceUpdateDate>
      <ItemCode>7290003133239</ItemCode>
      <ItemType>1</ItemType>
      <ItemName>לחם כפרי.</ItemName>
      <ManufactureName>מאפיית דוידוביץ ובניו בעמ</ManufactureName>
      <ManufactureCountry />
      <ManufactureItemDescription />
      <UnitQty>יח`</UnitQty>
      <Quantity>650</Quantity>
      <UnitMeasure>גרם</UnitMeasure>
      <BisWeighted>0</BisWeighted>
      <QtyInPackage>1</QtyInPackage>
      <ItemPrice>8.30</ItemPrice>
      <UnitOfMeasurePrice>1.28</UnitOfMeasurePrice>
      <AllowDiscount>0</AllowDiscount>
      <itemStatus>1</itemStatus>
      <LastUpdateDate />
      <LastUpdateTime />
    </Product>
    <Product>
      <PriceUpdateDate>2017/03/02 09:56</PriceUpdateDate>
      <ItemCode>7290003140237</ItemCode>
      <ItemType>1</ItemType>
      <ItemName>סילאן בבקבוק לחיץ קליית גת (360 גרם)</ItemName>
      <ManufactureName>ליימן שליסל בעמ</ManufactureName>
      <ManufactureCountry />
      <ManufactureItemDescription />
      <UnitQty>יח`</UnitQty>
      <Quantity>360</Quantity>
      <UnitMeasure>גרם</UnitMeasure>
      <BisWeighted>0</BisWeighted>
      <QtyInPackage>1</QtyInPackage>
      <ItemPrice>14.90</ItemPrice>
      <UnitOfMeasurePrice>4.14</UnitOfMeasurePrice>
      <AllowDiscount>0</AllowDiscount>
      <itemStatus>1</itemStatus>
      <LastUpdateDate />
      <LastUpdateTime />
    </Product>
    <Product>
      <PriceUpdateDate>2015/05/27 11:55</PriceUpdateDate>
      <ItemCode>7290003141159</ItemCode>
      <ItemType>1</ItemType>
      <ItemName>חטיפי מרשמלו יוגטה (180 גרם)</ItemName>
      <ManufactureName>ליימן שליסל בעמ</ManufactureName>
      <ManufactureCountry />
      <ManufactureItemDescription />
      <UnitQty>יח`</UnitQty>
      <Quantity>1</Quantity>
      <UnitMeasure />
      <BisWeighted>0</BisWeighted>
      <QtyInPackage>1</QtyInPackage>
      <ItemPrice>8.90</ItemPrice>
      <UnitOfMeasurePrice>8.90</UnitOfMeasurePrice>
      <AllowDiscount>1</AllowDiscount>
      <itemStatus>1</itemStatus>
      <LastUpdateDate />
      <LastUpdateTime />
    </Product>
    <Product>
      <PriceUpdateDate>2014/12/07 10:29</PriceUpdateDate>
      <ItemCode>7290003142422</ItemCode>
      <ItemType>1</ItemType>
      <ItemName>גרעיני חמניה ללא מלח קליית גת (180 גרם)</ItemName>
      <ManufactureName>ליימן שליסל בעמ</ManufactureName>
      <ManufactureCountry />
      <ManufactureItemDescription />
      <UnitQty>יח`</UnitQty>
      <Quantity>180</Quantity>
      <UnitMeasure>גרם</UnitMeasure>
      <BisWeighted>0</BisWeighted>
      <QtyInPackage>1</QtyInPackage>
      <ItemPrice>6.90</ItemPrice>
      <UnitOfMeasurePrice>3.83</UnitOfMeasurePrice>
      <AllowDiscount>1</AllowDiscount>
      <itemStatus>1</itemStatus>
      <LastUpdateDate />
      <LastUpdateTime />
    </Product>
    <Product>
      <PriceUpdateDate>2018/02/06 12:14</PriceUpdateDate>
      <ItemCode>7290003143146</ItemCode>
      <ItemType>1</ItemType>
      <ItemName>ממרח תמרים קליית גת (450 גרם)</ItemName>
      <ManufactureName>ליימן שליסל בעמ</ManufactureName>
      <ManufactureCountry />
      <ManufactureItemDescription />
      <UnitQty>יח`</UnitQty>
      <Quantity>450</Quantity>
      <UnitMeasure>גרם</UnitMeasure>
      <BisWeighted>0</BisWeighted>
      <QtyInPackage>1</QtyInPackage>
      <ItemPrice>6.90</ItemPrice>
      <UnitOfMeasurePrice>1.53</UnitOfMeasurePrice>
      <AllowDiscount>0</AllowDiscount>
      <itemStatus>1</itemStatus>
      <LastUpdateDate />
      <LastUpdateTime />
    </Product>
    <Product>
      <PriceUpdateDate>2017/12/31 15:32</PriceUpdateDate>
      <ItemCode>7290003143337</ItemCode>
      <ItemType>1</ItemType>
      <ItemName>סילאן טבעי קליית גת (350 גרם)</ItemName>
      <ManufactureName>ליימן שליסל בעמ</ManufactureName>
      <ManufactureCountry />
      <ManufactureItemDescription />
      <UnitQty>יח`</UnitQty>
      <Quantity>350</Quantity>
      <UnitMeasure>גרם</UnitMeasure>
      <BisWeighted>0</BisWeighted>
      <QtyInPackage>1</QtyInPackage>
      <ItemPrice>16.90</ItemPrice>
      <UnitOfMeasurePrice>4.83</UnitOfMeasurePrice>
      <AllowDiscount>1</AllowDiscount>
      <itemStatus>1</itemStatus>
      <LastUpdateDate />
      <LastUpdateTime />
    </Product>
    <Product>
      <PriceUpdateDate>2016/08/10 09:02</PriceUpdateDate>
      <ItemCode>7290003144044</ItemCode>
      <ItemType>1</ItemType>
      <ItemName>צ`וקטה שוקולד מריר תפוז 70% 100 גר`</ItemName>
      <ManufactureName>ליימן שליסל בעמ</ManufactureName>
      <ManufactureCountry />
      <ManufactureItemDescription />
      <UnitQty>יח`</UnitQty>
      <Quantity>100</Quantity>
      <UnitMeasure>גרם</UnitMeasure>
      <BisWeighted>0</BisWeighted>
      <QtyInPackage>1</QtyInPackage>
      <ItemPrice>10</ItemPrice>
      <UnitOfMeasurePrice>10</UnitOfMeasurePrice>
      <AllowDiscount>1</AllowDiscount>
      <itemStatus>1</itemStatus>
      <LastUpdateDate />
      <LastUpdateTime />
    </Product>
    <Product>
      <PriceUpdateDate>2019/01/30 08:40</PriceUpdateDate>
      <ItemCode>7290003144068</ItemCode>
      <ItemType>1</ItemType>
      <ItemName>שוקולד מריר 60% צ`וקטה (100x3 גרם)</ItemName>
      <ManufactureName>ליימן שליסל בעמ</ManufactureName>
      <ManufactureCountry />
      <ManufactureItemDescription />
      <UnitQty>יח`</UnitQty>
      <Quantity>300</Quantity>
      <UnitMeasure>גרם</UnitMeasure>
      <BisWeighted>0</BisWeighted>
      <QtyInPackage>1</QtyInPackage>
      <ItemPrice>9.90</ItemPrice>
      <UnitOfMeasurePrice>3.30</UnitOfMeasurePrice>
      <AllowDiscount>0</AllowDiscount>
      <itemStatus>1</itemStatus>
      <LastUpdateDate />
      <LastUpdateTime />
    </Product>
    <Product>
      <PriceUpdateDate>2015/05/20 07:14</PriceUpdateDate>
      <ItemCode>7290003144082</ItemCode>
      <ItemType>1</ItemType>
      <ItemName>עוגות אישיות צ`וקטה (30x10 גרם)</ItemName>
      <ManufactureName>ליימן שליסל בעמ</ManufactureName>
      <ManufactureCountry />
      <ManufactureItemDescription />
      <UnitQty>יח`</UnitQty>
      <Quantity>300</Quantity>
      <UnitMeasure>גרם</UnitMeasure>
      <BisWeighted>0</BisWeighted>
      <QtyInPackage>1</QtyInPackage>
      <ItemPrice>13.90</ItemPrice>
      <UnitOfMeasurePrice>4.63</UnitOfMeasurePrice>
      <AllowDiscount>1</AllowDiscount>
      <itemStatus>1</itemStatus>
      <LastUpdateDate />
      <LastUpdateTime />
    </Product>
    <Product>
      <PriceUpdateDate>2015/06/23 08:40</PriceUpdateDate>
      <ItemCode>7290003144105</ItemCode>
      <ItemType>1</ItemType>
      <ItemName>צ`וקטה עוגות אישיות בטעם קרמל-מארז עשירי</ItemName>
      <ManufactureName>ליימן שליסל בעמ</ManufactureName>
      <ManufactureCountry />
      <ManufactureItemDescription />
      <UnitQty>יח`</UnitQty>
      <Quantity>300</Quantity>
      <UnitMeasure>גרם</UnitMeasure>
      <BisWeighted>0</BisWeighted>
      <QtyInPackage>1</QtyInPackage>
      <ItemPrice>13.90</ItemPrice>
      <UnitOfMeasurePrice>4.63</UnitOfMeasurePrice>
      <AllowDiscount>1</AllowDiscount>
      <itemStatus>1</itemStatus>
      <LastUpdateDate />
      <LastUpdateTime />
    </Product>
    <Product>
      <PriceUpdateDate>2016/08/28 09:42</PriceUpdateDate>
      <ItemCode>7290003144310</ItemCode>
      <ItemType>1</ItemType>
      <ItemName>תערובת אגוזים וחמוציות150 גר`</ItemName>
      <ManufactureName>ליימן שליסל בעמ</ManufactureName>
      <ManufactureCountry />
      <ManufactureItemDescription />
      <UnitQty>יח`</UnitQty>
      <Quantity>150</Quantity>
      <UnitMeasure>גרם</UnitMeasure>
      <BisWeighted>0</BisWeighted>
      <QtyInPackage>1</QtyInPackage>
      <ItemPrice>19.90</ItemPrice>
      <UnitOfMeasurePrice>13.27</UnitOfMeasurePrice>
      <AllowDiscount>1</AllowDiscount>
      <itemStatus>1</itemStatus>
      <LastUpdateDate />
      <LastUpdateTime />
    </Product>
    <Product>
      <PriceUpdateDate>2016/05/10 06:32</PriceUpdateDate>
      <ItemCode>7290003144587</ItemCode>
      <ItemType>1</ItemType>
      <ItemName>צ`וקטה עוגות אישיות מגולגלות 6 יח` - חלב</ItemName>
      <ManufactureName>ליימן שליסל בעמ</ManufactureName>
      <ManufactureCountry />
      <ManufactureItemDescription />
      <UnitQty>יח`</UnitQty>
      <Quantity>222</Quantity>
      <UnitMeasure>גרם</UnitMeasure>
      <BisWeighted>0</BisWeighted>
      <QtyInPackage>1</QtyInPackage>
      <ItemPrice>9.90</ItemPrice>
      <UnitOfMeasurePrice>4.46</UnitOfMeasurePrice>
      <AllowDiscount>0</AllowDiscount>
      <itemStatus>1</itemStatus>
      <LastUpdateDate />
      <LastUpdateTime />
    </Product>
    <Product>
      <PriceUpdateDate>2016/05/10 06:32</PriceUpdateDate>
      <ItemCode>7290003144594</ItemCode>
      <ItemType>1</ItemType>
      <ItemName>צ`וקטה עוגות אישיות מגולגלות 6 יח` - אגו</ItemName>
      <ManufactureName>ליימן שליסל בעמ</ManufactureName>
      <ManufactureCountry />
      <ManufactureItemDescription />
      <UnitQty>יח`</UnitQty>
      <Quantity>222</Quantity>
      <UnitMeasure>גרם</UnitMeasure>
      <BisWeighted>0</BisWeighted>
      <QtyInPackage>1</QtyInPackage>
      <ItemPrice>9.90</ItemPrice>
      <UnitOfMeasurePrice>4.46</UnitOfMeasurePrice>
      <AllowDiscount>0</AllowDiscount>
      <itemStatus>1</itemStatus>
      <LastUpdateDate />
      <LastUpdateTime />
    </Product>
    <Product>
      <PriceUpdateDate>2016/08/10 09:02</PriceUpdateDate>
      <ItemCode>7290003144686</ItemCode>
      <ItemType>1</ItemType>
      <ItemName>סוכריות טופי ממולאות יוגטה (600 גרם)</ItemName>
      <ManufactureName>ליימן שליסל בעמ</ManufactureName>
      <ManufactureCountry />
      <ManufactureItemDescription />
      <UnitQty>יח`</UnitQty>
      <Quantity>600</Quantity>
      <UnitMeasure>גרם</UnitMeasure>
      <BisWeighted>0</BisWeighted>
      <QtyInPackage>1</QtyInPackage>
      <ItemPrice>9.90</ItemPrice>
      <UnitOfMeasurePrice>1.65</UnitOfMeasurePrice>
      <AllowDiscount>0</AllowDiscount>
      <itemStatus>1</itemStatus>
      <LastUpdateDate />
      <LastUpdateTime />
    </Product>
    <Product>
      <PriceUpdateDate>2016/08/10 09:02</PriceUpdateDate>
      <ItemCode>7290003144693</ItemCode>
      <ItemType>1</ItemType>
      <ItemName>סוכריות טופי יוגטה 850 גר`</ItemName>
      <ManufactureName>ליימן שליסל בעמ</ManufactureName>
      <ManufactureCountry />
      <ManufactureItemDescription />
      <UnitQty>יח`</UnitQty>
      <Quantity>850</Quantity>
      <UnitMeasure>גרם</UnitMeasure>
      <BisWeighted>0</BisWeighted>
      <QtyInPackage>1</QtyInPackage>
      <ItemPrice>20.90</ItemPrice>
      <UnitOfMeasurePrice>2.46</UnitOfMeasurePrice>
      <AllowDiscount>1</AllowDiscount>
      <itemStatus>1</itemStatus>
      <LastUpdateDate />
      <LastUpdateTime />
    </Product>
    <Product>
      <PriceUpdateDate>2016/08/10 09:02</PriceUpdateDate>
      <ItemCode>7290003144778</ItemCode>
      <ItemType>1</ItemType>
      <ItemName>צ`וקטה צדפי שוקולד 125 גרם</ItemName>
      <ManufactureName>ליימן שליסל בעמ</ManufactureName>
      <ManufactureCountry />
      <ManufactureItemDescription />
      <UnitQty>יח`</UnitQty>
      <Quantity>125</Quantity>
      <UnitMeasure>גרם</UnitMeasure>
      <BisWeighted>0</BisWeighted>
      <QtyInPackage>1</QtyInPackage>
      <ItemPrice>9.90</ItemPrice>
      <UnitOfMeasurePrice>7.92</UnitOfMeasurePrice>
      <AllowDiscount>0</AllowDiscount>
      <itemStatus>1</itemStatus>
      <LastUpdateDate />
      <LastUpdateTime />
    </Product>
    <Product>
      <PriceUpdateDate>2017/01/22 10:49</PriceUpdateDate>
      <ItemCode>7290003144921</ItemCode>
      <ItemType>1</ItemType>
      <ItemName>עוגת שכבות מילוי קרם קקאו 400 גרם</ItemName>
      <ManufactureName>ליימן שליסל בעמ</ManufactureName>
      <ManufactureCountry />
      <ManufactureItemDescription />
      <UnitQty>יח`</UnitQty>
      <Quantity>400</Quantity>
      <UnitMeasure>גרם</UnitMeasure>
      <BisWeighted>0</BisWeighted>
      <QtyInPackage>1</QtyInPackage>
      <ItemPrice>11.90</ItemPrice>
      <UnitOfMeasurePrice>2.98</UnitOfMeasurePrice>
      <AllowDiscount>1</AllowDiscount>
      <itemStatus>1</itemStatus>
      <LastUpdateDate />
      <LastUpdateTime />
    </Product>
    <Product>
      <PriceUpdateDate>2017/01/22 10:49</PriceUpdateDate>
      <ItemCode>7290003144938</ItemCode>
      <ItemType>1</ItemType>
      <ItemName>עוגת שכבות מלית משמש 400 גרם</ItemName>
      <ManufactureName>ליימן שליסל בעמ</ManufactureName>
      <ManufactureCountry />
      <ManufactureItemDescription />
      <UnitQty>יח`</UnitQty>
      <Quantity>400</Quantity>
      <UnitMeasure>גרם</UnitMeasure>
      <BisWeighted>0</BisWeighted>
      <QtyInPackage>1</QtyInPackage>
      <ItemPrice>11.90</ItemPrice>
      <UnitOfMeasurePrice>2.98</UnitOfMeasurePrice>
      <AllowDiscount>1</AllowDiscount>
      <itemStatus>1</itemStatus>
      <LastUpdateDate />
      <LastUpdateTime />
    </Product>
    <Product>
      <PriceUpdateDate>2017/01/22 10:49</PriceUpdateDate>
      <ItemCode>7290003144945</ItemCode>
      <ItemType>1</ItemType>
      <ItemName>צ`וקטה עוגות אישיות בטעם קוקוס 350 גרם</ItemName>
      <ManufactureName>ליימן שליסל בעמ</ManufactureName>
      <ManufactureCountry />
      <ManufactureItemDescription />
      <UnitQty>יח`</UnitQty>
      <Quantity>350</Quantity>
      <UnitMeasure>גרם</UnitMeasure>
      <BisWeighted>0</BisWeighted>
      <QtyInPackage>1</QtyInPackage>
      <ItemPrice>13.90</ItemPrice>
      <UnitOfMeasurePrice>3.97</UnitOfMeasurePrice>
      <AllowDiscount>1</AllowDiscount>
      <itemStatus>1</itemStatus>
      <LastUpdateDate />
      <LastUpdateTime />
    </Product>
    <Product>
      <PriceUpdateDate>2015/12/01 12:04</PriceUpdateDate>
      <ItemCode>7290003145751</ItemCode>
      <ItemType>1</ItemType>
      <ItemName>אגוזי קשיו קלויים קליית גת (200 גרם)</ItemName>
      <ManufactureName>ליימן שליסל בעמ</ManufactureName>
      <ManufactureCountry />
      <ManufactureItemDescription />
      <UnitQty>יח`</UnitQty>
      <Quantity>200</Quantity>
      <UnitMeasure>גרם</UnitMeasure>
      <BisWeighted>0</BisWeighted>
      <QtyInPackage>1</QtyInPackage>
      <ItemPrice>22.90</ItemPrice>
      <UnitOfMeasurePrice>11.45</UnitOfMeasurePrice>
      <AllowDiscount>1</AllowDiscount>
      <itemStatus>1</itemStatus>
      <LastUpdateDate />
      <LastUpdateTime />
    </Product>
    <Product>
      <PriceUpdateDate>2015/12/01 18:39</PriceUpdateDate>
      <ItemCode>7290003153831</ItemCode>
      <ItemType>1</ItemType>
      <ItemName>שוש אפוי חטיף בוטנים עלית (80 גרם)</ItemName>
      <ManufactureName>שטראוס פריטו ליי בעמ</ManufactureName>
      <ManufactureCountry />
      <ManufactureItemDescription />
      <UnitQty>יח`</UnitQty>
      <Quantity>80</Quantity>
      <UnitMeasure>גרם</UnitMeasure>
      <BisWeighted>0</BisWeighted>
      <QtyInPackage>1</QtyInPackage>
      <ItemPrice>3.50</ItemPrice>
      <UnitOfMeasurePrice>4.38</UnitOfMeasurePrice>
      <AllowDiscount>1</AllowDiscount>
      <itemStatus>1</itemStatus>
      <LastUpdateDate />
      <LastUpdateTime />
    </Product>
    <Product>
      <PriceUpdateDate>2019/01/31 10:24</PriceUpdateDate>
      <ItemCode>7290003185726</ItemCode>
      <ItemType>1</ItemType>
      <ItemName>קבב מזרחי 500 גר` טיבונוויל</ItemName>
      <ManufactureName>נטו מלינדה סחר בעמ</ManufactureName>
      <ManufactureCountry />
      <ManufactureItemDescription />
      <UnitQty>יח`</UnitQty>
      <Quantity>500</Quantity>
      <UnitMeasure>גרם</UnitMeasure>
      <BisWeighted>0</BisWeighted>
      <QtyInPackage>1</QtyInPackage>
      <ItemPrice>20.90</ItemPrice>
      <UnitOfMeasurePrice>4.18</UnitOfMeasurePrice>
      <AllowDiscount>1</AllowDiscount>
      <itemStatus>1</itemStatus>
      <LastUpdateDate />
      <LastUpdateTime />
    </Product>
    <Product>
      <PriceUpdateDate>2016/07/03 08:55</PriceUpdateDate>
      <ItemCode>7290003189076</ItemCode>
      <ItemType>1</ItemType>
      <ItemName>פיצרלה מגורדת 22% כפיר (500 גרם)</ItemName>
      <ManufactureName>צ.י תעשיות מזון יבנה בעמ</ManufactureName>
      <ManufactureCountry />
      <ManufactureItemDescription />
      <UnitQty>יח`</UnitQty>
      <Quantity>500</Quantity>
      <UnitMeasure>גרם</UnitMeasure>
      <BisWeighted>0</BisWeighted>
      <QtyInPackage>1</QtyInPackage>
      <ItemPrice>20.90</ItemPrice>
      <UnitOfMeasurePrice>4.18</UnitOfMeasurePrice>
      <AllowDiscount>1</AllowDiscount>
      <itemStatus>1</itemStatus>
      <LastUpdateDate />
      <LastUpdateTime />
    </Product>
    <Product>
      <PriceUpdateDate>2017/04/30 09:13</PriceUpdateDate>
      <ItemCode>7290003189168</ItemCode>
      <ItemType>1</ItemType>
      <ItemName>1 קג מעושנת</ItemName>
      <ManufactureName>צ.י תעשיות מזון יבנה בעמ</ManufactureName>
      <ManufactureCountry />
      <ManufactureItemDescription />
      <UnitQty>יח`</UnitQty>
      <Quantity>1</Quantity>
      <UnitMeasure>ק"ג</UnitMeasure>
      <BisWeighted>0</BisWeighted>
      <QtyInPackage>1</QtyInPackage>
      <ItemPrice>38.40</ItemPrice>
      <UnitOfMeasurePrice>38.40</UnitOfMeasurePrice>
      <AllowDiscount>0</AllowDiscount>
      <itemStatus>1</itemStatus>
      <LastUpdateDate />
      <LastUpdateTime />
    </Product>
    <Product>
      <PriceUpdateDate>2019/02/03 10:51</PriceUpdateDate>
      <ItemCode>7290003189267</ItemCode>
      <ItemType>1</ItemType>
      <ItemName>הצהובה הטובה 5% קלאסית</ItemName>
      <ManufactureName>צ.י תעשיות מזון יבנה בעמ</ManufactureName>
      <ManufactureCountry />
      <ManufactureItemDescription />
      <UnitQty>יח`</UnitQty>
      <Quantity>200</Quantity>
      <UnitMeasure>גרם</UnitMeasure>
      <BisWeighted>0</BisWeighted>
      <QtyInPackage>1</QtyInPackage>
      <ItemPrice>12.90</ItemPrice>
      <UnitOfMeasurePrice>6.45</UnitOfMeasurePrice>
      <AllowDiscount>1</AllowDiscount>
      <itemStatus>1</itemStatus>
      <LastUpdateDate />
      <LastUpdateTime />
    </Product>
    <Product>
      <PriceUpdateDate>2016/05/05 22:05</PriceUpdateDate>
      <ItemCode>7290003215935</ItemCode>
      <ItemType>1</ItemType>
      <ItemName>ביצי חופש M</ItemName>
      <ManufactureName>תנובה ביצים</ManufactureName>
      <ManufactureCountry />
      <ManufactureItemDescription />
      <UnitQty>יח`</UnitQty>
      <Quantity>12</Quantity>
      <UnitMeasure>יח`</UnitMeasure>
      <BisWeighted>0</BisWeighted>
      <QtyInPackage>1</QtyInPackage>
      <ItemPrice>24.90</ItemPrice>
      <UnitOfMeasurePrice>2.08</UnitOfMeasurePrice>
      <AllowDiscount>0</AllowDiscount>
      <itemStatus>1</itemStatus>
      <LastUpdateDate />
      <LastUpdateTime />
    </Product>
    <Product>
      <PriceUpdateDate>2019/01/22 12:31</PriceUpdateDate>
      <ItemCode>7290003220410</ItemCode>
      <ItemType>1</ItemType>
      <ItemName>קרקר שושמום 110 גר` מעדני המלך</ItemName>
      <ManufactureName>רזיט שיווק בעמ</ManufactureName>
      <ManufactureCountry />
      <ManufactureItemDescription />
      <UnitQty>יח`</UnitQty>
      <Quantity>110</Quantity>
      <UnitMeasure>גרם</UnitMeasure>
      <BisWeighted>0</BisWeighted>
      <QtyInPackage>1</QtyInPackage>
      <ItemPrice>2.20</ItemPrice>
      <UnitOfMeasurePrice>2</UnitOfMeasurePrice>
      <AllowDiscount>1</AllowDiscount>
      <itemStatus>1</itemStatus>
      <LastUpdateDate />
      <LastUpdateTime />
    </Product>
    <Product>
      <PriceUpdateDate>2019/01/22 12:31</PriceUpdateDate>
      <ItemCode>7290003220434</ItemCode>
      <ItemType>1</ItemType>
      <ItemName>פתיבר 110 גר` מעדני המלך</ItemName>
      <ManufactureName>רזיט שיווק בעמ</ManufactureName>
      <ManufactureCountry />
      <ManufactureItemDescription />
      <UnitQty>יח`</UnitQty>
      <Quantity>110</Quantity>
      <UnitMeasure>גרם</UnitMeasure>
      <BisWeighted>0</BisWeighted>
      <QtyInPackage>1</QtyInPackage>
      <ItemPrice>2.20</ItemPrice>
      <UnitOfMeasurePrice>2</UnitOfMeasurePrice>
      <AllowDiscount>1</AllowDiscount>
      <itemStatus>1</itemStatus>
      <LastUpdateDate />
      <LastUpdateTime />
    </Product>
    <Product>
      <PriceUpdateDate>2019/01/22 12:31</PriceUpdateDate>
      <ItemCode>7290003220441</ItemCode>
      <ItemType>1</ItemType>
      <ItemName>פתי בר שוקו 110 גר` מעדני המלך</ItemName>
      <ManufactureName>רזיט שיווק בעמ</ManufactureName>
      <ManufactureCountry />
      <ManufactureItemDescription />
      <UnitQty>יח`</UnitQty>
      <Quantity>110</Quantity>
      <UnitMeasure>גרם</UnitMeasure>
      <BisWeighted>0</BisWeighted>
      <QtyInPackage>1</QtyInPackage>
      <ItemPrice>2.20</ItemPrice>
      <UnitOfMeasurePrice>2</UnitOfMeasurePrice>
      <AllowDiscount>1</AllowDiscount>
      <itemStatus>1</itemStatus>
      <LastUpdateDate />
      <LastUpdateTime />
    </Product>
    <Product>
      <PriceUpdateDate>2019/11/12 09:39</PriceUpdateDate>
      <ItemCode>7290003220458</ItemCode>
      <ItemType>1</ItemType>
      <ItemName>פתיבר וניל מעדני המלך 500 גר</ItemName>
      <ManufactureName>רזיט שיווק בעמ</ManufactureName>
      <ManufactureCountry />
      <ManufactureItemDescription />
      <UnitQty>יח`</UnitQty>
      <Quantity>500</Quantity>
      <UnitMeasure>גרם</UnitMeasure>
      <BisWeighted>0</BisWeighted>
      <QtyInPackage>1</QtyInPackage>
      <ItemPrice>7.90</ItemPrice>
      <UnitOfMeasurePrice>1.58</UnitOfMeasurePrice>
      <AllowDiscount>0</AllowDiscount>
      <itemStatus>1</itemStatus>
      <LastUpdateDate />
      <LastUpdateTime />
    </Product>
    <Product>
      <PriceUpdateDate>2018/06/05 08:29</PriceUpdateDate>
      <ItemCode>7290003222742</ItemCode>
      <ItemType>1</ItemType>
      <ItemName>פיתות תמניות 10 עבודת יד .</ItemName>
      <ManufactureName>פיתות מכבים י.מ. בעמ</ManufactureName>
      <ManufactureCountry />
      <ManufactureItemDescription />
      <UnitQty>יח`</UnitQty>
      <Quantity>500</Quantity>
      <UnitMeasure>גרם</UnitMeasure>
      <BisWeighted>0</BisWeighted>
      <QtyInPackage>1</QtyInPackage>
      <ItemPrice>10</ItemPrice>
      <UnitOfMeasurePrice>2</UnitOfMeasurePrice>
      <AllowDiscount>0</AllowDiscount>
      <itemStatus>1</itemStatus>
      <LastUpdateDate />
      <LastUpdateTime />
    </Product>
    <Product>
      <PriceUpdateDate>2019/03/24 10:34</PriceUpdateDate>
      <ItemCode>7290003229109</ItemCode>
      <ItemType>1</ItemType>
      <ItemName>פסטרמה הודו בפפריקה טירת צבי (400 גרם)</ItemName>
      <ManufactureName>תנובה קפואים</ManufactureName>
      <ManufactureCountry />
      <ManufactureItemDescription />
      <UnitQty>יח`</UnitQty>
      <Quantity>400</Quantity>
      <UnitMeasure>גרם</UnitMeasure>
      <BisWeighted>0</BisWeighted>
      <QtyInPackage>1</QtyInPackage>
      <ItemPrice>31.90</ItemPrice>
      <UnitOfMeasurePrice>7.98</UnitOfMeasurePrice>
      <AllowDiscount>1</AllowDiscount>
      <itemStatus>1</itemStatus>
      <LastUpdateDate />
      <LastUpdateTime />
    </Product>
    <Product>
      <PriceUpdateDate>2019/03/24 10:34</PriceUpdateDate>
      <ItemCode>7290003229116</ItemCode>
      <ItemType>1</ItemType>
      <ItemName>פסטרמה בדבש 3% שומן טירת צבי (400 גרם)</ItemName>
      <ManufactureName>תנובה קפואים</ManufactureName>
      <ManufactureCountry />
      <ManufactureItemDescription />
      <UnitQty>יח`</UnitQty>
      <Quantity>400</Quantity>
      <UnitMeasure>גרם</UnitMeasure>
      <BisWeighted>0</BisWeighted>
      <QtyInPackage>1</QtyInPackage>
      <ItemPrice>31.90</ItemPrice>
      <UnitOfMeasurePrice>7.98</UnitOfMeasurePrice>
      <AllowDiscount>1</AllowDiscount>
      <itemStatus>1</itemStatus>
      <LastUpdateDate />
      <LastUpdateTime />
    </Product>
    <Product>
      <PriceUpdateDate>2015/05/27 18:21</PriceUpdateDate>
      <ItemCode>7290003229123</ItemCode>
      <ItemType>1</ItemType>
      <ItemName>פסטרמה גחלים 400 גר` טירת צבי</ItemName>
      <ManufactureName>תנובה קפואים</ManufactureName>
      <ManufactureCountry />
      <ManufactureItemDescription />
      <UnitQty>יח`</UnitQty>
      <Quantity>400</Quantity>
      <UnitMeasure>גרם</UnitMeasure>
      <BisWeighted>0</BisWeighted>
      <QtyInPackage>1</QtyInPackage>
      <ItemPrice>31.90</ItemPrice>
      <UnitOfMeasurePrice>7.98</UnitOfMeasurePrice>
      <AllowDiscount>1</AllowDiscount>
      <itemStatus>1</itemStatus>
      <LastUpdateDate />
      <LastUpdateTime />
    </Product>
    <Product>
      <PriceUpdateDate>2015/05/27 18:21</PriceUpdateDate>
      <ItemCode>7290003229147</ItemCode>
      <ItemType>1</ItemType>
      <ItemName>סלמי בסגנון איטלקי טירת צבי (300 גרם)</ItemName>
      <ManufactureName>תנובה קפואים</ManufactureName>
      <ManufactureCountry />
      <ManufactureItemDescription />
      <UnitQty>יח`</UnitQty>
      <Quantity>300</Quantity>
      <UnitMeasure>גרם</UnitMeasure>
      <BisWeighted>0</BisWeighted>
      <QtyInPackage>1</QtyInPackage>
      <ItemPrice>28.90</ItemPrice>
      <UnitOfMeasurePrice>9.63</UnitOfMeasurePrice>
      <AllowDiscount>1</AllowDiscount>
      <itemStatus>1</itemStatus>
      <LastUpdateDate />
      <LastUpdateTime />
    </Product>
    <Product>
      <PriceUpdateDate>2015/05/27 18:21</PriceUpdateDate>
      <ItemCode>7290003229154</ItemCode>
      <ItemType>1</ItemType>
      <ItemName>סלמי קוניאק טירת צבי (300 גרם)</ItemName>
      <ManufactureName>תנובה קפואים</ManufactureName>
      <ManufactureCountry />
      <ManufactureItemDescription />
      <UnitQty>יח`</UnitQty>
      <Quantity>300</Quantity>
      <UnitMeasure>גרם</UnitMeasure>
      <BisWeighted>0</BisWeighted>
      <QtyInPackage>1</QtyInPackage>
      <ItemPrice>28.90</ItemPrice>
      <UnitOfMeasurePrice>9.63</UnitOfMeasurePrice>
      <AllowDiscount>1</AllowDiscount>
      <itemStatus>1</itemStatus>
      <LastUpdateDate />
      <LastUpdateTime />
    </Product>
    <Product>
      <PriceUpdateDate>2019/03/24 10:34</PriceUpdateDate>
      <ItemCode>7290003229208</ItemCode>
      <ItemType>1</ItemType>
      <ItemName>פסטרמה ספרדית 360 גר` 2% טירת צבי</ItemName>
      <ManufactureName>תנובה קפואים</ManufactureName>
      <ManufactureCountry />
      <ManufactureItemDescription />
      <UnitQty>יח`</UnitQty>
      <Quantity>360</Quantity>
      <UnitMeasure>גרם</UnitMeasure>
      <BisWeighted>0</BisWeighted>
      <QtyInPackage>1</QtyInPackage>
      <ItemPrice>31.90</ItemPrice>
      <UnitOfMeasurePrice>8.86</UnitOfMeasurePrice>
      <AllowDiscount>1</AllowDiscount>
      <itemStatus>1</itemStatus>
      <LastUpdateDate />
      <LastUpdateTime />
    </Product>
    <Product>
      <PriceUpdateDate>2016/06/06 08:40</PriceUpdateDate>
      <ItemCode>7290003231270</ItemCode>
      <ItemType>1</ItemType>
      <ItemName>דאודורנט סטיק גו פרש דאב (50 גרם)</ItemName>
      <ManufactureName>יוניליוור ישראל שיווק בעמ</ManufactureName>
      <ManufactureCountry />
      <ManufactureItemDescription />
      <UnitQty>יח`</UnitQty>
      <Quantity>50</Quantity>
      <UnitMeasure>גרם</UnitMeasure>
      <BisWeighted>0</BisWeighted>
      <QtyInPackage>1</QtyInPackage>
      <ItemPrice>14.90</ItemPrice>
      <UnitOfMeasurePrice>29.80</UnitOfMeasurePrice>
      <AllowDiscount>0</AllowDiscount>
      <itemStatus>1</itemStatus>
      <LastUpdateDate />
      <LastUpdateTime />
    </Product>
    <Product>
      <PriceUpdateDate>2015/09/09 12:57</PriceUpdateDate>
      <ItemCode>7290003268252</ItemCode>
      <ItemType>1</ItemType>
      <ItemName>לחם חיטה מלא לילדים דגנית</ItemName>
      <ManufactureName>דגנית עין בר תעשיות מזון ואפיה</ManufactureName>
      <ManufactureCountry />
      <ManufactureItemDescription />
      <UnitQty>יח`</UnitQty>
      <Quantity>750</Quantity>
      <UnitMeasure>גרם</UnitMeasure>
      <BisWeighted>0</BisWeighted>
      <QtyInPackage>1</QtyInPackage>
      <ItemPrice>13.90</ItemPrice>
      <UnitOfMeasurePrice>1.85</UnitOfMeasurePrice>
      <AllowDiscount>1</AllowDiscount>
      <itemStatus>1</itemStatus>
      <LastUpdateDate />
      <LastUpdateTime />
    </Product>
    <Product>
      <PriceUpdateDate>2018/07/09 14:23</PriceUpdateDate>
      <ItemCode>7290003287253</ItemCode>
      <ItemType>1</ItemType>
      <ItemName>מרגז ארוז 500 גר קצבייה</ItemName>
      <ManufactureName>בלדי בעמ</ManufactureName>
      <ManufactureCountry />
      <ManufactureItemDescription />
      <UnitQty>יח`</UnitQty>
      <Quantity>500</Quantity>
      <UnitMeasure>גרם</UnitMeasure>
      <BisWeighted>0</BisWeighted>
      <QtyInPackage>1</QtyInPackage>
      <ItemPrice>27.90</ItemPrice>
      <UnitOfMeasurePrice>5.58</UnitOfMeasurePrice>
      <AllowDiscount>0</AllowDiscount>
      <itemStatus>1</itemStatus>
      <LastUpdateDate />
      <LastUpdateTime />
    </Product>
    <Product>
      <PriceUpdateDate>2020/02/02 09:56</PriceUpdateDate>
      <ItemCode>7290003287260</ItemCode>
      <ItemType>1</ItemType>
      <ItemName>צ`וריסוס ארוז 600 גר קצביה</ItemName>
      <ManufactureName>בלדי בעמ</ManufactureName>
      <ManufactureCountry />
      <ManufactureItemDescription />
      <UnitQty>יח`</UnitQty>
      <Quantity>600</Quantity>
      <UnitMeasure>גרם</UnitMeasure>
      <BisWeighted>0</BisWeighted>
      <QtyInPackage>1</QtyInPackage>
      <ItemPrice>27.90</ItemPrice>
      <UnitOfMeasurePrice>4.65</UnitOfMeasurePrice>
      <AllowDiscount>1</AllowDiscount>
      <itemStatus>1</itemStatus>
      <LastUpdateDate />
      <LastUpdateTime />
    </Product>
    <Product>
      <PriceUpdateDate>2020/02/02 09:56</PriceUpdateDate>
      <ItemCode>7290003287307</ItemCode>
      <ItemType>1</ItemType>
      <ItemName>קבב רומני ארוז 600 גר קצביה</ItemName>
      <ManufactureName>בלדי בעמ</ManufactureName>
      <ManufactureCountry />
      <ManufactureItemDescription />
      <UnitQty>יח`</UnitQty>
      <Quantity>600</Quantity>
      <UnitMeasure>גרם</UnitMeasure>
      <BisWeighted>0</BisWeighted>
      <QtyInPackage>1</QtyInPackage>
      <ItemPrice>27.90</ItemPrice>
      <UnitOfMeasurePrice>4.65</UnitOfMeasurePrice>
      <AllowDiscount>1</AllowDiscount>
      <itemStatus>1</itemStatus>
      <LastUpdateDate />
      <LastUpdateTime />
    </Product>
    <Product>
      <PriceUpdateDate>2013/06/17 09:01</PriceUpdateDate>
      <ItemCode>7290003321155</ItemCode>
      <ItemType>1</ItemType>
      <ItemName>דנונה פרי בר פקאן</ItemName>
      <ManufactureName>שטראוס גרופ בעמ/מצונן</ManufactureName>
      <ManufactureCountry />
      <ManufactureItemDescription />
      <UnitQty>יח`</UnitQty>
      <Quantity>175</Quantity>
      <UnitMeasure>מ"ל</UnitMeasure>
      <BisWeighted>0</BisWeighted>
      <QtyInPackage>1</QtyInPackage>
      <ItemPrice>4.40</ItemPrice>
      <UnitOfMeasurePrice>2.51</UnitOfMeasurePrice>
      <AllowDiscount>0</AllowDiscount>
      <itemStatus>1</itemStatus>
      <LastUpdateDate />
      <LastUpdateTime />
    </Product>
    <Product>
      <PriceUpdateDate>2019/06/16 08:45</PriceUpdateDate>
      <ItemCode>7290003321292</ItemCode>
      <ItemType>1</ItemType>
      <ItemName>קרם גבינה 9% סקי (250 גרם</ItemName>
      <ManufactureName>שטראוס גרופ בעמ/מצונן</ManufactureName>
      <ManufactureCountry />
      <ManufactureItemDescription />
      <UnitQty>יח`</UnitQty>
      <Quantity>250</Quantity>
      <UnitMeasure>גרם</UnitMeasure>
      <BisWeighted>0</BisWeighted>
      <QtyInPackage>1</QtyInPackage>
      <ItemPrice>4.75</ItemPrice>
      <UnitOfMeasurePrice>1.90</UnitOfMeasurePrice>
      <AllowDiscount>0</AllowDiscount>
      <itemStatus>1</itemStatus>
      <LastUpdateDate />
      <LastUpdateTime />
    </Product>
    <Product>
      <PriceUpdateDate>2017/06/28 11:45</PriceUpdateDate>
      <ItemCode>7290003332014</ItemCode>
      <ItemType>1</ItemType>
      <ItemName>קפה שחור עם הל נח`לה אדום (500 גרם)</ItemName>
      <ManufactureName>סובחי נחלה ובניו בעמ</ManufactureName>
      <ManufactureCountry />
      <ManufactureItemDescription />
      <UnitQty>יח`</UnitQty>
      <Quantity>500</Quantity>
      <UnitMeasure>גרם</UnitMeasure>
      <BisWeighted>0</BisWeighted>
      <QtyInPackage>1</QtyInPackage>
      <ItemPrice>26.90</ItemPrice>
      <UnitOfMeasurePrice>5.38</UnitOfMeasurePrice>
      <AllowDiscount>0</AllowDiscount>
      <itemStatus>1</itemStatus>
      <LastUpdateDate />
      <LastUpdateTime />
    </Product>
    <Product>
      <PriceUpdateDate>2017/06/28 11:45</PriceUpdateDate>
      <ItemCode>7290003332045</ItemCode>
      <ItemType>1</ItemType>
      <ItemName>קפה שחור בלי הל נח`לה אדום (250 גרם)</ItemName>
      <ManufactureName>סובחי נחלה ובניו בעמ</ManufactureName>
      <ManufactureCountry />
      <ManufactureItemDescription />
      <UnitQty>יח`</UnitQty>
      <Quantity>250</Quantity>
      <UnitMeasure>גרם</UnitMeasure>
      <BisWeighted>0</BisWeighted>
      <QtyInPackage>1</QtyInPackage>
      <ItemPrice>13.90</ItemPrice>
      <UnitOfMeasurePrice>5.56</UnitOfMeasurePrice>
      <AllowDiscount>0</AllowDiscount>
      <itemStatus>1</itemStatus>
      <LastUpdateDate />
      <LastUpdateTime />
    </Product>
    <Product>
      <PriceUpdateDate>2018/01/04 13:06</PriceUpdateDate>
      <ItemCode>7290003401369</ItemCode>
      <ItemType>1</ItemType>
      <ItemName>נטורל פורמולה קרם לחות קלאסי</ItemName>
      <ManufactureName>החברה הדרומית לשיווק בעמ</ManufactureName>
      <ManufactureCountry />
      <ManufactureItemDescription />
      <UnitQty>יח`</UnitQty>
      <Quantity>400</Quantity>
      <UnitMeasure>מ"ל</UnitMeasure>
      <BisWeighted>0</BisWeighted>
      <QtyInPackage>1</QtyInPackage>
      <ItemPrice>21.90</ItemPrice>
      <UnitOfMeasurePrice>5.48</UnitOfMeasurePrice>
      <AllowDiscount>1</AllowDiscount>
      <itemStatus>1</itemStatus>
      <LastUpdateDate />
      <LastUpdateTime />
    </Product>
    <Product>
      <PriceUpdateDate>2018/01/04 13:06</PriceUpdateDate>
      <ItemCode>7290003401376</ItemCode>
      <ItemType>1</ItemType>
      <ItemName>נטורל פורמולה קרם לחות</ItemName>
      <ManufactureName>החברה הדרומית לשיווק בעמ</ManufactureName>
      <ManufactureCountry />
      <ManufactureItemDescription />
      <UnitQty>יח`</UnitQty>
      <Quantity>400</Quantity>
      <UnitMeasure>מ"ל</UnitMeasure>
      <BisWeighted>0</BisWeighted>
      <QtyInPackage>1</QtyInPackage>
      <ItemPrice>21.90</ItemPrice>
      <UnitOfMeasurePrice>5.48</UnitOfMeasurePrice>
      <AllowDiscount>1</AllowDiscount>
      <itemStatus>1</itemStatus>
      <LastUpdateDate />
      <LastUpdateTime />
    </Product>
    <Product>
      <PriceUpdateDate>2018/01/04 13:06</PriceUpdateDate>
      <ItemCode>7290003401420</ItemCode>
      <ItemType>1</ItemType>
      <ItemName>נטורל פורמולה קרם לחות</ItemName>
      <ManufactureName>החברה הדרומית לשיווק בעמ</ManufactureName>
      <ManufactureCountry />
      <ManufactureItemDescription />
      <UnitQty>יח`</UnitQty>
      <Quantity>400</Quantity>
      <UnitMeasure>מ"ל</UnitMeasure>
      <BisWeighted>0</BisWeighted>
      <QtyInPackage>1</QtyInPackage>
      <ItemPrice>21.90</ItemPrice>
      <UnitOfMeasurePrice>5.48</UnitOfMeasurePrice>
      <AllowDiscount>1</AllowDiscount>
      <itemStatus>1</itemStatus>
      <LastUpdateDate />
      <LastUpdateTime />
    </Product>
    <Product>
      <PriceUpdateDate>2018/01/07 07:32</PriceUpdateDate>
      <ItemCode>7290003401642</ItemCode>
      <ItemType>1</ItemType>
      <ItemName>נטורל קרם לחות 400 מל</ItemName>
      <ManufactureName>החברה הדרומית לשיווק בעמ</ManufactureName>
      <ManufactureCountry />
      <ManufactureItemDescription />
      <UnitQty>יח`</UnitQty>
      <Quantity>400</Quantity>
      <UnitMeasure>מ"ל</UnitMeasure>
      <BisWeighted>0</BisWeighted>
      <QtyInPackage>1</QtyInPackage>
      <ItemPrice>21.90</ItemPrice>
      <UnitOfMeasurePrice>5.48</UnitOfMeasurePrice>
      <AllowDiscount>1</AllowDiscount>
      <itemStatus>1</itemStatus>
      <LastUpdateDate />
      <LastUpdateTime />
    </Product>
    <Product>
      <PriceUpdateDate>2018/07/19 08:42</PriceUpdateDate>
      <ItemCode>7290003411405</ItemCode>
      <ItemType>1</ItemType>
      <ItemName>נר נשמה 24 שעות פח</ItemName>
      <ManufactureName>הנמל אריזות ושיווק (1984) בעמ</ManufactureName>
      <ManufactureCountry />
      <ManufactureItemDescription />
      <UnitQty>יח`</UnitQty>
      <Quantity>1</Quantity>
      <UnitMeasure />
      <BisWeighted>0</BisWeighted>
      <QtyInPackage>1</QtyInPackage>
      <ItemPrice>1.90</ItemPrice>
      <UnitOfMeasurePrice>1.90</UnitOfMeasurePrice>
      <AllowDiscount>0</AllowDiscount>
      <itemStatus>1</itemStatus>
      <LastUpdateDate />
      <LastUpdateTime />
    </Product>
    <Product>
      <PriceUpdateDate>2019/03/06 08:20</PriceUpdateDate>
      <ItemCode>7290003411689</ItemCode>
      <ItemType>1</ItemType>
      <ItemName>ליפתן לבן 25 יחידות</ItemName>
      <ManufactureName>הנמל אריזות ושיווק (1984) בעמ</ManufactureName>
      <ManufactureCountry />
      <ManufactureItemDescription />
      <UnitQty>יח`</UnitQty>
      <Quantity>1</Quantity>
      <UnitMeasure />
      <BisWeighted>0</BisWeighted>
      <QtyInPackage>1</QtyInPackage>
      <ItemPrice>2.90</ItemPrice>
      <UnitOfMeasurePrice>2.90</UnitOfMeasurePrice>
      <AllowDiscount>1</AllowDiscount>
      <itemStatus>1</itemStatus>
      <LastUpdateDate />
      <LastUpdateTime />
    </Product>
    <Product>
      <PriceUpdateDate>2019/03/06 08:20</PriceUpdateDate>
      <ItemCode>7290003411696</ItemCode>
      <ItemType>1</ItemType>
      <ItemName>מרקיות לבן 25 יחידות</ItemName>
      <ManufactureName>הנמל אריזות ושיווק (1984) בעמ</ManufactureName>
      <ManufactureCountry />
      <ManufactureItemDescription />
      <UnitQty>יח`</UnitQty>
      <Quantity>25</Quantity>
      <UnitMeasure>יח`</UnitMeasure>
      <BisWeighted>0</BisWeighted>
      <QtyInPackage>1</QtyInPackage>
      <ItemPrice>3.90</ItemPrice>
      <UnitOfMeasurePrice>0.16</UnitOfMeasurePrice>
      <AllowDiscount>1</AllowDiscount>
      <itemStatus>1</itemStatus>
      <LastUpdateDate />
      <LastUpdateTime />
    </Product>
    <Product>
      <PriceUpdateDate>2015/11/30 10:00</PriceUpdateDate>
      <ItemCode>7290003411726</ItemCode>
      <ItemType>1</ItemType>
      <ItemName>קיסמים הנמל) (300</ItemName>
      <ManufactureName>הנמל אריזות ושיווק (1984) בעמ</ManufactureName>
      <ManufactureCountry />
      <ManufactureItemDescription />
      <UnitQty>יח`</UnitQty>
      <Quantity>1</Quantity>
      <UnitMeasure />
      <BisWeighted>0</BisWeighted>
      <QtyInPackage>1</QtyInPackage>
      <ItemPrice>4.90</ItemPrice>
      <UnitOfMeasurePrice>4.90</UnitOfMeasurePrice>
      <AllowDiscount>0</AllowDiscount>
      <itemStatus>1</itemStatus>
      <LastUpdateDate />
      <LastUpdateTime />
    </Product>
    <Product>
      <PriceUpdateDate>2017/03/09 10:09</PriceUpdateDate>
      <ItemCode>7290003411993</ItemCode>
      <ItemType>1</ItemType>
      <ItemName>גפרורים</ItemName>
      <ManufactureName>הנמל אריזות ושיווק (1984) בעמ</ManufactureName>
      <ManufactureCountry />
      <ManufactureItemDescription />
      <UnitQty>יח`</UnitQty>
      <Quantity>1</Quantity>
      <UnitMeasure />
      <BisWeighted>0</BisWeighted>
      <QtyInPackage>1</QtyInPackage>
      <ItemPrice>2.90</ItemPrice>
      <UnitOfMeasurePrice>2.90</UnitOfMeasurePrice>
      <AllowDiscount>0</AllowDiscount>
      <itemStatus>1</itemStatus>
      <LastUpdateDate />
      <LastUpdateTime />
    </Product>
    <Product>
      <PriceUpdateDate>2016/02/04 17:08</PriceUpdateDate>
      <ItemCode>7290003427154</ItemCode>
      <ItemType>1</ItemType>
      <ItemName>שמן זית כתית מעולה 750 מל זיתא</ItemName>
      <ManufactureName>תה ויסוצקי (ישראל) בעמ</ManufactureName>
      <ManufactureCountry />
      <ManufactureItemDescription />
      <UnitQty>יח`</UnitQty>
      <Quantity>750</Quantity>
      <UnitMeasure>מ"ל</UnitMeasure>
      <BisWeighted>0</BisWeighted>
      <QtyInPackage>1</QtyInPackage>
      <ItemPrice>32.90</ItemPrice>
      <UnitOfMeasurePrice>4.39</UnitOfMeasurePrice>
      <AllowDiscount>0</AllowDiscount>
      <itemStatus>1</itemStatus>
      <LastUpdateDate />
      <LastUpdateTime />
    </Product>
    <Product>
      <PriceUpdateDate>2015/12/01 18:41</PriceUpdateDate>
      <ItemCode>7290003438006</ItemCode>
      <ItemType>1</ItemType>
      <ItemName>ממרח פסטו איטלקי 180 גר` אוליביה</ItemName>
      <ManufactureName>גורי מוצרי צריכה (1991) בעמ</ManufactureName>
      <ManufactureCountry />
      <ManufactureItemDescription />
      <UnitQty>יח`</UnitQty>
      <Quantity>190</Quantity>
      <UnitMeasure>גרם</UnitMeasure>
      <BisWeighted>0</BisWeighted>
      <QtyInPackage>1</QtyInPackage>
      <ItemPrice>14.90</ItemPrice>
      <UnitOfMeasurePrice>7.84</UnitOfMeasurePrice>
      <AllowDiscount>0</AllowDiscount>
      <itemStatus>1</itemStatus>
      <LastUpdateDate />
      <LastUpdateTime />
    </Product>
    <Product>
      <PriceUpdateDate>2015/05/03 08:43</PriceUpdateDate>
      <ItemCode>7290003438013</ItemCode>
      <ItemType>1</ItemType>
      <ItemName>ממרח זיתים ירוקים אוליביה (190 גרם)</ItemName>
      <ManufactureName>גורי מוצרי צריכה (1991) בעמ</ManufactureName>
      <ManufactureCountry />
      <ManufactureItemDescription />
      <UnitQty>יח`</UnitQty>
      <Quantity>190</Quantity>
      <UnitMeasure>גרם</UnitMeasure>
      <BisWeighted>0</BisWeighted>
      <QtyInPackage>1</QtyInPackage>
      <ItemPrice>13.90</ItemPrice>
      <UnitOfMeasurePrice>7.32</UnitOfMeasurePrice>
      <AllowDiscount>0</AllowDiscount>
      <itemStatus>1</itemStatus>
      <LastUpdateDate />
      <LastUpdateTime />
    </Product>
    <Product>
      <PriceUpdateDate>2015/05/03 08:43</PriceUpdateDate>
      <ItemCode>7290003438709</ItemCode>
      <ItemType>1</ItemType>
      <ItemName>ממרח זיתים שחורים אוליביה (190 גרם)</ItemName>
      <ManufactureName>גורי מוצרי צריכה (1991) בעמ</ManufactureName>
      <ManufactureCountry />
      <ManufactureItemDescription />
      <UnitQty>יח`</UnitQty>
      <Quantity>190</Quantity>
      <UnitMeasure>גרם</UnitMeasure>
      <BisWeighted>0</BisWeighted>
      <QtyInPackage>1</QtyInPackage>
      <ItemPrice>13.90</ItemPrice>
      <UnitOfMeasurePrice>7.32</UnitOfMeasurePrice>
      <AllowDiscount>0</AllowDiscount>
      <itemStatus>1</itemStatus>
      <LastUpdateDate />
      <LastUpdateTime />
    </Product>
    <Product>
      <PriceUpdateDate>2015/12/01 18:41</PriceUpdateDate>
      <ItemCode>7290003438853</ItemCode>
      <ItemType>1</ItemType>
      <ItemName>אריסה חריפה אוליביה (185 גרם)</ItemName>
      <ManufactureName>גורי מוצרי צריכה (1991) בעמ</ManufactureName>
      <ManufactureCountry />
      <ManufactureItemDescription />
      <UnitQty>יח`</UnitQty>
      <Quantity>180</Quantity>
      <UnitMeasure>גרם</UnitMeasure>
      <BisWeighted>0</BisWeighted>
      <QtyInPackage>1</QtyInPackage>
      <ItemPrice>14.90</ItemPrice>
      <UnitOfMeasurePrice>8.28</UnitOfMeasurePrice>
      <AllowDiscount>0</AllowDiscount>
      <itemStatus>1</itemStatus>
      <LastUpdateDate />
      <LastUpdateTime />
    </Product>
    <Product>
      <PriceUpdateDate>2015/09/09 09:45</PriceUpdateDate>
      <ItemCode>7290003514007</ItemCode>
      <ItemType>1</ItemType>
      <ItemName>שקדי מרק מנה (400 גרם)</ItemName>
      <ManufactureName>ש.שסטוביץ בעמ</ManufactureName>
      <ManufactureCountry />
      <ManufactureItemDescription />
      <UnitQty>יח`</UnitQty>
      <Quantity>400</Quantity>
      <UnitMeasure>גרם</UnitMeasure>
      <BisWeighted>0</BisWeighted>
      <QtyInPackage>1</QtyInPackage>
      <ItemPrice>9.90</ItemPrice>
      <UnitOfMeasurePrice>2.48</UnitOfMeasurePrice>
      <AllowDiscount>0</AllowDiscount>
      <itemStatus>1</itemStatus>
      <LastUpdateDate />
      <LastUpdateTime />
    </Product>
    <Product>
      <PriceUpdateDate>2018/02/06 08:41</PriceUpdateDate>
      <ItemCode>7290003514571</ItemCode>
      <ItemType>1</ItemType>
      <ItemName>פריכונים אורז עם מלח מנה (100 גרם)</ItemName>
      <ManufactureName>ש.שסטוביץ בעמ</ManufactureName>
      <ManufactureCountry />
      <ManufactureItemDescription />
      <UnitQty>יח`</UnitQty>
      <Quantity>100</Quantity>
      <UnitMeasure>גרם</UnitMeasure>
      <BisWeighted>0</BisWeighted>
      <QtyInPackage>1</QtyInPackage>
      <ItemPrice>4.90</ItemPrice>
      <UnitOfMeasurePrice>4.90</UnitOfMeasurePrice>
      <AllowDiscount>0</AllowDiscount>
      <itemStatus>1</itemStatus>
      <LastUpdateDate />
      <LastUpdateTime />
    </Product>
    <Product>
      <PriceUpdateDate>2017/12/26 14:45</PriceUpdateDate>
      <ItemCode>7290003521074</ItemCode>
      <ItemType>1</ItemType>
      <ItemName>סרקל מרכך שיער לילדים דר. פישר (1 ליטר)</ItemName>
      <ManufactureName>פישר תעשיות פרמצבטיות בעמ</ManufactureName>
      <ManufactureCountry />
      <ManufactureItemDescription />
      <UnitQty>יח`</UnitQty>
      <Quantity>1000</Quantity>
      <UnitMeasure>מ"ל</UnitMeasure>
      <BisWeighted>0</BisWeighted>
      <QtyInPackage>1</QtyInPackage>
      <ItemPrice>27.90</ItemPrice>
      <UnitOfMeasurePrice>2.79</UnitOfMeasurePrice>
      <AllowDiscount>0</AllowDiscount>
      <itemStatus>1</itemStatus>
      <LastUpdateDate />
      <LastUpdateTime />
    </Product>
    <Product>
      <PriceUpdateDate>2017/12/26 14:45</PriceUpdateDate>
      <ItemCode>7290003521081</ItemCode>
      <ItemType>1</ItemType>
      <ItemName>סרקל שמפו 1 ליטר</ItemName>
      <ManufactureName>פישר תעשיות פרמצבטיות בעמ</ManufactureName>
      <ManufactureCountry />
      <ManufactureItemDescription />
      <UnitQty>יח`</UnitQty>
      <Quantity>1000</Quantity>
      <UnitMeasure>מ"ל</UnitMeasure>
      <BisWeighted>0</BisWeighted>
      <QtyInPackage>1</QtyInPackage>
      <ItemPrice>27.90</ItemPrice>
      <UnitOfMeasurePrice>2.79</UnitOfMeasurePrice>
      <AllowDiscount>0</AllowDiscount>
      <itemStatus>1</itemStatus>
      <LastUpdateDate />
      <LastUpdateTime />
    </Product>
    <Product>
      <PriceUpdateDate>2015/01/28 13:45</PriceUpdateDate>
      <ItemCode>7290003521166</ItemCode>
      <ItemType>1</ItemType>
      <ItemName>סרקל קרם רוזמרין 325 מל</ItemName>
      <ManufactureName>פישר תעשיות פרמצבטיות בעמ</ManufactureName>
      <ManufactureCountry />
      <ManufactureItemDescription />
      <UnitQty>יח`</UnitQty>
      <Quantity>325</Quantity>
      <UnitMeasure>גרם</UnitMeasure>
      <BisWeighted>0</BisWeighted>
      <QtyInPackage>1</QtyInPackage>
      <ItemPrice>25.90</ItemPrice>
      <UnitOfMeasurePrice>7.97</UnitOfMeasurePrice>
      <AllowDiscount>1</AllowDiscount>
      <itemStatus>1</itemStatus>
      <LastUpdateDate />
      <LastUpdateTime />
    </Product>
    <Product>
      <PriceUpdateDate>2015/01/13 16:27</PriceUpdateDate>
      <ItemCode>7290003521395</ItemCode>
      <ItemType>1</ItemType>
      <ItemName>סרקל פלוס 2 ליטר</ItemName>
      <ManufactureName>פישר תעשיות פרמצבטיות בעמ</ManufactureName>
      <ManufactureCountry />
      <ManufactureItemDescription />
      <UnitQty>יח`</UnitQty>
      <Quantity>2</Quantity>
      <UnitMeasure>1 ליטר</UnitMeasure>
      <BisWeighted>0</BisWeighted>
      <QtyInPackage>1</QtyInPackage>
      <ItemPrice>39.90</ItemPrice>
      <UnitOfMeasurePrice>19.95</UnitOfMeasurePrice>
      <AllowDiscount>0</AllowDiscount>
      <itemStatus>1</itemStatus>
      <LastUpdateDate />
      <LastUpdateTime />
    </Product>
    <Product>
      <PriceUpdateDate>2020/03/17 12:56</PriceUpdateDate>
      <ItemCode>7290003522606</ItemCode>
      <ItemType>1</ItemType>
      <ItemName>מגבונים אנטיבקטריאלים לניקוי וחיטוי משטח</ItemName>
      <ManufactureName>פישר תעשיות פרמצבטיות בעמ</ManufactureName>
      <ManufactureCountry />
      <ManufactureItemDescription />
      <UnitQty>יח`</UnitQty>
      <Quantity>1</Quantity>
      <UnitMeasure />
      <BisWeighted>0</BisWeighted>
      <QtyInPackage>1</QtyInPackage>
      <ItemPrice>24.90</ItemPrice>
      <UnitOfMeasurePrice>24.90</UnitOfMeasurePrice>
      <AllowDiscount>0</AllowDiscount>
      <itemStatus>1</itemStatus>
      <LastUpdateDate />
      <LastUpdateTime />
    </Product>
    <Product>
      <PriceUpdateDate>2019/02/12 06:26</PriceUpdateDate>
      <ItemCode>7290003538140</ItemCode>
      <ItemType>1</ItemType>
      <ItemName>תמר כבוש 500  גר`ששון</ItemName>
      <ManufactureName>חברת ששון ושות` (פירות יבשים)</ManufactureName>
      <ManufactureCountry />
      <ManufactureItemDescription />
      <UnitQty>יח`</UnitQty>
      <Quantity>500</Quantity>
      <UnitMeasure>גרם</UnitMeasure>
      <BisWeighted>0</BisWeighted>
      <QtyInPackage>1</QtyInPackage>
      <ItemPrice>11.90</ItemPrice>
      <UnitOfMeasurePrice>2.38</UnitOfMeasurePrice>
      <AllowDiscount>0</AllowDiscount>
      <itemStatus>1</itemStatus>
      <LastUpdateDate />
      <LastUpdateTime />
    </Product>
    <Product>
      <PriceUpdateDate>2016/07/04 08:06</PriceUpdateDate>
      <ItemCode>7290003550753</ItemCode>
      <ItemType>1</ItemType>
      <ItemName>נתחי טונה בהירה בשמן פוסידון (108x4 גרם)</ItemName>
      <ManufactureName>נטו מלינדה סחר בעמ</ManufactureName>
      <ManufactureCountry />
      <ManufactureItemDescription />
      <UnitQty>יח`</UnitQty>
      <Quantity>432</Quantity>
      <UnitMeasure>גרם</UnitMeasure>
      <BisWeighted>0</BisWeighted>
      <QtyInPackage>1</QtyInPackage>
      <ItemPrice>19.90</ItemPrice>
      <UnitOfMeasurePrice>4.61</UnitOfMeasurePrice>
      <AllowDiscount>1</AllowDiscount>
      <itemStatus>1</itemStatus>
      <LastUpdateDate />
      <LastUpdateTime />
    </Product>
    <Product>
      <PriceUpdateDate>2020/02/02 09:56</PriceUpdateDate>
      <ItemCode>7290003570928</ItemCode>
      <ItemType>1</ItemType>
      <ItemName>קבב בלדי ארוז 500 גר` קצביה</ItemName>
      <ManufactureName>בלדי בעמ</ManufactureName>
      <ManufactureCountry />
      <ManufactureItemDescription />
      <UnitQty>יח`</UnitQty>
      <Quantity>500</Quantity>
      <UnitMeasure>גרם</UnitMeasure>
      <BisWeighted>0</BisWeighted>
      <QtyInPackage>1</QtyInPackage>
      <ItemPrice>27.90</ItemPrice>
      <UnitOfMeasurePrice>5.58</UnitOfMeasurePrice>
      <AllowDiscount>1</AllowDiscount>
      <itemStatus>1</itemStatus>
      <LastUpdateDate />
      <LastUpdateTime />
    </Product>
    <Product>
      <PriceUpdateDate>2018/01/07 07:27</PriceUpdateDate>
      <ItemCode>7290003578061</ItemCode>
      <ItemType>1</ItemType>
      <ItemName>לבבות דקל שלמים וילי פוד (400 גרם)</ItemName>
      <ManufactureName>ג.וילי-פוד אינטרנשיונל בעמ</ManufactureName>
      <ManufactureCountry />
      <ManufactureItemDescription />
      <UnitQty>יח`</UnitQty>
      <Quantity>400</Quantity>
      <UnitMeasure>גרם</UnitMeasure>
      <BisWeighted>0</BisWeighted>
      <QtyInPackage>1</QtyInPackage>
      <ItemPrice>8.90</ItemPrice>
      <UnitOfMeasurePrice>2.23</UnitOfMeasurePrice>
      <AllowDiscount>1</AllowDiscount>
      <itemStatus>1</itemStatus>
      <LastUpdateDate />
      <LastUpdateTime />
    </Product>
    <Product>
      <PriceUpdateDate>2014/05/11 08:47</PriceUpdateDate>
      <ItemCode>7290003578092</ItemCode>
      <ItemType>1</ItemType>
      <ItemName>אננס שלם 850 גר`</ItemName>
      <ManufactureName>ג.וילי-פוד אינטרנשיונל בעמ</ManufactureName>
      <ManufactureCountry />
      <ManufactureItemDescription />
      <UnitQty>יח`</UnitQty>
      <Quantity>850</Quantity>
      <UnitMeasure>גרם</UnitMeasure>
      <BisWeighted>0</BisWeighted>
      <QtyInPackage>1</QtyInPackage>
      <ItemPrice>7.90</ItemPrice>
      <UnitOfMeasurePrice>0.93</UnitOfMeasurePrice>
      <AllowDiscount>0</AllowDiscount>
      <itemStatus>1</itemStatus>
      <LastUpdateDate />
      <LastUpdateTime />
    </Product>
    <Product>
      <PriceUpdateDate>2019/01/30 08:32</PriceUpdateDate>
      <ItemCode>7290003578108</ItemCode>
      <ItemType>1</ItemType>
      <ItemName>חתיכות אננס בסירופ קל וילי פוד (850 גרם)</ItemName>
      <ManufactureName>ג.וילי-פוד אינטרנשיונל בעמ</ManufactureName>
      <ManufactureCountry />
      <ManufactureItemDescription />
      <UnitQty>יח`</UnitQty>
      <Quantity>820</Quantity>
      <UnitMeasure>גרם</UnitMeasure>
      <BisWeighted>0</BisWeighted>
      <QtyInPackage>1</QtyInPackage>
      <ItemPrice>6.80</ItemPrice>
      <UnitOfMeasurePrice>0.83</UnitOfMeasurePrice>
      <AllowDiscount>1</AllowDiscount>
      <itemStatus>1</itemStatus>
      <LastUpdateDate />
      <LastUpdateTime />
    </Product>
    <Product>
      <PriceUpdateDate>2019/01/30 08:32</PriceUpdateDate>
      <ItemCode>7290003578177</ItemCode>
      <ItemType>1</ItemType>
      <ItemName>תירס צעיר שלם וילי פוד (410 גרם)</ItemName>
      <ManufactureName>ג.וילי-פוד אינטרנשיונל בעמ</ManufactureName>
      <ManufactureCountry />
      <ManufactureItemDescription />
      <UnitQty>יח`</UnitQty>
      <Quantity>410</Quantity>
      <UnitMeasure>גרם</UnitMeasure>
      <BisWeighted>0</BisWeighted>
      <QtyInPackage>1</QtyInPackage>
      <ItemPrice>4.90</ItemPrice>
      <UnitOfMeasurePrice>1.20</UnitOfMeasurePrice>
      <AllowDiscount>1</AllowDiscount>
      <itemStatus>1</itemStatus>
      <LastUpdateDate />
      <LastUpdateTime />
    </Product>
    <Product>
      <PriceUpdateDate>2017/01/01 10:01</PriceUpdateDate>
      <ItemCode>7290003578245</ItemCode>
      <ItemType>1</ItemType>
      <ItemName>לפתן ליצי`ס 560 גר`</ItemName>
      <ManufactureName>ג.וילי-פוד אינטרנשיונל בעמ</ManufactureName>
      <ManufactureCountry />
      <ManufactureItemDescription />
      <UnitQty>יח`</UnitQty>
      <Quantity>560</Quantity>
      <UnitMeasure>גרם</UnitMeasure>
      <BisWeighted>0</BisWeighted>
      <QtyInPackage>1</QtyInPackage>
      <ItemPrice>7.90</ItemPrice>
      <UnitOfMeasurePrice>1.41</UnitOfMeasurePrice>
      <AllowDiscount>0</AllowDiscount>
      <itemStatus>1</itemStatus>
      <LastUpdateDate />
      <LastUpdateTime />
    </Product>
    <Product>
      <PriceUpdateDate>2019/06/03 08:29</PriceUpdateDate>
      <ItemCode>7290003578290</ItemCode>
      <ItemType>1</ItemType>
      <ItemName>מקלוני אורז</ItemName>
      <ManufactureName>ג.וילי-פוד אינטרנשיונל בעמ</ManufactureName>
      <ManufactureCountry />
      <ManufactureItemDescription />
      <UnitQty>יח`</UnitQty>
      <Quantity>300</Quantity>
      <UnitMeasure>גרם</UnitMeasure>
      <BisWeighted>0</BisWeighted>
      <QtyInPackage>1</QtyInPackage>
      <ItemPrice>4.90</ItemPrice>
      <UnitOfMeasurePrice>1.63</UnitOfMeasurePrice>
      <AllowDiscount>0</AllowDiscount>
      <itemStatus>1</itemStatus>
      <LastUpdateDate />
      <LastUpdateTime />
    </Product>
    <Product>
      <PriceUpdateDate>2019/11/04 11:39</PriceUpdateDate>
      <ItemCode>7290003578313</ItemCode>
      <ItemType>1</ItemType>
      <ItemName>דובדבן חמוץ ללא חרצן</ItemName>
      <ManufactureName>ג.וילי-פוד אינטרנשיונל בעמ</ManufactureName>
      <ManufactureCountry />
      <ManufactureItemDescription />
      <UnitQty>יח`</UnitQty>
      <Quantity>720</Quantity>
      <UnitMeasure>גרם</UnitMeasure>
      <BisWeighted>0</BisWeighted>
      <QtyInPackage>1</QtyInPackage>
      <ItemPrice>9.90</ItemPrice>
      <UnitOfMeasurePrice>1.38</UnitOfMeasurePrice>
      <AllowDiscount>1</AllowDiscount>
      <itemStatus>1</itemStatus>
      <LastUpdateDate />
      <LastUpdateTime />
    </Product>
    <Product>
      <PriceUpdateDate>2020/05/03 16:57</PriceUpdateDate>
      <ItemCode>7290003578498</ItemCode>
      <ItemType>1</ItemType>
      <ItemName>חמאה מפינפלד ללא תופסת מלח 500 גר` וילי</ItemName>
      <ManufactureName>ג.וילי-פוד אינטרנשיונל בעמ</ManufactureName>
      <ManufactureCountry />
      <ManufactureItemDescription />
      <UnitQty>יח`</UnitQty>
      <Quantity>500</Quantity>
      <UnitMeasure>גרם</UnitMeasure>
      <BisWeighted>0</BisWeighted>
      <QtyInPackage>1</QtyInPackage>
      <ItemPrice>24.90</ItemPrice>
      <UnitOfMeasurePrice>4.98</UnitOfMeasurePrice>
      <AllowDiscount>0</AllowDiscount>
      <itemStatus>1</itemStatus>
      <LastUpdateDate />
      <LastUpdateTime />
    </Product>
    <Product>
      <PriceUpdateDate>2020/01/01 10:49</PriceUpdateDate>
      <ItemCode>7290003598311</ItemCode>
      <ItemType>1</ItemType>
      <ItemName>דק דק אנטריקוט 300 גר` קפוא פרוס מינוט</ItemName>
      <ManufactureName>בלדי בעמ</ManufactureName>
      <ManufactureCountry />
      <ManufactureItemDescription />
      <UnitQty>יח`</UnitQty>
      <Quantity>300</Quantity>
      <UnitMeasure>גרם</UnitMeasure>
      <BisWeighted>0</BisWeighted>
      <QtyInPackage>1</QtyInPackage>
      <ItemPrice>34.90</ItemPrice>
      <UnitOfMeasurePrice>11.63</UnitOfMeasurePrice>
      <AllowDiscount>1</AllowDiscount>
      <itemStatus>1</itemStatus>
      <LastUpdateDate />
      <LastUpdateTime />
    </Product>
    <Product>
      <PriceUpdateDate>2019/01/13 11:17</PriceUpdateDate>
      <ItemCode>7290003608089</ItemCode>
      <ItemType>1</ItemType>
      <ItemName>משקה קל תות בננה ספרינג (1.5 ליטר)</ItemName>
      <ManufactureName>יפאורה</ManufactureName>
      <ManufactureCountry />
      <ManufactureItemDescription />
      <UnitQty>יח`</UnitQty>
      <Quantity>1500</Quantity>
      <UnitMeasure>מ"ל</UnitMeasure>
      <BisWeighted>0</BisWeighted>
      <QtyInPackage>1</QtyInPackage>
      <ItemPrice>6.40</ItemPrice>
      <UnitOfMeasurePrice>0.43</UnitOfMeasurePrice>
      <AllowDiscount>1</AllowDiscount>
      <itemStatus>1</itemStatus>
      <LastUpdateDate />
      <LastUpdateTime />
    </Product>
    <Product>
      <PriceUpdateDate>2019/03/24 10:34</PriceUpdateDate>
      <ItemCode>7290003608546</ItemCode>
      <ItemType>1</ItemType>
      <ItemName>משקה קל תות בננה תפוזינה (1.5 ליטר)</ItemName>
      <ManufactureName>יפאורה</ManufactureName>
      <ManufactureCountry />
      <ManufactureItemDescription />
      <UnitQty>יח`</UnitQty>
      <Quantity>1500</Quantity>
      <UnitMeasure>גרם</UnitMeasure>
      <BisWeighted>0</BisWeighted>
      <QtyInPackage>1</QtyInPackage>
      <ItemPrice>6.50</ItemPrice>
      <UnitOfMeasurePrice>0.43</UnitOfMeasurePrice>
      <AllowDiscount>1</AllowDiscount>
      <itemStatus>1</itemStatus>
      <LastUpdateDate />
      <LastUpdateTime />
    </Product>
    <Product>
      <PriceUpdateDate>2019/03/24 10:34</PriceUpdateDate>
      <ItemCode>7290003608898</ItemCode>
      <ItemType>1</ItemType>
      <ItemName>משקה קל תפוזינה תפוז 1.5 ליטר לייט</ItemName>
      <ManufactureName>יפאורה</ManufactureName>
      <ManufactureCountry />
      <ManufactureItemDescription />
      <UnitQty>יח`</UnitQty>
      <Quantity>1500</Quantity>
      <UnitMeasure>מ"ל</UnitMeasure>
      <BisWeighted>0</BisWeighted>
      <QtyInPackage>1</QtyInPackage>
      <ItemPrice>6.50</ItemPrice>
      <UnitOfMeasurePrice>0.43</UnitOfMeasurePrice>
      <AllowDiscount>1</AllowDiscount>
      <itemStatus>1</itemStatus>
      <LastUpdateDate />
      <LastUpdateTime />
    </Product>
    <Product>
      <PriceUpdateDate>2018/11/08 11:56</PriceUpdateDate>
      <ItemCode>7290003643004</ItemCode>
      <ItemType>1</ItemType>
      <ItemName>אורז בסמטי קלאסי סוגת (1 קג)</ItemName>
      <ManufactureName>סוגת תעשיות בעמ</ManufactureName>
      <ManufactureCountry />
      <ManufactureItemDescription />
      <UnitQty>יח`</UnitQty>
      <Quantity>1000</Quantity>
      <UnitMeasure>גרם</UnitMeasure>
      <BisWeighted>0</BisWeighted>
      <QtyInPackage>1</QtyInPackage>
      <ItemPrice>13.90</ItemPrice>
      <UnitOfMeasurePrice>1.39</UnitOfMeasurePrice>
      <AllowDiscount>0</AllowDiscount>
      <itemStatus>1</itemStatus>
      <LastUpdateDate />
      <LastUpdateTime />
    </Product>
    <Product>
      <PriceUpdateDate>2014/04/13 18:28</PriceUpdateDate>
      <ItemCode>7290003643325</ItemCode>
      <ItemType>1</ItemType>
      <ItemName>קוסקוס בינוני סוגת (350 גרם)</ItemName>
      <ManufactureName>סוגת תעשיות בעמ</ManufactureName>
      <ManufactureCountry />
      <ManufactureItemDescription />
      <UnitQty>יח`</UnitQty>
      <Quantity>350</Quantity>
      <UnitMeasure>גרם</UnitMeasure>
      <BisWeighted>0</BisWeighted>
      <QtyInPackage>1</QtyInPackage>
      <ItemPrice>4.90</ItemPrice>
      <UnitOfMeasurePrice>1.40</UnitOfMeasurePrice>
      <AllowDiscount>1</AllowDiscount>
      <itemStatus>1</itemStatus>
      <LastUpdateDate />
      <LastUpdateTime />
    </Product>
    <Product>
      <PriceUpdateDate>2015/04/29 11:59</PriceUpdateDate>
      <ItemCode>7290003643646</ItemCode>
      <ItemType>1</ItemType>
      <ItemName>סוכר דמררה סוגת 1 קג</ItemName>
      <ManufactureName>סוגת תעשיות בעמ</ManufactureName>
      <ManufactureCountry />
      <ManufactureItemDescription />
      <UnitQty>יח`</UnitQty>
      <Quantity>1000</Quantity>
      <UnitMeasure>גרם</UnitMeasure>
      <BisWeighted>0</BisWeighted>
      <QtyInPackage>1</QtyInPackage>
      <ItemPrice>11.90</ItemPrice>
      <UnitOfMeasurePrice>1.19</UnitOfMeasurePrice>
      <AllowDiscount>1</AllowDiscount>
      <itemStatus>1</itemStatus>
      <LastUpdateDate />
      <LastUpdateTime />
    </Product>
    <Product>
      <PriceUpdateDate>2018/02/06 08:17</PriceUpdateDate>
      <ItemCode>7290003643707</ItemCode>
      <ItemType>1</ItemType>
      <ItemName>גריסים סוגת (500 גרם)</ItemName>
      <ManufactureName>סוגת תעשיות בעמ</ManufactureName>
      <ManufactureCountry />
      <ManufactureItemDescription />
      <UnitQty>יח`</UnitQty>
      <Quantity>500</Quantity>
      <UnitMeasure>גרם</UnitMeasure>
      <BisWeighted>0</BisWeighted>
      <QtyInPackage>1</QtyInPackage>
      <ItemPrice>5.90</ItemPrice>
      <UnitOfMeasurePrice>1.18</UnitOfMeasurePrice>
      <AllowDiscount>1</AllowDiscount>
      <itemStatus>1</itemStatus>
      <LastUpdateDate />
      <LastUpdateTime />
    </Product>
    <Product>
      <PriceUpdateDate>2017/05/07 13:49</PriceUpdateDate>
      <ItemCode>7290003643714</ItemCode>
      <ItemType>1</ItemType>
      <ItemName>חומוס סוגת (500 גרם)</ItemName>
      <ManufactureName>סוגת תעשיות בעמ</ManufactureName>
      <ManufactureCountry />
      <ManufactureItemDescription />
      <UnitQty>יח`</UnitQty>
      <Quantity>500</Quantity>
      <UnitMeasure>גרם</UnitMeasure>
      <BisWeighted>0</BisWeighted>
      <QtyInPackage>1</QtyInPackage>
      <ItemPrice>9.90</ItemPrice>
      <UnitOfMeasurePrice>1.98</UnitOfMeasurePrice>
      <AllowDiscount>1</AllowDiscount>
      <itemStatus>1</itemStatus>
      <LastUpdateDate />
      <LastUpdateTime />
    </Product>
    <Product>
      <PriceUpdateDate>2015/03/02 16:11</PriceUpdateDate>
      <ItemCode>7290003643738</ItemCode>
      <ItemType>1</ItemType>
      <ItemName>חיטה סוגת (500 גרם)</ItemName>
      <ManufactureName>סוגת תעשיות בעמ</ManufactureName>
      <ManufactureCountry />
      <ManufactureItemDescription />
      <UnitQty>יח`</UnitQty>
      <Quantity>500</Quantity>
      <UnitMeasure>גרם</UnitMeasure>
      <BisWeighted>0</BisWeighted>
      <QtyInPackage>1</QtyInPackage>
      <ItemPrice>5.90</ItemPrice>
      <UnitOfMeasurePrice>1.18</UnitOfMeasurePrice>
      <AllowDiscount>1</AllowDiscount>
      <itemStatus>1</itemStatus>
      <LastUpdateDate />
      <LastUpdateTime />
    </Product>
    <Product>
      <PriceUpdateDate>2015/03/16 16:36</PriceUpdateDate>
      <ItemCode>7290003643745</ItemCode>
      <ItemType>1</ItemType>
      <ItemName>כוסמת סוגת (500 גרם)</ItemName>
      <ManufactureName>סוגת תעשיות בעמ</ManufactureName>
      <ManufactureCountry />
      <ManufactureItemDescription />
      <UnitQty>יח`</UnitQty>
      <Quantity>500</Quantity>
      <UnitMeasure>גרם</UnitMeasure>
      <BisWeighted>0</BisWeighted>
      <QtyInPackage>1</QtyInPackage>
      <ItemPrice>7.90</ItemPrice>
      <UnitOfMeasurePrice>1.58</UnitOfMeasurePrice>
      <AllowDiscount>1</AllowDiscount>
      <itemStatus>1</itemStatus>
      <LastUpdateDate />
      <LastUpdateTime />
    </Product>
    <Product>
      <PriceUpdateDate>2015/03/02 16:11</PriceUpdateDate>
      <ItemCode>7290003643752</ItemCode>
      <ItemType>1</ItemType>
      <ItemName>עדשים ירוקות סוגת (500 גרם)</ItemName>
      <ManufactureName>סוגת תעשיות בעמ</ManufactureName>
      <ManufactureCountry />
      <ManufactureItemDescription />
      <UnitQty>יח`</UnitQty>
      <Quantity>500</Quantity>
      <UnitMeasure>גרם</UnitMeasure>
      <BisWeighted>0</BisWeighted>
      <QtyInPackage>1</QtyInPackage>
      <ItemPrice>6.90</ItemPrice>
      <UnitOfMeasurePrice>1.38</UnitOfMeasurePrice>
      <AllowDiscount>1</AllowDiscount>
      <itemStatus>1</itemStatus>
      <LastUpdateDate />
      <LastUpdateTime />
    </Product>
    <Product>
      <PriceUpdateDate>2015/03/02 16:11</PriceUpdateDate>
      <ItemCode>7290003643769</ItemCode>
      <ItemType>1</ItemType>
      <ItemName>עדשים אדומות סוגת (500 גרם)</ItemName>
      <ManufactureName>סוגת תעשיות בעמ</ManufactureName>
      <ManufactureCountry />
      <ManufactureItemDescription />
      <UnitQty>יח`</UnitQty>
      <Quantity>500</Quantity>
      <UnitMeasure>גרם</UnitMeasure>
      <BisWeighted>0</BisWeighted>
      <QtyInPackage>1</QtyInPackage>
      <ItemPrice>8.90</ItemPrice>
      <UnitOfMeasurePrice>1.78</UnitOfMeasurePrice>
      <AllowDiscount>1</AllowDiscount>
      <itemStatus>1</itemStatus>
      <LastUpdateDate />
      <LastUpdateTime />
    </Product>
    <Product>
      <PriceUpdateDate>2015/03/02 16:11</PriceUpdateDate>
      <ItemCode>7290003643776</ItemCode>
      <ItemType>1</ItemType>
      <ItemName>פופקורן סוגת (500 גרם)</ItemName>
      <ManufactureName>סוגת תעשיות בעמ</ManufactureName>
      <ManufactureCountry />
      <ManufactureItemDescription />
      <UnitQty>יח`</UnitQty>
      <Quantity>500</Quantity>
      <UnitMeasure>גרם</UnitMeasure>
      <BisWeighted>0</BisWeighted>
      <QtyInPackage>1</QtyInPackage>
      <ItemPrice>6.90</ItemPrice>
      <UnitOfMeasurePrice>1.38</UnitOfMeasurePrice>
      <AllowDiscount>1</AllowDiscount>
      <itemStatus>1</itemStatus>
      <LastUpdateDate />
      <LastUpdateTime />
    </Product>
    <Product>
      <PriceUpdateDate>2015/06/28 13:46</PriceUpdateDate>
      <ItemCode>7290003643806</ItemCode>
      <ItemType>1</ItemType>
      <ItemName>שעועית לבנה יבשה סוגת (500 גרם)</ItemName>
      <ManufactureName>סוגת תעשיות בעמ</ManufactureName>
      <ManufactureCountry />
      <ManufactureItemDescription />
      <UnitQty>יח`</UnitQty>
      <Quantity>500</Quantity>
      <UnitMeasure>גרם</UnitMeasure>
      <BisWeighted>0</BisWeighted>
      <QtyInPackage>1</QtyInPackage>
      <ItemPrice>12.90</ItemPrice>
      <UnitOfMeasurePrice>2.58</UnitOfMeasurePrice>
      <AllowDiscount>1</AllowDiscount>
      <itemStatus>1</itemStatus>
      <LastUpdateDate />
      <LastUpdateTime />
    </Product>
    <Product>
      <PriceUpdateDate>2015/03/16 16:36</PriceUpdateDate>
      <ItemCode>7290003643813</ItemCode>
      <ItemType>1</ItemType>
      <ItemName>שעועית אדומה סוגת (500 גרם)</ItemName>
      <ManufactureName>סוגת תעשיות בעמ</ManufactureName>
      <ManufactureCountry />
      <ManufactureItemDescription />
      <UnitQty>יח`</UnitQty>
      <Quantity>500</Quantity>
      <UnitMeasure>גרם</UnitMeasure>
      <BisWeighted>0</BisWeighted>
      <QtyInPackage>1</QtyInPackage>
      <ItemPrice>10.90</ItemPrice>
      <UnitOfMeasurePrice>2.18</UnitOfMeasurePrice>
      <AllowDiscount>1</AllowDiscount>
      <itemStatus>1</itemStatus>
      <LastUpdateDate />
      <LastUpdateTime />
    </Product>
    <Product>
      <PriceUpdateDate>2017/05/07 13:49</PriceUpdateDate>
      <ItemCode>7290003643820</ItemCode>
      <ItemType>1</ItemType>
      <ItemName>חומוס ענק סוגת (500 גרם)</ItemName>
      <ManufactureName>סוגת תעשיות בעמ</ManufactureName>
      <ManufactureCountry />
      <ManufactureItemDescription />
      <UnitQty>יח`</UnitQty>
      <Quantity>500</Quantity>
      <UnitMeasure>גרם</UnitMeasure>
      <BisWeighted>0</BisWeighted>
      <QtyInPackage>1</QtyInPackage>
      <ItemPrice>12.90</ItemPrice>
      <UnitOfMeasurePrice>2.58</UnitOfMeasurePrice>
      <AllowDiscount>1</AllowDiscount>
      <itemStatus>1</itemStatus>
      <LastUpdateDate />
      <LastUpdateTime />
    </Product>
    <Product>
      <PriceUpdateDate>2018/11/11 08:17</PriceUpdateDate>
      <ItemCode>7290003667109</ItemCode>
      <ItemType>1</ItemType>
      <ItemName>משקה אורנג` פאנטה (1.5 ליטר)</ItemName>
      <ManufactureName>החברה המרכזית להפצת משקאות בעמ</ManufactureName>
      <ManufactureCountry />
      <ManufactureItemDescription />
      <UnitQty>יח`</UnitQty>
      <Quantity>1.50</Quantity>
      <UnitMeasure>1 ליטר</UnitMeasure>
      <BisWeighted>0</BisWeighted>
      <QtyInPackage>1</QtyInPackage>
      <ItemPrice>7.70</ItemPrice>
      <UnitOfMeasurePrice>5.13</UnitOfMeasurePrice>
      <AllowDiscount>0</AllowDiscount>
      <itemStatus>1</itemStatus>
      <LastUpdateDate />
      <LastUpdateTime />
    </Product>
    <Product>
      <PriceUpdateDate>2018/11/11 08:17</PriceUpdateDate>
      <ItemCode>7290003667369</ItemCode>
      <ItemType>1</ItemType>
      <ItemName>משקה קל תות בננה פריגת (1.5 ליטר)</ItemName>
      <ManufactureName>החברה המרכזית להפצת משקאות בעמ</ManufactureName>
      <ManufactureCountry />
      <ManufactureItemDescription />
      <UnitQty>יח`</UnitQty>
      <Quantity>1500</Quantity>
      <UnitMeasure>מ"ל</UnitMeasure>
      <BisWeighted>0</BisWeighted>
      <QtyInPackage>1</QtyInPackage>
      <ItemPrice>7.20</ItemPrice>
      <UnitOfMeasurePrice>0.48</UnitOfMeasurePrice>
      <AllowDiscount>1</AllowDiscount>
      <itemStatus>1</itemStatus>
      <LastUpdateDate />
      <LastUpdateTime />
    </Product>
    <Product>
      <PriceUpdateDate>2018/11/11 08:17</PriceUpdateDate>
      <ItemCode>7290003667673</ItemCode>
      <ItemType>1</ItemType>
      <ItemName>משקה דיאט אורנג` פאנטה (1.5 ליטר)</ItemName>
      <ManufactureName>החברה המרכזית להפצת משקאות בעמ</ManufactureName>
      <ManufactureCountry />
      <ManufactureItemDescription />
      <UnitQty>יח`</UnitQty>
      <Quantity>1.50</Quantity>
      <UnitMeasure>1 ליטר</UnitMeasure>
      <BisWeighted>0</BisWeighted>
      <QtyInPackage>1</QtyInPackage>
      <ItemPrice>7.70</ItemPrice>
      <UnitOfMeasurePrice>5.13</UnitOfMeasurePrice>
      <AllowDiscount>0</AllowDiscount>
      <itemStatus>1</itemStatus>
      <LastUpdateDate />
      <LastUpdateTime />
    </Product>
    <Product>
      <PriceUpdateDate>2015/12/16 12:02</PriceUpdateDate>
      <ItemCode>7290003681334</ItemCode>
      <ItemType>1</ItemType>
      <ItemName>קוקוס מיה (400 גרם)</ItemName>
      <ManufactureName>מיה תעשיות מזון מ.ת.מ. בעמ</ManufactureName>
      <ManufactureCountry />
      <ManufactureItemDescription />
      <UnitQty>יח`</UnitQty>
      <Quantity>400</Quantity>
      <UnitMeasure>גרם</UnitMeasure>
      <BisWeighted>0</BisWeighted>
      <QtyInPackage>1</QtyInPackage>
      <ItemPrice>11.90</ItemPrice>
      <UnitOfMeasurePrice>2.98</UnitOfMeasurePrice>
      <AllowDiscount>1</AllowDiscount>
      <itemStatus>1</itemStatus>
      <LastUpdateDate />
      <LastUpdateTime />
    </Product>
    <Product>
      <PriceUpdateDate>2014/06/29 14:22</PriceUpdateDate>
      <ItemCode>7290003681365</ItemCode>
      <ItemType>1</ItemType>
      <ItemName>קישוט לעוגה 70 גר` צבעוני</ItemName>
      <ManufactureName>מיה תעשיות מזון מ.ת.מ. בעמ</ManufactureName>
      <ManufactureCountry />
      <ManufactureItemDescription />
      <UnitQty>יח`</UnitQty>
      <Quantity>200</Quantity>
      <UnitMeasure>גרם</UnitMeasure>
      <BisWeighted>0</BisWeighted>
      <QtyInPackage>1</QtyInPackage>
      <ItemPrice>6.90</ItemPrice>
      <UnitOfMeasurePrice>3.45</UnitOfMeasurePrice>
      <AllowDiscount>1</AllowDiscount>
      <itemStatus>1</itemStatus>
      <LastUpdateDate />
      <LastUpdateTime />
    </Product>
    <Product>
      <PriceUpdateDate>2015/05/27 11:22</PriceUpdateDate>
      <ItemCode>7290003681532</ItemCode>
      <ItemType>1</ItemType>
      <ItemName>דובדבנים מסוכרים 80  גר`מיה</ItemName>
      <ManufactureName>מיה תעשיות מזון מ.ת.מ. בעמ</ManufactureName>
      <ManufactureCountry />
      <ManufactureItemDescription />
      <UnitQty>יח`</UnitQty>
      <Quantity>80</Quantity>
      <UnitMeasure>גרם</UnitMeasure>
      <BisWeighted>0</BisWeighted>
      <QtyInPackage>1</QtyInPackage>
      <ItemPrice>8.90</ItemPrice>
      <UnitOfMeasurePrice>11.13</UnitOfMeasurePrice>
      <AllowDiscount>0</AllowDiscount>
      <itemStatus>1</itemStatus>
      <LastUpdateDate />
      <LastUpdateTime />
    </Product>
    <Product>
      <PriceUpdateDate>2014/05/11 13:04</PriceUpdateDate>
      <ItemCode>7290003681693</ItemCode>
      <ItemType>1</ItemType>
      <ItemName>חומוס לבן ענק מיה (500 גרם)</ItemName>
      <ManufactureName>מיה תעשיות מזון מ.ת.מ. בעמ</ManufactureName>
      <ManufactureCountry />
      <ManufactureItemDescription />
      <UnitQty>יח`</UnitQty>
      <Quantity>500</Quantity>
      <UnitMeasure>גרם</UnitMeasure>
      <BisWeighted>0</BisWeighted>
      <QtyInPackage>1</QtyInPackage>
      <ItemPrice>10.90</ItemPrice>
      <UnitOfMeasurePrice>2.18</UnitOfMeasurePrice>
      <AllowDiscount>0</AllowDiscount>
      <itemStatus>1</itemStatus>
      <LastUpdateDate />
      <LastUpdateTime />
    </Product>
    <Product>
      <PriceUpdateDate>2015/12/01 18:36</PriceUpdateDate>
      <ItemCode>7290003681716</ItemCode>
      <ItemType>1</ItemType>
      <ItemName>גריסי פנינה מיה (500 גרם)</ItemName>
      <ManufactureName>מיה תעשיות מזון מ.ת.מ. בעמ</ManufactureName>
      <ManufactureCountry />
      <ManufactureItemDescription />
      <UnitQty>יח`</UnitQty>
      <Quantity>500</Quantity>
      <UnitMeasure>גרם</UnitMeasure>
      <BisWeighted>0</BisWeighted>
      <QtyInPackage>1</QtyInPackage>
      <ItemPrice>6.90</ItemPrice>
      <UnitOfMeasurePrice>1.38</UnitOfMeasurePrice>
      <AllowDiscount>0</AllowDiscount>
      <itemStatus>1</itemStatus>
      <LastUpdateDate />
      <LastUpdateTime />
    </Product>
    <Product>
      <PriceUpdateDate>2015/03/03 10:33</PriceUpdateDate>
      <ItemCode>7290003681785</ItemCode>
      <ItemType>1</ItemType>
      <ItemName>אורז בסגנון פרסי זהב מיה (1 קג)</ItemName>
      <ManufactureName>מיה תעשיות מזון מ.ת.מ. בעמ</ManufactureName>
      <ManufactureCountry />
      <ManufactureItemDescription />
      <UnitQty>יח`</UnitQty>
      <Quantity>1</Quantity>
      <UnitMeasure>ק"ג</UnitMeasure>
      <BisWeighted>0</BisWeighted>
      <QtyInPackage>1</QtyInPackage>
      <ItemPrice>7.90</ItemPrice>
      <UnitOfMeasurePrice>7.90</UnitOfMeasurePrice>
      <AllowDiscount>0</AllowDiscount>
      <itemStatus>1</itemStatus>
      <LastUpdateDate />
      <LastUpdateTime />
    </Product>
    <Product>
      <PriceUpdateDate>2018/02/05 11:28</PriceUpdateDate>
      <ItemCode>7290003719235</ItemCode>
      <ItemType>1</ItemType>
      <ItemName>לחם שיפון מלא ליבו (750 גרם)</ItemName>
      <ManufactureName>י.את א. ברמן בעמ</ManufactureName>
      <ManufactureCountry />
      <ManufactureItemDescription />
      <UnitQty>יח`</UnitQty>
      <Quantity>500</Quantity>
      <UnitMeasure>גרם</UnitMeasure>
      <BisWeighted>0</BisWeighted>
      <QtyInPackage>1</QtyInPackage>
      <ItemPrice>9.90</ItemPrice>
      <UnitOfMeasurePrice>1.98</UnitOfMeasurePrice>
      <AllowDiscount>0</AllowDiscount>
      <itemStatus>1</itemStatus>
      <LastUpdateDate />
      <LastUpdateTime />
    </Product>
    <Product>
      <PriceUpdateDate>2015/01/15 10:39</PriceUpdateDate>
      <ItemCode>7290003726141</ItemCode>
      <ItemType>1</ItemType>
      <ItemName>טופו משק גאיה (300 גרם)</ItemName>
      <ManufactureName>מחלבות גד שיווק 1992 בעמ</ManufactureName>
      <ManufactureCountry />
      <ManufactureItemDescription />
      <UnitQty>יח`</UnitQty>
      <Quantity>320</Quantity>
      <UnitMeasure>גרם</UnitMeasure>
      <BisWeighted>0</BisWeighted>
      <QtyInPackage>1</QtyInPackage>
      <ItemPrice>11.90</ItemPrice>
      <UnitOfMeasurePrice>3.72</UnitOfMeasurePrice>
      <AllowDiscount>0</AllowDiscount>
      <itemStatus>1</itemStatus>
      <LastUpdateDate />
      <LastUpdateTime />
    </Product>
    <Product>
      <PriceUpdateDate>2019/05/27 11:53</PriceUpdateDate>
      <ItemCode>7290003726592</ItemCode>
      <ItemType>1</ItemType>
      <ItemName>טופו ויילר 300 גר` בטעם פסטו</ItemName>
      <ManufactureName>שטראוס גרופ בעמ/מצונן</ManufactureName>
      <ManufactureCountry />
      <ManufactureItemDescription />
      <UnitQty>יח`</UnitQty>
      <Quantity>300</Quantity>
      <UnitMeasure>גרם</UnitMeasure>
      <BisWeighted>0</BisWeighted>
      <QtyInPackage>1</QtyInPackage>
      <ItemPrice>11.90</ItemPrice>
      <UnitOfMeasurePrice>3.97</UnitOfMeasurePrice>
      <AllowDiscount>0</AllowDiscount>
      <itemStatus>1</itemStatus>
      <LastUpdateDate />
      <LastUpdateTime />
    </Product>
    <Product>
      <PriceUpdateDate>2019/05/27 11:53</PriceUpdateDate>
      <ItemCode>7290003726615</ItemCode>
      <ItemType>1</ItemType>
      <ItemName>טופו ויילר 300 גר`</ItemName>
      <ManufactureName>שטראוס גרופ בעמ/מצונן</ManufactureName>
      <ManufactureCountry />
      <ManufactureItemDescription />
      <UnitQty>יח`</UnitQty>
      <Quantity>300</Quantity>
      <UnitMeasure>גרם</UnitMeasure>
      <BisWeighted>0</BisWeighted>
      <QtyInPackage>1</QtyInPackage>
      <ItemPrice>11.90</ItemPrice>
      <UnitOfMeasurePrice>3.97</UnitOfMeasurePrice>
      <AllowDiscount>0</AllowDiscount>
      <itemStatus>1</itemStatus>
      <LastUpdateDate />
      <LastUpdateTime />
    </Product>
    <Product>
      <PriceUpdateDate>2017/03/19 08:39</PriceUpdateDate>
      <ItemCode>7290003727667</ItemCode>
      <ItemType>1</ItemType>
      <ItemName>חומוס צבר (1 קג)</ItemName>
      <ManufactureName>קבוצת אסם סחר שות. מוגבלת</ManufactureName>
      <ManufactureCountry />
      <ManufactureItemDescription />
      <UnitQty>יח`</UnitQty>
      <Quantity>1000</Quantity>
      <UnitMeasure>גרם</UnitMeasure>
      <BisWeighted>0</BisWeighted>
      <QtyInPackage>1</QtyInPackage>
      <ItemPrice>13.90</ItemPrice>
      <UnitOfMeasurePrice>1.39</UnitOfMeasurePrice>
      <AllowDiscount>0</AllowDiscount>
      <itemStatus>1</itemStatus>
      <LastUpdateDate />
      <LastUpdateTime />
    </Product>
    <Product>
      <PriceUpdateDate>2015/04/30 12:23</PriceUpdateDate>
      <ItemCode>7290003744428</ItemCode>
      <ItemType>1</ItemType>
      <ItemName>אובלטים מלוחים דקדקים קימל ברט (300 גרם)</ItemName>
      <ManufactureName>שוקוטרייד בעמ</ManufactureName>
      <ManufactureCountry />
      <ManufactureItemDescription />
      <UnitQty>יח`</UnitQty>
      <Quantity>300</Quantity>
      <UnitMeasure>גרם</UnitMeasure>
      <BisWeighted>0</BisWeighted>
      <QtyInPackage>1</QtyInPackage>
      <ItemPrice>11.90</ItemPrice>
      <UnitOfMeasurePrice>3.97</UnitOfMeasurePrice>
      <AllowDiscount>0</AllowDiscount>
      <itemStatus>1</itemStatus>
      <LastUpdateDate />
      <LastUpdateTime />
    </Product>
    <Product>
      <PriceUpdateDate>2015/04/30 12:23</PriceUpdateDate>
      <ItemCode>7290003744855</ItemCode>
      <ItemType>1</ItemType>
      <ItemName>אובלטים 300  גר`עם שומשום</ItemName>
      <ManufactureName>שוקוטרייד בעמ</ManufactureName>
      <ManufactureCountry />
      <ManufactureItemDescription />
      <UnitQty>יח`</UnitQty>
      <Quantity>300</Quantity>
      <UnitMeasure>גרם</UnitMeasure>
      <BisWeighted>0</BisWeighted>
      <QtyInPackage>1</QtyInPackage>
      <ItemPrice>11.90</ItemPrice>
      <UnitOfMeasurePrice>3.97</UnitOfMeasurePrice>
      <AllowDiscount>0</AllowDiscount>
      <itemStatus>1</itemStatus>
      <LastUpdateDate />
      <LastUpdateTime />
    </Product>
    <Product>
      <PriceUpdateDate>2015/04/30 12:23</PriceUpdateDate>
      <ItemCode>7290003744862</ItemCode>
      <ItemType>1</ItemType>
      <ItemName>אובלטים מלוחים דקיקים זעתר ברט (300 גרם)</ItemName>
      <ManufactureName>שוקוטרייד בעמ</ManufactureName>
      <ManufactureCountry />
      <ManufactureItemDescription />
      <UnitQty>יח`</UnitQty>
      <Quantity>300</Quantity>
      <UnitMeasure>גרם</UnitMeasure>
      <BisWeighted>0</BisWeighted>
      <QtyInPackage>1</QtyInPackage>
      <ItemPrice>11.90</ItemPrice>
      <UnitOfMeasurePrice>3.97</UnitOfMeasurePrice>
      <AllowDiscount>0</AllowDiscount>
      <itemStatus>1</itemStatus>
      <LastUpdateDate />
      <LastUpdateTime />
    </Product>
    <Product>
      <PriceUpdateDate>2015/12/01 08:22</PriceUpdateDate>
      <ItemCode>7290003781065</ItemCode>
      <ItemType>1</ItemType>
      <ItemName>קורנישונים כבושום בחומץ 680  גר`וילי פוד</ItemName>
      <ManufactureName>ג.וילי-פוד אינטרנשיונל בעמ</ManufactureName>
      <ManufactureCountry />
      <ManufactureItemDescription />
      <UnitQty>יח`</UnitQty>
      <Quantity>690</Quantity>
      <UnitMeasure>גרם</UnitMeasure>
      <BisWeighted>0</BisWeighted>
      <QtyInPackage>1</QtyInPackage>
      <ItemPrice>9.90</ItemPrice>
      <UnitOfMeasurePrice>1.43</UnitOfMeasurePrice>
      <AllowDiscount>0</AllowDiscount>
      <itemStatus>1</itemStatus>
      <LastUpdateDate />
      <LastUpdateTime />
    </Product>
    <Product>
      <PriceUpdateDate>2019/06/02 12:08</PriceUpdateDate>
      <ItemCode>7290003781652</ItemCode>
      <ItemType>1</ItemType>
      <ItemName>צלפים 350 גר`</ItemName>
      <ManufactureName>ג.וילי-פוד אינטרנשיונל בעמ</ManufactureName>
      <ManufactureCountry />
      <ManufactureItemDescription />
      <UnitQty>יח`</UnitQty>
      <Quantity>350</Quantity>
      <UnitMeasure>גרם</UnitMeasure>
      <BisWeighted>0</BisWeighted>
      <QtyInPackage>1</QtyInPackage>
      <ItemPrice>8.90</ItemPrice>
      <UnitOfMeasurePrice>2.54</UnitOfMeasurePrice>
      <AllowDiscount>0</AllowDiscount>
      <itemStatus>1</itemStatus>
      <LastUpdateDate />
      <LastUpdateTime />
    </Product>
    <Product>
      <PriceUpdateDate>2017/03/30 07:23</PriceUpdateDate>
      <ItemCode>7290003804252</ItemCode>
      <ItemType>1</ItemType>
      <ItemName>תיבוליות הודי קנור (8 יח` - 72 גרם)</ItemName>
      <ManufactureName>יוניליוור ישראל שיווק בעמ</ManufactureName>
      <ManufactureCountry />
      <ManufactureItemDescription />
      <UnitQty>יח`</UnitQty>
      <Quantity>80</Quantity>
      <UnitMeasure>גרם</UnitMeasure>
      <BisWeighted>0</BisWeighted>
      <QtyInPackage>1</QtyInPackage>
      <ItemPrice>9.90</ItemPrice>
      <UnitOfMeasurePrice>12.38</UnitOfMeasurePrice>
      <AllowDiscount>1</AllowDiscount>
      <itemStatus>1</itemStatus>
      <LastUpdateDate />
      <LastUpdateTime />
    </Product>
    <Product>
      <PriceUpdateDate>2017/03/30 07:23</PriceUpdateDate>
      <ItemCode>7290003804382</ItemCode>
      <ItemType>1</ItemType>
      <ItemName>תיבוליות פטריות קנור (8 יח` - 72 גרם)</ItemName>
      <ManufactureName>יוניליוור ישראל שיווק בעמ</ManufactureName>
      <ManufactureCountry />
      <ManufactureItemDescription />
      <UnitQty>יח`</UnitQty>
      <Quantity>72</Quantity>
      <UnitMeasure>גרם</UnitMeasure>
      <BisWeighted>0</BisWeighted>
      <QtyInPackage>1</QtyInPackage>
      <ItemPrice>9.90</ItemPrice>
      <UnitOfMeasurePrice>13.75</UnitOfMeasurePrice>
      <AllowDiscount>1</AllowDiscount>
      <itemStatus>1</itemStatus>
      <LastUpdateDate />
      <LastUpdateTime />
    </Product>
    <Product>
      <PriceUpdateDate>2015/12/01 18:43</PriceUpdateDate>
      <ItemCode>7290003805129</ItemCode>
      <ItemType>1</ItemType>
      <ItemName>פירה טעם ביתי- כשלפ</ItemName>
      <ManufactureName>יוניליוור ישראל שיווק בעמ</ManufactureName>
      <ManufactureCountry />
      <ManufactureItemDescription />
      <UnitQty>יח`</UnitQty>
      <Quantity>260</Quantity>
      <UnitMeasure>גרם</UnitMeasure>
      <BisWeighted>0</BisWeighted>
      <QtyInPackage>1</QtyInPackage>
      <ItemPrice>13.90</ItemPrice>
      <UnitOfMeasurePrice>5.35</UnitOfMeasurePrice>
      <AllowDiscount>0</AllowDiscount>
      <itemStatus>1</itemStatus>
      <LastUpdateDate />
      <LastUpdateTime />
    </Product>
    <Product>
      <PriceUpdateDate>2017/06/06 08:30</PriceUpdateDate>
      <ItemCode>7290003805501</ItemCode>
      <ItemType>1</ItemType>
      <ItemName>פתית בסגנון שוודי תלמה (300 גרם)</ItemName>
      <ManufactureName>יוניליוור ישראל שיווק בעמ</ManufactureName>
      <ManufactureCountry />
      <ManufactureItemDescription />
      <UnitQty>יח`</UnitQty>
      <Quantity>300</Quantity>
      <UnitMeasure>גרם</UnitMeasure>
      <BisWeighted>0</BisWeighted>
      <QtyInPackage>1</QtyInPackage>
      <ItemPrice>17.90</ItemPrice>
      <UnitOfMeasurePrice>5.97</UnitOfMeasurePrice>
      <AllowDiscount>1</AllowDiscount>
      <itemStatus>1</itemStatus>
      <LastUpdateDate />
      <LastUpdateTime />
    </Product>
    <Product>
      <PriceUpdateDate>2019/03/24 10:34</PriceUpdateDate>
      <ItemCode>7290003806577</ItemCode>
      <ItemType>1</ItemType>
      <ItemName>דאודורנט ספריי אורגינל דאב (150 מל)</ItemName>
      <ManufactureName>יוניליוור ישראל שיווק בעמ</ManufactureName>
      <ManufactureCountry />
      <ManufactureItemDescription />
      <UnitQty>יח`</UnitQty>
      <Quantity>150</Quantity>
      <UnitMeasure>מ"ל</UnitMeasure>
      <BisWeighted>0</BisWeighted>
      <QtyInPackage>1</QtyInPackage>
      <ItemPrice>14.90</ItemPrice>
      <UnitOfMeasurePrice>9.93</UnitOfMeasurePrice>
      <AllowDiscount>0</AllowDiscount>
      <itemStatus>1</itemStatus>
      <LastUpdateDate />
      <LastUpdateTime />
    </Product>
    <Product>
      <PriceUpdateDate>2019/03/24 10:34</PriceUpdateDate>
      <ItemCode>7290003806591</ItemCode>
      <ItemType>1</ItemType>
      <ItemName>דאודורנט ספריי מלפפונים דאב (150 מל)</ItemName>
      <ManufactureName>יוניליוור ישראל שיווק בעמ</ManufactureName>
      <ManufactureCountry />
      <ManufactureItemDescription />
      <UnitQty>יח`</UnitQty>
      <Quantity>150</Quantity>
      <UnitMeasure>מ"ל</UnitMeasure>
      <BisWeighted>0</BisWeighted>
      <QtyInPackage>1</QtyInPackage>
      <ItemPrice>14.90</ItemPrice>
      <UnitOfMeasurePrice>9.93</UnitOfMeasurePrice>
      <AllowDiscount>0</AllowDiscount>
      <itemStatus>1</itemStatus>
      <LastUpdateDate />
      <LastUpdateTime />
    </Product>
    <Product>
      <PriceUpdateDate>2015/06/29 11:11</PriceUpdateDate>
      <ItemCode>7290003807178</ItemCode>
      <ItemType>1</ItemType>
      <ItemName>רוטב סויה סגנון סיני קנור (300 מל)</ItemName>
      <ManufactureName>יוניליוור ישראל שיווק בעמ</ManufactureName>
      <ManufactureCountry />
      <ManufactureItemDescription />
      <UnitQty>יח`</UnitQty>
      <Quantity>300</Quantity>
      <UnitMeasure>מ"ל</UnitMeasure>
      <BisWeighted>0</BisWeighted>
      <QtyInPackage>1</QtyInPackage>
      <ItemPrice>12.90</ItemPrice>
      <UnitOfMeasurePrice>4.30</UnitOfMeasurePrice>
      <AllowDiscount>1</AllowDiscount>
      <itemStatus>1</itemStatus>
      <LastUpdateDate />
      <LastUpdateTime />
    </Product>
    <Product>
      <PriceUpdateDate>2015/06/29 11:11</PriceUpdateDate>
      <ItemCode>7290003807482</ItemCode>
      <ItemType>1</ItemType>
      <ItemName>רוטב טריאקי קנור (300 מל)</ItemName>
      <ManufactureName>יוניליוור ישראל שיווק בעמ</ManufactureName>
      <ManufactureCountry />
      <ManufactureItemDescription />
      <UnitQty>יח`</UnitQty>
      <Quantity>300</Quantity>
      <UnitMeasure>מ"ל</UnitMeasure>
      <BisWeighted>0</BisWeighted>
      <QtyInPackage>1</QtyInPackage>
      <ItemPrice>12.90</ItemPrice>
      <UnitOfMeasurePrice>4.30</UnitOfMeasurePrice>
      <AllowDiscount>1</AllowDiscount>
      <itemStatus>1</itemStatus>
      <LastUpdateDate />
      <LastUpdateTime />
    </Product>
    <Product>
      <PriceUpdateDate>2015/12/01 18:43</PriceUpdateDate>
      <ItemCode>7290003808649</ItemCode>
      <ItemType>1</ItemType>
      <ItemName>מריר 60% ורד הגליל זוגות</ItemName>
      <ManufactureName>יוניליוור ישראל שיווק בעמ</ManufactureName>
      <ManufactureCountry />
      <ManufactureItemDescription />
      <UnitQty>יח`</UnitQty>
      <Quantity>200</Quantity>
      <UnitMeasure>גרם</UnitMeasure>
      <BisWeighted>0</BisWeighted>
      <QtyInPackage>1</QtyInPackage>
      <ItemPrice>11.90</ItemPrice>
      <UnitOfMeasurePrice>5.95</UnitOfMeasurePrice>
      <AllowDiscount>0</AllowDiscount>
      <itemStatus>1</itemStatus>
      <LastUpdateDate />
      <LastUpdateTime />
    </Product>
    <Product>
      <PriceUpdateDate>2018/02/05 13:10</PriceUpdateDate>
      <ItemCode>7290003864478</ItemCode>
      <ItemType>1</ItemType>
      <ItemName>סרדינים בשמן צמחי וילי פוד (110 גרם)</ItemName>
      <ManufactureName>ג.וילי-פוד אינטרנשיונל בעמ</ManufactureName>
      <ManufactureCountry />
      <ManufactureItemDescription />
      <UnitQty>יח`</UnitQty>
      <Quantity>110</Quantity>
      <UnitMeasure>גרם</UnitMeasure>
      <BisWeighted>0</BisWeighted>
      <QtyInPackage>1</QtyInPackage>
      <ItemPrice>5.90</ItemPrice>
      <UnitOfMeasurePrice>5.36</UnitOfMeasurePrice>
      <AllowDiscount>1</AllowDiscount>
      <itemStatus>1</itemStatus>
      <LastUpdateDate />
      <LastUpdateTime />
    </Product>
    <Product>
      <PriceUpdateDate>2018/02/05 13:10</PriceUpdateDate>
      <ItemCode>7290003864485</ItemCode>
      <ItemType>1</ItemType>
      <ItemName>סרדינים ברוטב עגבניות וילי פוד (110 גרם)</ItemName>
      <ManufactureName>ג.וילי-פוד אינטרנשיונל בעמ</ManufactureName>
      <ManufactureCountry />
      <ManufactureItemDescription />
      <UnitQty>יח`</UnitQty>
      <Quantity>110</Quantity>
      <UnitMeasure>גרם</UnitMeasure>
      <BisWeighted>0</BisWeighted>
      <QtyInPackage>1</QtyInPackage>
      <ItemPrice>5.90</ItemPrice>
      <UnitOfMeasurePrice>5.36</UnitOfMeasurePrice>
      <AllowDiscount>1</AllowDiscount>
      <itemStatus>1</itemStatus>
      <LastUpdateDate />
      <LastUpdateTime />
    </Product>
    <Product>
      <PriceUpdateDate>2018/02/05 13:10</PriceUpdateDate>
      <ItemCode>7290003864492</ItemCode>
      <ItemType>1</ItemType>
      <ItemName>סרדין בשמן צמחי 110 גר`</ItemName>
      <ManufactureName>ג.וילי-פוד אינטרנשיונל בעמ</ManufactureName>
      <ManufactureCountry />
      <ManufactureItemDescription />
      <UnitQty>יח`</UnitQty>
      <Quantity>120</Quantity>
      <UnitMeasure>גרם</UnitMeasure>
      <BisWeighted>0</BisWeighted>
      <QtyInPackage>1</QtyInPackage>
      <ItemPrice>5.90</ItemPrice>
      <UnitOfMeasurePrice>4.92</UnitOfMeasurePrice>
      <AllowDiscount>1</AllowDiscount>
      <itemStatus>1</itemStatus>
      <LastUpdateDate />
      <LastUpdateTime />
    </Product>
    <Product>
      <PriceUpdateDate>2014/11/02 12:28</PriceUpdateDate>
      <ItemCode>7290003882922</ItemCode>
      <ItemType>1</ItemType>
      <ItemName>עלי גפן ממולאים באורז 400 גר`.</ItemName>
      <ManufactureName>ג.וילי-פוד אינטרנשיונל בעמ</ManufactureName>
      <ManufactureCountry />
      <ManufactureItemDescription />
      <UnitQty>יח`</UnitQty>
      <Quantity>400</Quantity>
      <UnitMeasure>גרם</UnitMeasure>
      <BisWeighted>0</BisWeighted>
      <QtyInPackage>1</QtyInPackage>
      <ItemPrice>8.90</ItemPrice>
      <UnitOfMeasurePrice>2.23</UnitOfMeasurePrice>
      <AllowDiscount>0</AllowDiscount>
      <itemStatus>1</itemStatus>
      <LastUpdateDate />
      <LastUpdateTime />
    </Product>
    <Product>
      <PriceUpdateDate>2013/06/09 19:11</PriceUpdateDate>
      <ItemCode>7290003903771</ItemCode>
      <ItemType>1</ItemType>
      <ItemName>קפוצ ינו פחית 200 גר`</ItemName>
      <ManufactureName>שטראוס גרופ בעמ</ManufactureName>
      <ManufactureCountry />
      <ManufactureItemDescription />
      <UnitQty>יח`</UnitQty>
      <Quantity>200</Quantity>
      <UnitMeasure>גרם</UnitMeasure>
      <BisWeighted>0</BisWeighted>
      <QtyInPackage>1</QtyInPackage>
      <ItemPrice>26.60</ItemPrice>
      <UnitOfMeasurePrice>13.30</UnitOfMeasurePrice>
      <AllowDiscount>0</AllowDiscount>
      <itemStatus>1</itemStatus>
      <LastUpdateDate />
      <LastUpdateTime />
    </Product>
    <Product>
      <PriceUpdateDate>2013/06/09 19:11</PriceUpdateDate>
      <ItemCode>7290003903788</ItemCode>
      <ItemType>1</ItemType>
      <ItemName>אבקת קפוצ`ינו וניל עלית (200 גרם)</ItemName>
      <ManufactureName>שטראוס גרופ בעמ</ManufactureName>
      <ManufactureCountry />
      <ManufactureItemDescription />
      <UnitQty>יח`</UnitQty>
      <Quantity>200</Quantity>
      <UnitMeasure>גרם</UnitMeasure>
      <BisWeighted>0</BisWeighted>
      <QtyInPackage>1</QtyInPackage>
      <ItemPrice>26.60</ItemPrice>
      <UnitOfMeasurePrice>13.30</UnitOfMeasurePrice>
      <AllowDiscount>0</AllowDiscount>
      <itemStatus>1</itemStatus>
      <LastUpdateDate />
      <LastUpdateTime />
    </Product>
    <Product>
      <PriceUpdateDate>2017/03/30 07:47</PriceUpdateDate>
      <ItemCode>7290003903955</ItemCode>
      <ItemType>1</ItemType>
      <ItemName>שוקולד פרה חלב עם קרם חלב עלית (100 גרם)</ItemName>
      <ManufactureName>שטראוס גרופ בעמ</ManufactureName>
      <ManufactureCountry />
      <ManufactureItemDescription />
      <UnitQty>יח`</UnitQty>
      <Quantity>100</Quantity>
      <UnitMeasure>גרם</UnitMeasure>
      <BisWeighted>0</BisWeighted>
      <QtyInPackage>1</QtyInPackage>
      <ItemPrice>4.90</ItemPrice>
      <UnitOfMeasurePrice>4.90</UnitOfMeasurePrice>
      <AllowDiscount>1</AllowDiscount>
      <itemStatus>1</itemStatus>
      <LastUpdateDate />
      <LastUpdateTime />
    </Product>
    <Product>
      <PriceUpdateDate>2017/03/30 07:47</PriceUpdateDate>
      <ItemCode>7290003905331</ItemCode>
      <ItemType>1</ItemType>
      <ItemName>טבלאות פרה במילוי שברי אגוזים</ItemName>
      <ManufactureName>שטראוס גרופ בעמ</ManufactureName>
      <ManufactureCountry />
      <ManufactureItemDescription />
      <UnitQty>יח`</UnitQty>
      <Quantity>100</Quantity>
      <UnitMeasure>גרם</UnitMeasure>
      <BisWeighted>0</BisWeighted>
      <QtyInPackage>1</QtyInPackage>
      <ItemPrice>4.90</ItemPrice>
      <UnitOfMeasurePrice>4.90</UnitOfMeasurePrice>
      <AllowDiscount>1</AllowDiscount>
      <itemStatus>1</itemStatus>
      <LastUpdateDate />
      <LastUpdateTime />
    </Product>
    <Product>
      <PriceUpdateDate>2020/03/12 07:38</PriceUpdateDate>
      <ItemCode>7290003976683</ItemCode>
      <ItemType>1</ItemType>
      <ItemName>תרסיס חיטוי  -400 טא`צ</ItemName>
      <ManufactureName>סאסאטק אגשח בעמ</ManufactureName>
      <ManufactureCountry />
      <ManufactureItemDescription />
      <UnitQty>יח`</UnitQty>
      <Quantity>1</Quantity>
      <UnitMeasure />
      <BisWeighted>0</BisWeighted>
      <QtyInPackage>1</QtyInPackage>
      <ItemPrice>19.90</ItemPrice>
      <UnitOfMeasurePrice>19.90</UnitOfMeasurePrice>
      <AllowDiscount>0</AllowDiscount>
      <itemStatus>1</itemStatus>
      <LastUpdateDate />
      <LastUpdateTime />
    </Product>
    <Product>
      <PriceUpdateDate>2015/12/01 09:30</PriceUpdateDate>
      <ItemCode>7290003989096</ItemCode>
      <ItemType>1</ItemType>
      <ItemName>חצילים פיקנטי אחלה (500 גרם)</ItemName>
      <ManufactureName>שטראוס גרופ בעמ/מצונן</ManufactureName>
      <ManufactureCountry />
      <ManufactureItemDescription />
      <UnitQty>יח`</UnitQty>
      <Quantity>575</Quantity>
      <UnitMeasure>גרם</UnitMeasure>
      <BisWeighted>0</BisWeighted>
      <QtyInPackage>1</QtyInPackage>
      <ItemPrice>15.90</ItemPrice>
      <UnitOfMeasurePrice>2.77</UnitOfMeasurePrice>
      <AllowDiscount>0</AllowDiscount>
      <itemStatus>1</itemStatus>
      <LastUpdateDate />
      <LastUpdateTime />
    </Product>
    <Product>
      <PriceUpdateDate>2015/12/01 09:30</PriceUpdateDate>
      <ItemCode>7290003989539</ItemCode>
      <ItemType>1</ItemType>
      <ItemName>רביולי עם גבינה שטראוס (400 גרם)</ItemName>
      <ManufactureName>שטראוס גרופ בעמ/מצונן</ManufactureName>
      <ManufactureCountry />
      <ManufactureItemDescription />
      <UnitQty>יח`</UnitQty>
      <Quantity>400</Quantity>
      <UnitMeasure>גרם</UnitMeasure>
      <BisWeighted>0</BisWeighted>
      <QtyInPackage>1</QtyInPackage>
      <ItemPrice>20.90</ItemPrice>
      <UnitOfMeasurePrice>5.23</UnitOfMeasurePrice>
      <AllowDiscount>1</AllowDiscount>
      <itemStatus>1</itemStatus>
      <LastUpdateDate />
      <LastUpdateTime />
    </Product>
    <Product>
      <PriceUpdateDate>2015/04/30 12:31</PriceUpdateDate>
      <ItemCode>7290004011284</ItemCode>
      <ItemType>1</ItemType>
      <ItemName>בסיס להכנת קצפת צמחי ריץ` (212 מל)</ItemName>
      <ManufactureName>נטו מלינדה סחר בעמ</ManufactureName>
      <ManufactureCountry />
      <ManufactureItemDescription />
      <UnitQty>יח`</UnitQty>
      <Quantity>212</Quantity>
      <UnitMeasure>מ"ל</UnitMeasure>
      <BisWeighted>0</BisWeighted>
      <QtyInPackage>1</QtyInPackage>
      <ItemPrice>8.90</ItemPrice>
      <UnitOfMeasurePrice>4.20</UnitOfMeasurePrice>
      <AllowDiscount>1</AllowDiscount>
      <itemStatus>1</itemStatus>
      <LastUpdateDate />
      <LastUpdateTime />
    </Product>
    <Product>
      <PriceUpdateDate>2015/01/28 16:09</PriceUpdateDate>
      <ItemCode>7290004011291</ItemCode>
      <ItemType>1</ItemType>
      <ItemName>בסיס להכנת קצפת צמחי ריץ` (425 מל)</ItemName>
      <ManufactureName>נטו מלינדה סחר בעמ</ManufactureName>
      <ManufactureCountry />
      <ManufactureItemDescription />
      <UnitQty>יח`</UnitQty>
      <Quantity>425</Quantity>
      <UnitMeasure>מ"ל</UnitMeasure>
      <BisWeighted>0</BisWeighted>
      <QtyInPackage>1</QtyInPackage>
      <ItemPrice>16.90</ItemPrice>
      <UnitOfMeasurePrice>3.98</UnitOfMeasurePrice>
      <AllowDiscount>0</AllowDiscount>
      <itemStatus>1</itemStatus>
      <LastUpdateDate />
      <LastUpdateTime />
    </Product>
    <Product>
      <PriceUpdateDate>2015/03/03 12:06</PriceUpdateDate>
      <ItemCode>7290004011338</ItemCode>
      <ItemType>1</ItemType>
      <ItemName>קצפת מתוקה מוכנה ספריי ריץ` (250 מל)</ItemName>
      <ManufactureName>נטו מלינדה סחר בעמ</ManufactureName>
      <ManufactureCountry />
      <ManufactureItemDescription />
      <UnitQty>יח`</UnitQty>
      <Quantity>250</Quantity>
      <UnitMeasure>מ"ל</UnitMeasure>
      <BisWeighted>0</BisWeighted>
      <QtyInPackage>1</QtyInPackage>
      <ItemPrice>15.90</ItemPrice>
      <UnitOfMeasurePrice>6.36</UnitOfMeasurePrice>
      <AllowDiscount>1</AllowDiscount>
      <itemStatus>1</itemStatus>
      <LastUpdateDate />
      <LastUpdateTime />
    </Product>
    <Product>
      <PriceUpdateDate>2014/12/29 08:34</PriceUpdateDate>
      <ItemCode>7290004011345</ItemCode>
      <ItemType>1</ItemType>
      <ItemName>קצפת 250 מל פרווה ארוסול</ItemName>
      <ManufactureName>נטו מלינדה סחר בעמ</ManufactureName>
      <ManufactureCountry />
      <ManufactureItemDescription />
      <UnitQty>יח`</UnitQty>
      <Quantity>250</Quantity>
      <UnitMeasure>מ"ל</UnitMeasure>
      <BisWeighted>0</BisWeighted>
      <QtyInPackage>1</QtyInPackage>
      <ItemPrice>15</ItemPrice>
      <UnitOfMeasurePrice>6</UnitOfMeasurePrice>
      <AllowDiscount>1</AllowDiscount>
      <itemStatus>1</itemStatus>
      <LastUpdateDate />
      <LastUpdateTime />
    </Product>
    <Product>
      <PriceUpdateDate>2016/01/19 09:48</PriceUpdateDate>
      <ItemCode>7290004030414</ItemCode>
      <ItemType>1</ItemType>
      <ItemName>סחוט 2 ליטר תפוזים פרי ניב</ItemName>
      <ManufactureName>תנובה - פריניב</ManufactureName>
      <ManufactureCountry />
      <ManufactureItemDescription />
      <UnitQty>יח`</UnitQty>
      <Quantity>2000</Quantity>
      <UnitMeasure>מ"ל</UnitMeasure>
      <BisWeighted>0</BisWeighted>
      <QtyInPackage>1</QtyInPackage>
      <ItemPrice>19.90</ItemPrice>
      <UnitOfMeasurePrice>1</UnitOfMeasurePrice>
      <AllowDiscount>0</AllowDiscount>
      <itemStatus>1</itemStatus>
      <LastUpdateDate />
      <LastUpdateTime />
    </Product>
    <Product>
      <PriceUpdateDate>2019/01/13 11:58</PriceUpdateDate>
      <ItemCode>7290004030445</ItemCode>
      <ItemType>1</ItemType>
      <ItemName>סחוט 1 ליטר תפוזים פרי ניב</ItemName>
      <ManufactureName>תנובה - פריניב</ManufactureName>
      <ManufactureCountry />
      <ManufactureItemDescription />
      <UnitQty>יח`</UnitQty>
      <Quantity>1000</Quantity>
      <UnitMeasure>מ"ל</UnitMeasure>
      <BisWeighted>0</BisWeighted>
      <QtyInPackage>1</QtyInPackage>
      <ItemPrice>12.90</ItemPrice>
      <UnitOfMeasurePrice>1.26</UnitOfMeasurePrice>
      <AllowDiscount>0</AllowDiscount>
      <itemStatus>1</itemStatus>
      <LastUpdateDate />
      <LastUpdateTime />
    </Product>
    <Product>
      <PriceUpdateDate>2016/05/03 15:25</PriceUpdateDate>
      <ItemCode>7290004030834</ItemCode>
      <ItemType>1</ItemType>
      <ItemName>מיץ רימונים 1 ליטר</ItemName>
      <ManufactureName>תנובה - פריניב</ManufactureName>
      <ManufactureCountry />
      <ManufactureItemDescription />
      <UnitQty>יח`</UnitQty>
      <Quantity>1000</Quantity>
      <UnitMeasure>מ"ל</UnitMeasure>
      <BisWeighted>0</BisWeighted>
      <QtyInPackage>1</QtyInPackage>
      <ItemPrice>22.90</ItemPrice>
      <UnitOfMeasurePrice>2.26</UnitOfMeasurePrice>
      <AllowDiscount>0</AllowDiscount>
      <itemStatus>1</itemStatus>
      <LastUpdateDate />
      <LastUpdateTime />
    </Product>
    <Product>
      <PriceUpdateDate>2015/04/29 10:24</PriceUpdateDate>
      <ItemCode>7290004030957</ItemCode>
      <ItemType>1</ItemType>
      <ItemName>משקה קל לימונדה בלאדי פריניב (2 ליטר)</ItemName>
      <ManufactureName>תנובה - פריניב</ManufactureName>
      <ManufactureCountry />
      <ManufactureItemDescription />
      <UnitQty>יח`</UnitQty>
      <Quantity>2000</Quantity>
      <UnitMeasure>מ"ל</UnitMeasure>
      <BisWeighted>0</BisWeighted>
      <QtyInPackage>1</QtyInPackage>
      <ItemPrice>16.90</ItemPrice>
      <UnitOfMeasurePrice>0.85</UnitOfMeasurePrice>
      <AllowDiscount>0</AllowDiscount>
      <itemStatus>1</itemStatus>
      <LastUpdateDate />
      <LastUpdateTime />
    </Product>
    <Product>
      <PriceUpdateDate>2018/10/10 16:23</PriceUpdateDate>
      <ItemCode>7290004048679</ItemCode>
      <ItemType>1</ItemType>
      <ItemName>קובה למרק שלושת האופים (כ18 יח` - 1 קג)</ItemName>
      <ManufactureName>נטו מלינדה סחר בעמ</ManufactureName>
      <ManufactureCountry />
      <ManufactureItemDescription />
      <UnitQty>יח`</UnitQty>
      <Quantity>1000</Quantity>
      <UnitMeasure>גרם</UnitMeasure>
      <BisWeighted>0</BisWeighted>
      <QtyInPackage>1</QtyInPackage>
      <ItemPrice>16.90</ItemPrice>
      <UnitOfMeasurePrice>1.69</UnitOfMeasurePrice>
      <AllowDiscount>0</AllowDiscount>
      <itemStatus>1</itemStatus>
      <LastUpdateDate />
      <LastUpdateTime />
    </Product>
    <Product>
      <PriceUpdateDate>2018/10/07 12:38</PriceUpdateDate>
      <ItemCode>7290004063016</ItemCode>
      <ItemType>1</ItemType>
      <ItemName>מלח שולחן מעולה סלית (1  קג)פיקוח</ItemName>
      <ManufactureName>סוגת תעשיות בעמ</ManufactureName>
      <ManufactureCountry />
      <ManufactureItemDescription />
      <UnitQty>יח`</UnitQty>
      <Quantity>1</Quantity>
      <UnitMeasure>ק"ג</UnitMeasure>
      <BisWeighted>0</BisWeighted>
      <QtyInPackage>1</QtyInPackage>
      <ItemPrice>1.90</ItemPrice>
      <UnitOfMeasurePrice>1.90</UnitOfMeasurePrice>
      <AllowDiscount>0</AllowDiscount>
      <itemStatus>1</itemStatus>
      <LastUpdateDate />
      <LastUpdateTime />
    </Product>
    <Product>
      <PriceUpdateDate>2018/10/07 12:38</PriceUpdateDate>
      <ItemCode>7290004063115</ItemCode>
      <ItemType>1</ItemType>
      <ItemName>מלח מטבח גס ארזינא (1  קג)פיקוח</ItemName>
      <ManufactureName>סוגת תעשיות בעמ</ManufactureName>
      <ManufactureCountry />
      <ManufactureItemDescription />
      <UnitQty>יח`</UnitQty>
      <Quantity>1</Quantity>
      <UnitMeasure>ק"ג</UnitMeasure>
      <BisWeighted>0</BisWeighted>
      <QtyInPackage>1</QtyInPackage>
      <ItemPrice>1.90</ItemPrice>
      <UnitOfMeasurePrice>1.90</UnitOfMeasurePrice>
      <AllowDiscount>0</AllowDiscount>
      <itemStatus>1</itemStatus>
      <LastUpdateDate />
      <LastUpdateTime />
    </Product>
    <Product>
      <PriceUpdateDate>2015/12/01 18:43</PriceUpdateDate>
      <ItemCode>7290004063153</ItemCode>
      <ItemType>1</ItemType>
      <ItemName>מלח ים אטלנטי טבעי מלח הארץ (1 קג)</ItemName>
      <ManufactureName>תה ויסוצקי (ישראל) בעמ</ManufactureName>
      <ManufactureCountry />
      <ManufactureItemDescription />
      <UnitQty>יח`</UnitQty>
      <Quantity>1</Quantity>
      <UnitMeasure>ק"ג</UnitMeasure>
      <BisWeighted>0</BisWeighted>
      <QtyInPackage>1</QtyInPackage>
      <ItemPrice>24.90</ItemPrice>
      <UnitOfMeasurePrice>24.90</UnitOfMeasurePrice>
      <AllowDiscount>0</AllowDiscount>
      <itemStatus>1</itemStatus>
      <LastUpdateDate />
      <LastUpdateTime />
    </Product>
    <Product>
      <PriceUpdateDate>2019/03/04 08:19</PriceUpdateDate>
      <ItemCode>7290004064099</ItemCode>
      <ItemType>1</ItemType>
      <ItemName>מטחנה מלח מהרי ההימלאיה</ItemName>
      <ManufactureName>תה ויסוצקי (ישראל) בעמ</ManufactureName>
      <ManufactureCountry />
      <ManufactureItemDescription />
      <UnitQty>יח`</UnitQty>
      <Quantity>250</Quantity>
      <UnitMeasure>גרם</UnitMeasure>
      <BisWeighted>0</BisWeighted>
      <QtyInPackage>1</QtyInPackage>
      <ItemPrice>16.90</ItemPrice>
      <UnitOfMeasurePrice>6.76</UnitOfMeasurePrice>
      <AllowDiscount>0</AllowDiscount>
      <itemStatus>1</itemStatus>
      <LastUpdateDate />
      <LastUpdateTime />
    </Product>
    <Product>
      <PriceUpdateDate>2018/03/23 16:18</PriceUpdateDate>
      <ItemCode>7290004064174</ItemCode>
      <ItemType>1</ItemType>
      <ItemName>מלח ההימלאיה דק בצנצנת 1 קג`</ItemName>
      <ManufactureName>תה ויסוצקי (ישראל) בעמ</ManufactureName>
      <ManufactureCountry />
      <ManufactureItemDescription />
      <UnitQty>יח`</UnitQty>
      <Quantity>1</Quantity>
      <UnitMeasure>ק"ג</UnitMeasure>
      <BisWeighted>0</BisWeighted>
      <QtyInPackage>1</QtyInPackage>
      <ItemPrice>17.90</ItemPrice>
      <UnitOfMeasurePrice>17.90</UnitOfMeasurePrice>
      <AllowDiscount>0</AllowDiscount>
      <itemStatus>1</itemStatus>
      <LastUpdateDate />
      <LastUpdateTime />
    </Product>
    <Product>
      <PriceUpdateDate>2018/10/17 10:50</PriceUpdateDate>
      <ItemCode>7290004064228</ItemCode>
      <ItemType>1</ItemType>
      <ItemName>מטחנת מלח אקסטרא תבלינים-שופ ופלפל</ItemName>
      <ManufactureName>תה ויסוצקי (ישראל) בעמ</ManufactureName>
      <ManufactureCountry />
      <ManufactureItemDescription />
      <UnitQty>יח`</UnitQty>
      <Quantity>0</Quantity>
      <UnitMeasure>גרם</UnitMeasure>
      <BisWeighted>0</BisWeighted>
      <QtyInPackage>1</QtyInPackage>
      <ItemPrice>16.90</ItemPrice>
      <UnitOfMeasurePrice>16.90</UnitOfMeasurePrice>
      <AllowDiscount>0</AllowDiscount>
      <itemStatus>1</itemStatus>
      <LastUpdateDate />
      <LastUpdateTime />
    </Product>
    <Product>
      <PriceUpdateDate>2019/12/11 17:11</PriceUpdateDate>
      <ItemCode>7290004064358</ItemCode>
      <ItemType>1</ItemType>
      <ItemName>מלח מעושר ביוד 1 קג קרטון מלח הארץ</ItemName>
      <ManufactureName>תה ויסוצקי (ישראל) בעמ</ManufactureName>
      <ManufactureCountry />
      <ManufactureItemDescription />
      <UnitQty>יח`</UnitQty>
      <Quantity>1000</Quantity>
      <UnitMeasure>גרם</UnitMeasure>
      <BisWeighted>0</BisWeighted>
      <QtyInPackage>1</QtyInPackage>
      <ItemPrice>4.90</ItemPrice>
      <UnitOfMeasurePrice>0.49</UnitOfMeasurePrice>
      <AllowDiscount>0</AllowDiscount>
      <itemStatus>1</itemStatus>
      <LastUpdateDate />
      <LastUpdateTime />
    </Product>
    <Product>
      <PriceUpdateDate>2019/12/11 17:11</PriceUpdateDate>
      <ItemCode>7290004064365</ItemCode>
      <ItemType>1</ItemType>
      <ItemName>מלח דק מעושר ביוד 1 קג קרטון מלח הארץ</ItemName>
      <ManufactureName>תה ויסוצקי (ישראל) בעמ</ManufactureName>
      <ManufactureCountry />
      <ManufactureItemDescription />
      <UnitQty>יח`</UnitQty>
      <Quantity>1000</Quantity>
      <UnitMeasure>גרם</UnitMeasure>
      <BisWeighted>0</BisWeighted>
      <QtyInPackage>1</QtyInPackage>
      <ItemPrice>5.90</ItemPrice>
      <UnitOfMeasurePrice>0.59</UnitOfMeasurePrice>
      <AllowDiscount>0</AllowDiscount>
      <itemStatus>1</itemStatus>
      <LastUpdateDate />
      <LastUpdateTime />
    </Product>
    <Product>
      <PriceUpdateDate>2018/10/07 11:51</PriceUpdateDate>
      <ItemCode>7290004068011</ItemCode>
      <ItemType>1</ItemType>
      <ItemName>יוגורט כבשים 5% גד (600 גרם)</ItemName>
      <ManufactureName>מחלבות גד שיווק 1992 בעמ</ManufactureName>
      <ManufactureCountry />
      <ManufactureItemDescription />
      <UnitQty>יח`</UnitQty>
      <Quantity>600</Quantity>
      <UnitMeasure>גרם</UnitMeasure>
      <BisWeighted>0</BisWeighted>
      <QtyInPackage>1</QtyInPackage>
      <ItemPrice>17.90</ItemPrice>
      <UnitOfMeasurePrice>2.98</UnitOfMeasurePrice>
      <AllowDiscount>0</AllowDiscount>
      <itemStatus>1</itemStatus>
      <LastUpdateDate />
      <LastUpdateTime />
    </Product>
    <Product>
      <PriceUpdateDate>2014/01/01 08:37</PriceUpdateDate>
      <ItemCode>7290004068028</ItemCode>
      <ItemType>1</ItemType>
      <ItemName>ציזיקי 500 מל</ItemName>
      <ManufactureName>מחלבות גד שיווק 1992 בעמ</ManufactureName>
      <ManufactureCountry />
      <ManufactureItemDescription />
      <UnitQty>יח`</UnitQty>
      <Quantity>500</Quantity>
      <UnitMeasure>מ"ל</UnitMeasure>
      <BisWeighted>0</BisWeighted>
      <QtyInPackage>1</QtyInPackage>
      <ItemPrice>10</ItemPrice>
      <UnitOfMeasurePrice>2</UnitOfMeasurePrice>
      <AllowDiscount>0</AllowDiscount>
      <itemStatus>1</itemStatus>
      <LastUpdateDate />
      <LastUpdateTime />
    </Product>
    <Product>
      <PriceUpdateDate>2018/10/07 11:51</PriceUpdateDate>
      <ItemCode>7290004068172</ItemCode>
      <ItemType>1</ItemType>
      <ItemName>יוגורט עיזים 5% גד (600 גרם)</ItemName>
      <ManufactureName>מחלבות גד שיווק 1992 בעמ</ManufactureName>
      <ManufactureCountry />
      <ManufactureItemDescription />
      <UnitQty>יח`</UnitQty>
      <Quantity>600</Quantity>
      <UnitMeasure>גרם</UnitMeasure>
      <BisWeighted>0</BisWeighted>
      <QtyInPackage>1</QtyInPackage>
      <ItemPrice>17.90</ItemPrice>
      <UnitOfMeasurePrice>2.98</UnitOfMeasurePrice>
      <AllowDiscount>0</AllowDiscount>
      <itemStatus>1</itemStatus>
      <LastUpdateDate />
      <LastUpdateTime />
    </Product>
    <Product>
      <PriceUpdateDate>2015/09/09 09:45</PriceUpdateDate>
      <ItemCode>7290004078270</ItemCode>
      <ItemType>1</ItemType>
      <ItemName>פלמוליב צילינדר לימון 1 ליטר חדש</ItemName>
      <ManufactureName>ש.שסטוביץ בעמ</ManufactureName>
      <ManufactureCountry />
      <ManufactureItemDescription />
      <UnitQty>יח`</UnitQty>
      <Quantity>1</Quantity>
      <UnitMeasure>1 ליטר</UnitMeasure>
      <BisWeighted>0</BisWeighted>
      <QtyInPackage>1</QtyInPackage>
      <ItemPrice>13.90</ItemPrice>
      <UnitOfMeasurePrice>13.90</UnitOfMeasurePrice>
      <AllowDiscount>0</AllowDiscount>
      <itemStatus>1</itemStatus>
      <LastUpdateDate />
      <LastUpdateTime />
    </Product>
    <Product>
      <PriceUpdateDate>2015/12/29 08:29</PriceUpdateDate>
      <ItemCode>7290004078942</ItemCode>
      <ItemType>1</ItemType>
      <ItemName>ליידי ספיד סטיק גל בסיסי מרענן</ItemName>
      <ManufactureName>ש.שסטוביץ בעמ</ManufactureName>
      <ManufactureCountry />
      <ManufactureItemDescription />
      <UnitQty>יח`</UnitQty>
      <Quantity>63</Quantity>
      <UnitMeasure>גרם</UnitMeasure>
      <BisWeighted>0</BisWeighted>
      <QtyInPackage>1</QtyInPackage>
      <ItemPrice>16.90</ItemPrice>
      <UnitOfMeasurePrice>26.83</UnitOfMeasurePrice>
      <AllowDiscount>0</AllowDiscount>
      <itemStatus>1</itemStatus>
      <LastUpdateDate />
      <LastUpdateTime />
    </Product>
    <Product>
      <PriceUpdateDate>2013/06/09 19:11</PriceUpdateDate>
      <ItemCode>7290004091248</ItemCode>
      <ItemType>1</ItemType>
      <ItemName>ג`ל פטרוליום וזלין (106 גרם)</ItemName>
      <ManufactureName>יוניליוור ישראל שיווק בעמ</ManufactureName>
      <ManufactureCountry />
      <ManufactureItemDescription />
      <UnitQty>יח`</UnitQty>
      <Quantity>106</Quantity>
      <UnitMeasure>מ"ל</UnitMeasure>
      <BisWeighted>0</BisWeighted>
      <QtyInPackage>1</QtyInPackage>
      <ItemPrice>14.90</ItemPrice>
      <UnitOfMeasurePrice>14.06</UnitOfMeasurePrice>
      <AllowDiscount>1</AllowDiscount>
      <itemStatus>1</itemStatus>
      <LastUpdateDate />
      <LastUpdateTime />
    </Product>
    <Product>
      <PriceUpdateDate>2015/12/01 18:43</PriceUpdateDate>
      <ItemCode>7290004091255</ItemCode>
      <ItemType>1</ItemType>
      <ItemName>ואזלין אינטנסיב קאר פטרוליום 225מל</ItemName>
      <ManufactureName>יוניליוור ישראל שיווק בעמ</ManufactureName>
      <ManufactureCountry />
      <ManufactureItemDescription />
      <UnitQty>יח`</UnitQty>
      <Quantity>225</Quantity>
      <UnitMeasure>מ"ל</UnitMeasure>
      <BisWeighted>0</BisWeighted>
      <QtyInPackage>1</QtyInPackage>
      <ItemPrice>21.90</ItemPrice>
      <UnitOfMeasurePrice>9.73</UnitOfMeasurePrice>
      <AllowDiscount>0</AllowDiscount>
      <itemStatus>1</itemStatus>
      <LastUpdateDate />
      <LastUpdateTime />
    </Product>
    <Product>
      <PriceUpdateDate>2018/08/08 15:47</PriceUpdateDate>
      <ItemCode>7290004119133</ItemCode>
      <ItemType>1</ItemType>
      <ItemName>יוגורט 7% תנובה (1.5 ליטר)</ItemName>
      <ManufactureName>תנובה - חלב</ManufactureName>
      <ManufactureCountry />
      <ManufactureItemDescription />
      <UnitQty>יח`</UnitQty>
      <Quantity>1.50</Quantity>
      <UnitMeasure>1 ליטר</UnitMeasure>
      <BisWeighted>0</BisWeighted>
      <QtyInPackage>1</QtyInPackage>
      <ItemPrice>17.50</ItemPrice>
      <UnitOfMeasurePrice>11.67</UnitOfMeasurePrice>
      <AllowDiscount>0</AllowDiscount>
      <itemStatus>1</itemStatus>
      <LastUpdateDate />
      <LastUpdateTime />
    </Product>
    <Product>
      <PriceUpdateDate>2014/01/01 08:37</PriceUpdateDate>
      <ItemCode>7290004119225</ItemCode>
      <ItemType>1</ItemType>
      <ItemName>יוגורט ביו 3% אננס יופלה (150 גרם)</ItemName>
      <ManufactureName>תנובה - חלב</ManufactureName>
      <ManufactureCountry />
      <ManufactureItemDescription />
      <UnitQty>יח`</UnitQty>
      <Quantity>150</Quantity>
      <UnitMeasure>מ"ל</UnitMeasure>
      <BisWeighted>0</BisWeighted>
      <QtyInPackage>1</QtyInPackage>
      <ItemPrice>4.90</ItemPrice>
      <UnitOfMeasurePrice>3.27</UnitOfMeasurePrice>
      <AllowDiscount>1</AllowDiscount>
      <itemStatus>1</itemStatus>
      <LastUpdateDate />
      <LastUpdateTime />
    </Product>
    <Product>
      <PriceUpdateDate>2018/08/08 15:47</PriceUpdateDate>
      <ItemCode>7290004119928</ItemCode>
      <ItemType>1</ItemType>
      <ItemName>מעדן חלב 3% בטעם וניל קרלו (125 גרם)</ItemName>
      <ManufactureName>תנובה - חלב</ManufactureName>
      <ManufactureCountry />
      <ManufactureItemDescription />
      <UnitQty>יח`</UnitQty>
      <Quantity>125</Quantity>
      <UnitMeasure>מ"ל</UnitMeasure>
      <BisWeighted>0</BisWeighted>
      <QtyInPackage>1</QtyInPackage>
      <ItemPrice>2.90</ItemPrice>
      <UnitOfMeasurePrice>2.32</UnitOfMeasurePrice>
      <AllowDiscount>0</AllowDiscount>
      <itemStatus>1</itemStatus>
      <LastUpdateDate />
      <LastUpdateTime />
    </Product>
    <Product>
      <PriceUpdateDate>2019/03/11 12:45</PriceUpdateDate>
      <ItemCode>7290004119973</ItemCode>
      <ItemType>1</ItemType>
      <ItemName>מעדן קרלו שוקו 125 גר`</ItemName>
      <ManufactureName>תנובה - חלב</ManufactureName>
      <ManufactureCountry />
      <ManufactureItemDescription />
      <UnitQty>יח`</UnitQty>
      <Quantity>125</Quantity>
      <UnitMeasure>מ"ל</UnitMeasure>
      <BisWeighted>0</BisWeighted>
      <QtyInPackage>1</QtyInPackage>
      <ItemPrice>2.80</ItemPrice>
      <UnitOfMeasurePrice>2.24</UnitOfMeasurePrice>
      <AllowDiscount>0</AllowDiscount>
      <itemStatus>1</itemStatus>
      <LastUpdateDate />
      <LastUpdateTime />
    </Product>
    <Product>
      <PriceUpdateDate>2018/08/08 15:47</PriceUpdateDate>
      <ItemCode>7290004120061</ItemCode>
      <ItemType>1</ItemType>
      <ItemName>מעדן חלב 1.5% שוניל קרלו (125 גרם)</ItemName>
      <ManufactureName>תנובה - חלב</ManufactureName>
      <ManufactureCountry />
      <ManufactureItemDescription />
      <UnitQty>יח`</UnitQty>
      <Quantity>125</Quantity>
      <UnitMeasure>מ"ל</UnitMeasure>
      <BisWeighted>0</BisWeighted>
      <QtyInPackage>1</QtyInPackage>
      <ItemPrice>3</ItemPrice>
      <UnitOfMeasurePrice>2.40</UnitOfMeasurePrice>
      <AllowDiscount>0</AllowDiscount>
      <itemStatus>1</itemStatus>
      <LastUpdateDate />
      <LastUpdateTime />
    </Product>
    <Product>
      <PriceUpdateDate>2014/01/01 08:37</PriceUpdateDate>
      <ItemCode>7290004120108</ItemCode>
      <ItemType>1</ItemType>
      <ItemName>דיאט יופלה דובדבן</ItemName>
      <ManufactureName>תנובה - חלב</ManufactureName>
      <ManufactureCountry />
      <ManufactureItemDescription />
      <UnitQty>יח`</UnitQty>
      <Quantity>150</Quantity>
      <UnitMeasure>מ"ל</UnitMeasure>
      <BisWeighted>0</BisWeighted>
      <QtyInPackage>1</QtyInPackage>
      <ItemPrice>4.90</ItemPrice>
      <UnitOfMeasurePrice>3.27</UnitOfMeasurePrice>
      <AllowDiscount>1</AllowDiscount>
      <itemStatus>1</itemStatus>
      <LastUpdateDate />
      <LastUpdateTime />
    </Product>
    <Product>
      <PriceUpdateDate>2019/06/11 08:19</PriceUpdateDate>
      <ItemCode>7290004120566</ItemCode>
      <ItemType>1</ItemType>
      <ItemName>גבינה בולגרית 24% פיראוס (250 גרם)</ItemName>
      <ManufactureName>תנובה - חלב</ManufactureName>
      <ManufactureCountry />
      <ManufactureItemDescription />
      <UnitQty>יח`</UnitQty>
      <Quantity>250</Quantity>
      <UnitMeasure>גרם</UnitMeasure>
      <BisWeighted>0</BisWeighted>
      <QtyInPackage>1</QtyInPackage>
      <ItemPrice>22.90</ItemPrice>
      <UnitOfMeasurePrice>9.16</UnitOfMeasurePrice>
      <AllowDiscount>0</AllowDiscount>
      <itemStatus>1</itemStatus>
      <LastUpdateDate />
      <LastUpdateTime />
    </Product>
    <Product>
      <PriceUpdateDate>2019/06/11 08:19</PriceUpdateDate>
      <ItemCode>7290004120573</ItemCode>
      <ItemType>1</ItemType>
      <ItemName>גבינה בולגרית 16% פיראוס (250 גרם)</ItemName>
      <ManufactureName>תנובה - חלב</ManufactureName>
      <ManufactureCountry />
      <ManufactureItemDescription />
      <UnitQty>יח`</UnitQty>
      <Quantity>250</Quantity>
      <UnitMeasure>גרם</UnitMeasure>
      <BisWeighted>0</BisWeighted>
      <QtyInPackage>1</QtyInPackage>
      <ItemPrice>22.90</ItemPrice>
      <UnitOfMeasurePrice>9.16</UnitOfMeasurePrice>
      <AllowDiscount>0</AllowDiscount>
      <itemStatus>1</itemStatus>
      <LastUpdateDate />
      <LastUpdateTime />
    </Product>
    <Product>
      <PriceUpdateDate>2019/06/11 08:19</PriceUpdateDate>
      <ItemCode>7290004120634</ItemCode>
      <ItemType>1</ItemType>
      <ItemName>גבינה בולגרית 5% פיראוס (250 גרם)</ItemName>
      <ManufactureName>תנובה - חלב</ManufactureName>
      <ManufactureCountry />
      <ManufactureItemDescription />
      <UnitQty>יח`</UnitQty>
      <Quantity>250</Quantity>
      <UnitMeasure>גרם</UnitMeasure>
      <BisWeighted>0</BisWeighted>
      <QtyInPackage>1</QtyInPackage>
      <ItemPrice>21.90</ItemPrice>
      <UnitOfMeasurePrice>8.76</UnitOfMeasurePrice>
      <AllowDiscount>0</AllowDiscount>
      <itemStatus>1</itemStatus>
      <LastUpdateDate />
      <LastUpdateTime />
    </Product>
    <Product>
      <PriceUpdateDate>2019/06/12 14:18</PriceUpdateDate>
      <ItemCode>7290004120832</ItemCode>
      <ItemType>1</ItemType>
      <ItemName>חלב 3% מהדרין תנובה (2 ליטר) פי</ItemName>
      <ManufactureName>תנובה - חלב</ManufactureName>
      <ManufactureCountry />
      <ManufactureItemDescription />
      <UnitQty>יח`</UnitQty>
      <Quantity>2</Quantity>
      <UnitMeasure>1 ליטר</UnitMeasure>
      <BisWeighted>0</BisWeighted>
      <QtyInPackage>1</QtyInPackage>
      <ItemPrice>11.88</ItemPrice>
      <UnitOfMeasurePrice>5.94</UnitOfMeasurePrice>
      <AllowDiscount>0</AllowDiscount>
      <itemStatus>1</itemStatus>
      <LastUpdateDate />
      <LastUpdateTime />
    </Product>
    <Product>
      <PriceUpdateDate>2014/01/01 08:37</PriceUpdateDate>
      <ItemCode>7290004121488</ItemCode>
      <ItemType>1</ItemType>
      <ItemName>יוגורט ביו דיאט 0% אפרסק יופלה (150 גרם)</ItemName>
      <ManufactureName>תנובה - חלב</ManufactureName>
      <ManufactureCountry />
      <ManufactureItemDescription />
      <UnitQty>יח`</UnitQty>
      <Quantity>150</Quantity>
      <UnitMeasure>מ"ל</UnitMeasure>
      <BisWeighted>0</BisWeighted>
      <QtyInPackage>1</QtyInPackage>
      <ItemPrice>4.90</ItemPrice>
      <UnitOfMeasurePrice>3.27</UnitOfMeasurePrice>
      <AllowDiscount>1</AllowDiscount>
      <itemStatus>1</itemStatus>
      <LastUpdateDate />
      <LastUpdateTime />
    </Product>
    <Product>
      <PriceUpdateDate>2018/08/08 15:47</PriceUpdateDate>
      <ItemCode>7290004121525</ItemCode>
      <ItemType>1</ItemType>
      <ItemName>מאגדת 8 יופלה 3%</ItemName>
      <ManufactureName>תנובה - חלב</ManufactureName>
      <ManufactureCountry />
      <ManufactureItemDescription />
      <UnitQty>יח`</UnitQty>
      <Quantity>1.20</Quantity>
      <UnitMeasure>1 ליטר</UnitMeasure>
      <BisWeighted>0</BisWeighted>
      <QtyInPackage>1</QtyInPackage>
      <ItemPrice>30.50</ItemPrice>
      <UnitOfMeasurePrice>25.42</UnitOfMeasurePrice>
      <AllowDiscount>1</AllowDiscount>
      <itemStatus>1</itemStatus>
      <LastUpdateDate />
      <LastUpdateTime />
    </Product>
    <Product>
      <PriceUpdateDate>2014/01/01 08:37</PriceUpdateDate>
      <ItemCode>7290004121754</ItemCode>
      <ItemType>1</ItemType>
      <ItemName>יופלה עוגת גבינה ותות 3%</ItemName>
      <ManufactureName>תנובה - חלב</ManufactureName>
      <ManufactureCountry />
      <ManufactureItemDescription />
      <UnitQty>יח`</UnitQty>
      <Quantity>150</Quantity>
      <UnitMeasure>מ"ל</UnitMeasure>
      <BisWeighted>0</BisWeighted>
      <QtyInPackage>1</QtyInPackage>
      <ItemPrice>4.90</ItemPrice>
      <UnitOfMeasurePrice>3.27</UnitOfMeasurePrice>
      <AllowDiscount>1</AllowDiscount>
      <itemStatus>1</itemStatus>
      <LastUpdateDate />
      <LastUpdateTime />
    </Product>
    <Product>
      <PriceUpdateDate>2018/08/08 15:47</PriceUpdateDate>
      <ItemCode>7290004121839</ItemCode>
      <ItemType>1</ItemType>
      <ItemName>גבינת פטה כבשים 20% פיראוס (250 גרם)</ItemName>
      <ManufactureName>תנובה - חלב</ManufactureName>
      <ManufactureCountry />
      <ManufactureItemDescription />
      <UnitQty>יח`</UnitQty>
      <Quantity>250</Quantity>
      <UnitMeasure>גרם</UnitMeasure>
      <BisWeighted>0</BisWeighted>
      <QtyInPackage>1</QtyInPackage>
      <ItemPrice>26.50</ItemPrice>
      <UnitOfMeasurePrice>10.60</UnitOfMeasurePrice>
      <AllowDiscount>0</AllowDiscount>
      <itemStatus>1</itemStatus>
      <LastUpdateDate />
      <LastUpdateTime />
    </Product>
    <Product>
      <PriceUpdateDate>2018/08/08 15:47</PriceUpdateDate>
      <ItemCode>7290004121853</ItemCode>
      <ItemType>1</ItemType>
      <ItemName>גבינה בולגרית קוביות 5% פיראוס (200 גרם)</ItemName>
      <ManufactureName>תנובה - חלב</ManufactureName>
      <ManufactureCountry />
      <ManufactureItemDescription />
      <UnitQty>יח`</UnitQty>
      <Quantity>200</Quantity>
      <UnitMeasure>גרם</UnitMeasure>
      <BisWeighted>0</BisWeighted>
      <QtyInPackage>1</QtyInPackage>
      <ItemPrice>20.90</ItemPrice>
      <UnitOfMeasurePrice>10.45</UnitOfMeasurePrice>
      <AllowDiscount>0</AllowDiscount>
      <itemStatus>1</itemStatus>
      <LastUpdateDate />
      <LastUpdateTime />
    </Product>
    <Product>
      <PriceUpdateDate>2018/08/08 15:47</PriceUpdateDate>
      <ItemCode>7290004122119</ItemCode>
      <ItemType>1</ItemType>
      <ItemName>פתיתי גבינת פרמזן השף הלבן (100 גרם)</ItemName>
      <ManufactureName>תנובה - חלב</ManufactureName>
      <ManufactureCountry />
      <ManufactureItemDescription />
      <UnitQty>יח`</UnitQty>
      <Quantity>100</Quantity>
      <UnitMeasure>גרם</UnitMeasure>
      <BisWeighted>0</BisWeighted>
      <QtyInPackage>1</QtyInPackage>
      <ItemPrice>12.20</ItemPrice>
      <UnitOfMeasurePrice>12.20</UnitOfMeasurePrice>
      <AllowDiscount>0</AllowDiscount>
      <itemStatus>1</itemStatus>
      <LastUpdateDate />
      <LastUpdateTime />
    </Product>
    <Product>
      <PriceUpdateDate>2018/08/08 15:47</PriceUpdateDate>
      <ItemCode>7290004122195</ItemCode>
      <ItemType>1</ItemType>
      <ItemName>גוש חלב פרוס</ItemName>
      <ManufactureName>תנובה - חלב</ManufactureName>
      <ManufactureCountry />
      <ManufactureItemDescription />
      <UnitQty>יח`</UnitQty>
      <Quantity>200</Quantity>
      <UnitMeasure>גרם</UnitMeasure>
      <BisWeighted>0</BisWeighted>
      <QtyInPackage>1</QtyInPackage>
      <ItemPrice>13.50</ItemPrice>
      <UnitOfMeasurePrice>6.75</UnitOfMeasurePrice>
      <AllowDiscount>0</AllowDiscount>
      <itemStatus>1</itemStatus>
      <LastUpdateDate />
      <LastUpdateTime />
    </Product>
    <Product>
      <PriceUpdateDate>2018/08/08 15:47</PriceUpdateDate>
      <ItemCode>7290004122270</ItemCode>
      <ItemType>1</ItemType>
      <ItemName>גבינה צהובה קלאסית 28% עמק (200 גרם)</ItemName>
      <ManufactureName>תנובה - חלב</ManufactureName>
      <ManufactureCountry />
      <ManufactureItemDescription />
      <UnitQty>יח`</UnitQty>
      <Quantity>200</Quantity>
      <UnitMeasure>גרם</UnitMeasure>
      <BisWeighted>0</BisWeighted>
      <QtyInPackage>1</QtyInPackage>
      <ItemPrice>16.10</ItemPrice>
      <UnitOfMeasurePrice>8.05</UnitOfMeasurePrice>
      <AllowDiscount>0</AllowDiscount>
      <itemStatus>1</itemStatus>
      <LastUpdateDate />
      <LastUpdateTime />
    </Product>
    <Product>
      <PriceUpdateDate>2018/08/08 15:47</PriceUpdateDate>
      <ItemCode>7290004122676</ItemCode>
      <ItemType>1</ItemType>
      <ItemName>גבינה חמד לייט 5% פיראוס (250 גרם)</ItemName>
      <ManufactureName>תנובה - חלב</ManufactureName>
      <ManufactureCountry />
      <ManufactureItemDescription />
      <UnitQty>יח`</UnitQty>
      <Quantity>250</Quantity>
      <UnitMeasure>גרם</UnitMeasure>
      <BisWeighted>0</BisWeighted>
      <QtyInPackage>1</QtyInPackage>
      <ItemPrice>17.90</ItemPrice>
      <UnitOfMeasurePrice>7.16</UnitOfMeasurePrice>
      <AllowDiscount>0</AllowDiscount>
      <itemStatus>1</itemStatus>
      <LastUpdateDate />
      <LastUpdateTime />
    </Product>
    <Product>
      <PriceUpdateDate>2018/08/08 15:47</PriceUpdateDate>
      <ItemCode>7290004122683</ItemCode>
      <ItemType>1</ItemType>
      <ItemName>אצבעות עמק</ItemName>
      <ManufactureName>תנובה - חלב</ManufactureName>
      <ManufactureCountry />
      <ManufactureItemDescription />
      <UnitQty>יח`</UnitQty>
      <Quantity>172</Quantity>
      <UnitMeasure>גרם</UnitMeasure>
      <BisWeighted>0</BisWeighted>
      <QtyInPackage>1</QtyInPackage>
      <ItemPrice>16.20</ItemPrice>
      <UnitOfMeasurePrice>9.42</UnitOfMeasurePrice>
      <AllowDiscount>0</AllowDiscount>
      <itemStatus>1</itemStatus>
      <LastUpdateDate />
      <LastUpdateTime />
    </Product>
    <Product>
      <PriceUpdateDate>2014/01/01 08:37</PriceUpdateDate>
      <ItemCode>7290004124205</ItemCode>
      <ItemType>1</ItemType>
      <ItemName>יוגורט ביו דיאט 0% תות יופלה (150 גרם)</ItemName>
      <ManufactureName>תנובה - חלב</ManufactureName>
      <ManufactureCountry />
      <ManufactureItemDescription />
      <UnitQty>יח`</UnitQty>
      <Quantity>150</Quantity>
      <UnitMeasure>מ"ל</UnitMeasure>
      <BisWeighted>0</BisWeighted>
      <QtyInPackage>1</QtyInPackage>
      <ItemPrice>4.90</ItemPrice>
      <UnitOfMeasurePrice>3.27</UnitOfMeasurePrice>
      <AllowDiscount>1</AllowDiscount>
      <itemStatus>1</itemStatus>
      <LastUpdateDate />
      <LastUpdateTime />
    </Product>
    <Product>
      <PriceUpdateDate>2015/10/13 11:17</PriceUpdateDate>
      <ItemCode>7290004124847</ItemCode>
      <ItemType>1</ItemType>
      <ItemName>קצפת צמחית השף הלבן 500</ItemName>
      <ManufactureName>תנובה - חלב</ManufactureName>
      <ManufactureCountry />
      <ManufactureItemDescription />
      <UnitQty>יח`</UnitQty>
      <Quantity>500</Quantity>
      <UnitMeasure>מ"ל</UnitMeasure>
      <BisWeighted>0</BisWeighted>
      <QtyInPackage>1</QtyInPackage>
      <ItemPrice>13.90</ItemPrice>
      <UnitOfMeasurePrice>2.78</UnitOfMeasurePrice>
      <AllowDiscount>0</AllowDiscount>
      <itemStatus>1</itemStatus>
      <LastUpdateDate />
      <LastUpdateTime />
    </Product>
    <Product>
      <PriceUpdateDate>2018/08/08 15:47</PriceUpdateDate>
      <ItemCode>7290004125370</ItemCode>
      <ItemType>1</ItemType>
      <ItemName>שמנת 9%</ItemName>
      <ManufactureName>תנובה - חלב</ManufactureName>
      <ManufactureCountry />
      <ManufactureItemDescription />
      <UnitQty>יח`</UnitQty>
      <Quantity>200</Quantity>
      <UnitMeasure>מ"ל</UnitMeasure>
      <BisWeighted>0</BisWeighted>
      <QtyInPackage>1</QtyInPackage>
      <ItemPrice>3.70</ItemPrice>
      <UnitOfMeasurePrice>1.85</UnitOfMeasurePrice>
      <AllowDiscount>0</AllowDiscount>
      <itemStatus>1</itemStatus>
      <LastUpdateDate />
      <LastUpdateTime />
    </Product>
    <Product>
      <PriceUpdateDate>2019/06/12 14:18</PriceUpdateDate>
      <ItemCode>7290004125400</ItemCode>
      <ItemType>1</ItemType>
      <ItemName>אשל 4.5% מהדרין תנובה (200  מל)פיקו</ItemName>
      <ManufactureName>תנובה - חלב</ManufactureName>
      <ManufactureCountry />
      <ManufactureItemDescription />
      <UnitQty>יח`</UnitQty>
      <Quantity>200</Quantity>
      <UnitMeasure>מ"ל</UnitMeasure>
      <BisWeighted>0</BisWeighted>
      <QtyInPackage>1</QtyInPackage>
      <ItemPrice>1.58</ItemPrice>
      <UnitOfMeasurePrice>0.79</UnitOfMeasurePrice>
      <AllowDiscount>0</AllowDiscount>
      <itemStatus>1</itemStatus>
      <LastUpdateDate />
      <LastUpdateTime />
    </Product>
    <Product>
      <PriceUpdateDate>2019/06/12 14:18</PriceUpdateDate>
      <ItemCode>7290004125417</ItemCode>
      <ItemType>1</ItemType>
      <ItemName>גיל 3% מהדרין תנובה (200  מל)פיקוח</ItemName>
      <ManufactureName>תנובה - חלב</ManufactureName>
      <ManufactureCountry />
      <ManufactureItemDescription />
      <UnitQty>יח`</UnitQty>
      <Quantity>200</Quantity>
      <UnitMeasure>מ"ל</UnitMeasure>
      <BisWeighted>0</BisWeighted>
      <QtyInPackage>1</QtyInPackage>
      <ItemPrice>1.44</ItemPrice>
      <UnitOfMeasurePrice>0.72</UnitOfMeasurePrice>
      <AllowDiscount>0</AllowDiscount>
      <itemStatus>1</itemStatus>
      <LastUpdateDate />
      <LastUpdateTime />
    </Product>
    <Product>
      <PriceUpdateDate>2019/06/12 14:18</PriceUpdateDate>
      <ItemCode>7290004125455</ItemCode>
      <ItemType>1</ItemType>
      <ItemName>שמנת חמוצה 15% מהדרין תנובה (200 מל)</ItemName>
      <ManufactureName>תנובה - חלב</ManufactureName>
      <ManufactureCountry />
      <ManufactureItemDescription />
      <UnitQty>יח`</UnitQty>
      <Quantity>200</Quantity>
      <UnitMeasure>מ"ל</UnitMeasure>
      <BisWeighted>0</BisWeighted>
      <QtyInPackage>1</QtyInPackage>
      <ItemPrice>2.28</ItemPrice>
      <UnitOfMeasurePrice>1.14</UnitOfMeasurePrice>
      <AllowDiscount>0</AllowDiscount>
      <itemStatus>1</itemStatus>
      <LastUpdateDate />
      <LastUpdateTime />
    </Product>
    <Product>
      <PriceUpdateDate>2019/06/12 14:18</PriceUpdateDate>
      <ItemCode>7290004125462</ItemCode>
      <ItemType>1</ItemType>
      <ItemName>שמנת חמוצה 15% תנובה (500 מל)</ItemName>
      <ManufactureName>תנובה - חלב</ManufactureName>
      <ManufactureCountry />
      <ManufactureItemDescription />
      <UnitQty>יח`</UnitQty>
      <Quantity>500</Quantity>
      <UnitMeasure>מ"ל</UnitMeasure>
      <BisWeighted>0</BisWeighted>
      <QtyInPackage>1</QtyInPackage>
      <ItemPrice>5.70</ItemPrice>
      <UnitOfMeasurePrice>1.14</UnitOfMeasurePrice>
      <AllowDiscount>0</AllowDiscount>
      <itemStatus>1</itemStatus>
      <LastUpdateDate />
      <LastUpdateTime />
    </Product>
    <Product>
      <PriceUpdateDate>2015/07/13 08:44</PriceUpdateDate>
      <ItemCode>7290004125509</ItemCode>
      <ItemType>1</ItemType>
      <ItemName>שמנת חמוצה 15% תנובה (100 מל)</ItemName>
      <ManufactureName>תנובה - חלב</ManufactureName>
      <ManufactureCountry />
      <ManufactureItemDescription />
      <UnitQty>יח`</UnitQty>
      <Quantity>100</Quantity>
      <UnitMeasure>מ"ל</UnitMeasure>
      <BisWeighted>0</BisWeighted>
      <QtyInPackage>1</QtyInPackage>
      <ItemPrice>1.60</ItemPrice>
      <UnitOfMeasurePrice>1.60</UnitOfMeasurePrice>
      <AllowDiscount>0</AllowDiscount>
      <itemStatus>1</itemStatus>
      <LastUpdateDate />
      <LastUpdateTime />
    </Product>
    <Product>
      <PriceUpdateDate>2018/10/19 11:00</PriceUpdateDate>
      <ItemCode>7290004125578</ItemCode>
      <ItemType>1</ItemType>
      <ItemName>משקה סויה מועשר תנובה (1 ליטר)</ItemName>
      <ManufactureName>תנובה - חלב</ManufactureName>
      <ManufactureCountry />
      <ManufactureItemDescription />
      <UnitQty>יח`</UnitQty>
      <Quantity>1</Quantity>
      <UnitMeasure>1 ליטר</UnitMeasure>
      <BisWeighted>0</BisWeighted>
      <QtyInPackage>1</QtyInPackage>
      <ItemPrice>9.90</ItemPrice>
      <UnitOfMeasurePrice>9.90</UnitOfMeasurePrice>
      <AllowDiscount>0</AllowDiscount>
      <itemStatus>1</itemStatus>
      <LastUpdateDate />
      <LastUpdateTime />
    </Product>
    <Product>
      <PriceUpdateDate>2018/10/19 11:00</PriceUpdateDate>
      <ItemCode>7290004125585</ItemCode>
      <ItemType>1</ItemType>
      <ItemName>משקה סויה 1 ליטר וניל על הבוקר</ItemName>
      <ManufactureName>תנובה - חלב</ManufactureName>
      <ManufactureCountry />
      <ManufactureItemDescription />
      <UnitQty>יח`</UnitQty>
      <Quantity>1</Quantity>
      <UnitMeasure>1 ליטר</UnitMeasure>
      <BisWeighted>0</BisWeighted>
      <QtyInPackage>1</QtyInPackage>
      <ItemPrice>9.90</ItemPrice>
      <UnitOfMeasurePrice>9.90</UnitOfMeasurePrice>
      <AllowDiscount>0</AllowDiscount>
      <itemStatus>1</itemStatus>
      <LastUpdateDate />
      <LastUpdateTime />
    </Product>
    <Product>
      <PriceUpdateDate>2018/08/08 15:47</PriceUpdateDate>
      <ItemCode>7290004125721</ItemCode>
      <ItemType>1</ItemType>
      <ItemName>שמנת עמידה לבישול 15% השף הלבן (250 מל)</ItemName>
      <ManufactureName>תנובה - חלב</ManufactureName>
      <ManufactureCountry />
      <ManufactureItemDescription />
      <UnitQty>יח`</UnitQty>
      <Quantity>250</Quantity>
      <UnitMeasure>מ"ל</UnitMeasure>
      <BisWeighted>0</BisWeighted>
      <QtyInPackage>1</QtyInPackage>
      <ItemPrice>8.20</ItemPrice>
      <UnitOfMeasurePrice>3.28</UnitOfMeasurePrice>
      <AllowDiscount>0</AllowDiscount>
      <itemStatus>1</itemStatus>
      <LastUpdateDate />
      <LastUpdateTime />
    </Product>
    <Product>
      <PriceUpdateDate>2019/01/30 08:33</PriceUpdateDate>
      <ItemCode>7290004125776</ItemCode>
      <ItemType>1</ItemType>
      <ItemName>גבינה צהובה קלאסית 28% עמק (400 גרם)</ItemName>
      <ManufactureName>תנובה - חלב</ManufactureName>
      <ManufactureCountry />
      <ManufactureItemDescription />
      <UnitQty>יח`</UnitQty>
      <Quantity>400</Quantity>
      <UnitMeasure>גרם</UnitMeasure>
      <BisWeighted>0</BisWeighted>
      <QtyInPackage>1</QtyInPackage>
      <ItemPrice>27.80</ItemPrice>
      <UnitOfMeasurePrice>6.95</UnitOfMeasurePrice>
      <AllowDiscount>0</AllowDiscount>
      <itemStatus>1</itemStatus>
      <LastUpdateDate />
      <LastUpdateTime />
    </Product>
    <Product>
      <PriceUpdateDate>2014/01/01 08:37</PriceUpdateDate>
      <ItemCode>7290004126759</ItemCode>
      <ItemType>1</ItemType>
      <ItemName>יופלה דיאט פירות יער</ItemName>
      <ManufactureName>תנובה - חלב</ManufactureName>
      <ManufactureCountry />
      <ManufactureItemDescription />
      <UnitQty>יח`</UnitQty>
      <Quantity>150</Quantity>
      <UnitMeasure>מ"ל</UnitMeasure>
      <BisWeighted>0</BisWeighted>
      <QtyInPackage>1</QtyInPackage>
      <ItemPrice>4.90</ItemPrice>
      <UnitOfMeasurePrice>3.27</UnitOfMeasurePrice>
      <AllowDiscount>1</AllowDiscount>
      <itemStatus>1</itemStatus>
      <LastUpdateDate />
      <LastUpdateTime />
    </Product>
    <Product>
      <PriceUpdateDate>2018/08/08 15:47</PriceUpdateDate>
      <ItemCode>7290004126872</ItemCode>
      <ItemType>1</ItemType>
      <ItemName>משקה שוק שוקו 250 מל</ItemName>
      <ManufactureName>תנובה - חלב</ManufactureName>
      <ManufactureCountry />
      <ManufactureItemDescription />
      <UnitQty>יח`</UnitQty>
      <Quantity>250</Quantity>
      <UnitMeasure>מ"ל</UnitMeasure>
      <BisWeighted>0</BisWeighted>
      <QtyInPackage>1</QtyInPackage>
      <ItemPrice>5.90</ItemPrice>
      <UnitOfMeasurePrice>2.36</UnitOfMeasurePrice>
      <AllowDiscount>0</AllowDiscount>
      <itemStatus>1</itemStatus>
      <LastUpdateDate />
      <LastUpdateTime />
    </Product>
    <Product>
      <PriceUpdateDate>2017/06/04 09:44</PriceUpdateDate>
      <ItemCode>7290004127077</ItemCode>
      <ItemType>1</ItemType>
      <ItemName>גבינת קוטג` 3% תנובה (250 גרם)</ItemName>
      <ManufactureName>תנובה - חלב</ManufactureName>
      <ManufactureCountry />
      <ManufactureItemDescription />
      <UnitQty>יח`</UnitQty>
      <Quantity>250</Quantity>
      <UnitMeasure>גרם</UnitMeasure>
      <BisWeighted>0</BisWeighted>
      <QtyInPackage>1</QtyInPackage>
      <ItemPrice>5.50</ItemPrice>
      <UnitOfMeasurePrice>2.20</UnitOfMeasurePrice>
      <AllowDiscount>0</AllowDiscount>
      <itemStatus>1</itemStatus>
      <LastUpdateDate />
      <LastUpdateTime />
    </Product>
    <Product>
      <PriceUpdateDate>2017/06/04 09:44</PriceUpdateDate>
      <ItemCode>7290004127329</ItemCode>
      <ItemType>1</ItemType>
      <ItemName>גבינת קוטג` 5% תנובה (250 גרם)</ItemName>
      <ManufactureName>תנובה - חלב</ManufactureName>
      <ManufactureCountry />
      <ManufactureItemDescription />
      <UnitQty>יח`</UnitQty>
      <Quantity>250</Quantity>
      <UnitMeasure>גרם</UnitMeasure>
      <BisWeighted>0</BisWeighted>
      <QtyInPackage>1</QtyInPackage>
      <ItemPrice>5.50</ItemPrice>
      <UnitOfMeasurePrice>2.20</UnitOfMeasurePrice>
      <AllowDiscount>0</AllowDiscount>
      <itemStatus>1</itemStatus>
      <LastUpdateDate />
      <LastUpdateTime />
    </Product>
    <Product>
      <PriceUpdateDate>2017/06/04 09:44</PriceUpdateDate>
      <ItemCode>7290004127336</ItemCode>
      <ItemType>1</ItemType>
      <ItemName>גבינת קוטג` 9% תנובה (250 גרם)</ItemName>
      <ManufactureName>תנובה - חלב</ManufactureName>
      <ManufactureCountry />
      <ManufactureItemDescription />
      <UnitQty>יח`</UnitQty>
      <Quantity>250</Quantity>
      <UnitMeasure>גרם</UnitMeasure>
      <BisWeighted>0</BisWeighted>
      <QtyInPackage>1</QtyInPackage>
      <ItemPrice>5.50</ItemPrice>
      <UnitOfMeasurePrice>2.20</UnitOfMeasurePrice>
      <AllowDiscount>0</AllowDiscount>
      <itemStatus>1</itemStatus>
      <LastUpdateDate />
      <LastUpdateTime />
    </Product>
    <Product>
      <PriceUpdateDate>2019/06/12 14:18</PriceUpdateDate>
      <ItemCode>7290004127800</ItemCode>
      <ItemType>1</ItemType>
      <ItemName>גבינה לבנה 5% תנובה (500 גרם) פיק</ItemName>
      <ManufactureName>תנובה - חלב</ManufactureName>
      <ManufactureCountry />
      <ManufactureItemDescription />
      <UnitQty>יח`</UnitQty>
      <Quantity>500</Quantity>
      <UnitMeasure>גרם</UnitMeasure>
      <BisWeighted>0</BisWeighted>
      <QtyInPackage>1</QtyInPackage>
      <ItemPrice>9.50</ItemPrice>
      <UnitOfMeasurePrice>1.90</UnitOfMeasurePrice>
      <AllowDiscount>0</AllowDiscount>
      <itemStatus>1</itemStatus>
      <LastUpdateDate />
      <LastUpdateTime />
    </Product>
    <Product>
      <PriceUpdateDate>2019/06/12 14:18</PriceUpdateDate>
      <ItemCode>7290004127817</ItemCode>
      <ItemType>1</ItemType>
      <ItemName>גבינה לבנה 9% תנובה (500 גרם)</ItemName>
      <ManufactureName>תנובה - חלב</ManufactureName>
      <ManufactureCountry />
      <ManufactureItemDescription />
      <UnitQty>יח`</UnitQty>
      <Quantity>500</Quantity>
      <UnitMeasure>גרם</UnitMeasure>
      <BisWeighted>0</BisWeighted>
      <QtyInPackage>1</QtyInPackage>
      <ItemPrice>9.50</ItemPrice>
      <UnitOfMeasurePrice>1.90</UnitOfMeasurePrice>
      <AllowDiscount>0</AllowDiscount>
      <itemStatus>1</itemStatus>
      <LastUpdateDate />
      <LastUpdateTime />
    </Product>
    <Product>
      <PriceUpdateDate>2019/06/12 14:18</PriceUpdateDate>
      <ItemCode>7290004127862</ItemCode>
      <ItemType>1</ItemType>
      <ItemName>גבינה לבנה 5% תנובה (750 גרם)</ItemName>
      <ManufactureName>תנובה - חלב</ManufactureName>
      <ManufactureCountry />
      <ManufactureItemDescription />
      <UnitQty>יח`</UnitQty>
      <Quantity>750</Quantity>
      <UnitMeasure>גרם</UnitMeasure>
      <BisWeighted>0</BisWeighted>
      <QtyInPackage>1</QtyInPackage>
      <ItemPrice>14.25</ItemPrice>
      <UnitOfMeasurePrice>1.90</UnitOfMeasurePrice>
      <AllowDiscount>0</AllowDiscount>
      <itemStatus>1</itemStatus>
      <LastUpdateDate />
      <LastUpdateTime />
    </Product>
    <Product>
      <PriceUpdateDate>2018/08/08 15:47</PriceUpdateDate>
      <ItemCode>7290004128333</ItemCode>
      <ItemType>1</ItemType>
      <ItemName>לאבנה אסלית 9% פיראוס (500 גרם)</ItemName>
      <ManufactureName>תנובה - חלב</ManufactureName>
      <ManufactureCountry />
      <ManufactureItemDescription />
      <UnitQty>יח`</UnitQty>
      <Quantity>500</Quantity>
      <UnitMeasure>גרם</UnitMeasure>
      <BisWeighted>0</BisWeighted>
      <QtyInPackage>1</QtyInPackage>
      <ItemPrice>19.50</ItemPrice>
      <UnitOfMeasurePrice>3.90</UnitOfMeasurePrice>
      <AllowDiscount>0</AllowDiscount>
      <itemStatus>1</itemStatus>
      <LastUpdateDate />
      <LastUpdateTime />
    </Product>
    <Product>
      <PriceUpdateDate>2018/08/08 15:47</PriceUpdateDate>
      <ItemCode>7290004128340</ItemCode>
      <ItemType>1</ItemType>
      <ItemName>גבינת שמנת 5% 200 גר`</ItemName>
      <ManufactureName>תנובה - חלב</ManufactureName>
      <ManufactureCountry />
      <ManufactureItemDescription />
      <UnitQty>יח`</UnitQty>
      <Quantity>200</Quantity>
      <UnitMeasure>גרם</UnitMeasure>
      <BisWeighted>0</BisWeighted>
      <QtyInPackage>1</QtyInPackage>
      <ItemPrice>11.50</ItemPrice>
      <UnitOfMeasurePrice>5.75</UnitOfMeasurePrice>
      <AllowDiscount>0</AllowDiscount>
      <itemStatus>1</itemStatus>
      <LastUpdateDate />
      <LastUpdateTime />
    </Product>
    <Product>
      <PriceUpdateDate>2018/08/08 15:47</PriceUpdateDate>
      <ItemCode>7290004128364</ItemCode>
      <ItemType>1</ItemType>
      <ItemName>גבינת שמנת 5% זיתים 200 גר`</ItemName>
      <ManufactureName>תנובה - חלב</ManufactureName>
      <ManufactureCountry />
      <ManufactureItemDescription />
      <UnitQty>יח`</UnitQty>
      <Quantity>200</Quantity>
      <UnitMeasure>גרם</UnitMeasure>
      <BisWeighted>0</BisWeighted>
      <QtyInPackage>1</QtyInPackage>
      <ItemPrice>11.50</ItemPrice>
      <UnitOfMeasurePrice>5.75</UnitOfMeasurePrice>
      <AllowDiscount>0</AllowDiscount>
      <itemStatus>1</itemStatus>
      <LastUpdateDate />
      <LastUpdateTime />
    </Product>
    <Product>
      <PriceUpdateDate>2018/08/08 15:47</PriceUpdateDate>
      <ItemCode>7290004129101</ItemCode>
      <ItemType>1</ItemType>
      <ItemName>גבינת נפוליאון 225 גר` טבעי גביע</ItemName>
      <ManufactureName>תנובה - חלב</ManufactureName>
      <ManufactureCountry />
      <ManufactureItemDescription />
      <UnitQty>יח`</UnitQty>
      <Quantity>225</Quantity>
      <UnitMeasure>גרם</UnitMeasure>
      <BisWeighted>0</BisWeighted>
      <QtyInPackage>1</QtyInPackage>
      <ItemPrice>13.90</ItemPrice>
      <UnitOfMeasurePrice>6.18</UnitOfMeasurePrice>
      <AllowDiscount>0</AllowDiscount>
      <itemStatus>1</itemStatus>
      <LastUpdateDate />
      <LastUpdateTime />
    </Product>
    <Product>
      <PriceUpdateDate>2018/08/08 15:47</PriceUpdateDate>
      <ItemCode>7290004129118</ItemCode>
      <ItemType>1</ItemType>
      <ItemName>גבינת נפוליאון 225 גר` זית גביע</ItemName>
      <ManufactureName>תנובה - חלב</ManufactureName>
      <ManufactureCountry />
      <ManufactureItemDescription />
      <UnitQty>יח`</UnitQty>
      <Quantity>225</Quantity>
      <UnitMeasure>גרם</UnitMeasure>
      <BisWeighted>0</BisWeighted>
      <QtyInPackage>1</QtyInPackage>
      <ItemPrice>13.90</ItemPrice>
      <UnitOfMeasurePrice>6.18</UnitOfMeasurePrice>
      <AllowDiscount>0</AllowDiscount>
      <itemStatus>1</itemStatus>
      <LastUpdateDate />
      <LastUpdateTime />
    </Product>
    <Product>
      <PriceUpdateDate>2018/08/08 15:47</PriceUpdateDate>
      <ItemCode>7290004129156</ItemCode>
      <ItemType>1</ItemType>
      <ItemName>גבינת נפוליאון 225 גר` שום שמיר גביע</ItemName>
      <ManufactureName>תנובה - חלב</ManufactureName>
      <ManufactureCountry />
      <ManufactureItemDescription />
      <UnitQty>יח`</UnitQty>
      <Quantity>225</Quantity>
      <UnitMeasure>גרם</UnitMeasure>
      <BisWeighted>0</BisWeighted>
      <QtyInPackage>1</QtyInPackage>
      <ItemPrice>13.90</ItemPrice>
      <UnitOfMeasurePrice>6.18</UnitOfMeasurePrice>
      <AllowDiscount>0</AllowDiscount>
      <itemStatus>1</itemStatus>
      <LastUpdateDate />
      <LastUpdateTime />
    </Product>
    <Product>
      <PriceUpdateDate>2019/06/12 14:18</PriceUpdateDate>
      <ItemCode>7290004129545</ItemCode>
      <ItemType>1</ItemType>
      <ItemName>גבינה לבנה 3% תנובה (250 גרם)</ItemName>
      <ManufactureName>תנובה - חלב</ManufactureName>
      <ManufactureCountry />
      <ManufactureItemDescription />
      <UnitQty>יח`</UnitQty>
      <Quantity>250</Quantity>
      <UnitMeasure>גרם</UnitMeasure>
      <BisWeighted>0</BisWeighted>
      <QtyInPackage>1</QtyInPackage>
      <ItemPrice>4.75</ItemPrice>
      <UnitOfMeasurePrice>1.90</UnitOfMeasurePrice>
      <AllowDiscount>0</AllowDiscount>
      <itemStatus>1</itemStatus>
      <LastUpdateDate />
      <LastUpdateTime />
    </Product>
    <Product>
      <PriceUpdateDate>2018/08/08 15:47</PriceUpdateDate>
      <ItemCode>7290004129736</ItemCode>
      <ItemType>1</ItemType>
      <ItemName>יופלה-קרם יוגורט 1.5%</ItemName>
      <ManufactureName>תנובה - חלב</ManufactureName>
      <ManufactureCountry />
      <ManufactureItemDescription />
      <UnitQty>יח`</UnitQty>
      <Quantity>200</Quantity>
      <UnitMeasure>מ"ל</UnitMeasure>
      <BisWeighted>0</BisWeighted>
      <QtyInPackage>1</QtyInPackage>
      <ItemPrice>4.50</ItemPrice>
      <UnitOfMeasurePrice>2.25</UnitOfMeasurePrice>
      <AllowDiscount>1</AllowDiscount>
      <itemStatus>1</itemStatus>
      <LastUpdateDate />
      <LastUpdateTime />
    </Product>
    <Product>
      <PriceUpdateDate>2018/08/08 15:47</PriceUpdateDate>
      <ItemCode>7290004129767</ItemCode>
      <ItemType>1</ItemType>
      <ItemName>יופלה לבן שמינייה 3%</ItemName>
      <ManufactureName>תנובה - חלב</ManufactureName>
      <ManufactureCountry />
      <ManufactureItemDescription />
      <UnitQty>יח`</UnitQty>
      <Quantity>1200</Quantity>
      <UnitMeasure>מ"ל</UnitMeasure>
      <BisWeighted>0</BisWeighted>
      <QtyInPackage>1</QtyInPackage>
      <ItemPrice>17.50</ItemPrice>
      <UnitOfMeasurePrice>1.46</UnitOfMeasurePrice>
      <AllowDiscount>1</AllowDiscount>
      <itemStatus>1</itemStatus>
      <LastUpdateDate />
      <LastUpdateTime />
    </Product>
    <Product>
      <PriceUpdateDate>2018/10/19 11:00</PriceUpdateDate>
      <ItemCode>7290004130794</ItemCode>
      <ItemType>1</ItemType>
      <ItemName>משקה סויה במתיקות מופחתת תנובה (1 ליטר)</ItemName>
      <ManufactureName>תנובה - חלב</ManufactureName>
      <ManufactureCountry />
      <ManufactureItemDescription />
      <UnitQty>יח`</UnitQty>
      <Quantity>1</Quantity>
      <UnitMeasure>1 ליטר</UnitMeasure>
      <BisWeighted>0</BisWeighted>
      <QtyInPackage>1</QtyInPackage>
      <ItemPrice>9.90</ItemPrice>
      <UnitOfMeasurePrice>9.90</UnitOfMeasurePrice>
      <AllowDiscount>0</AllowDiscount>
      <itemStatus>1</itemStatus>
      <LastUpdateDate />
      <LastUpdateTime />
    </Product>
    <Product>
      <PriceUpdateDate>2014/01/01 08:37</PriceUpdateDate>
      <ItemCode>7290004130916</ItemCode>
      <ItemType>1</ItemType>
      <ItemName>יופלה שמנת עם פירות יער</ItemName>
      <ManufactureName>תנובה - חלב</ManufactureName>
      <ManufactureCountry />
      <ManufactureItemDescription />
      <UnitQty>יח`</UnitQty>
      <Quantity>150</Quantity>
      <UnitMeasure>מ"ל</UnitMeasure>
      <BisWeighted>0</BisWeighted>
      <QtyInPackage>1</QtyInPackage>
      <ItemPrice>4.90</ItemPrice>
      <UnitOfMeasurePrice>3.27</UnitOfMeasurePrice>
      <AllowDiscount>1</AllowDiscount>
      <itemStatus>1</itemStatus>
      <LastUpdateDate />
      <LastUpdateTime />
    </Product>
    <Product>
      <PriceUpdateDate>2019/06/12 14:18</PriceUpdateDate>
      <ItemCode>7290004131074</ItemCode>
      <ItemType>1</ItemType>
      <ItemName>חלב 3% מהדרין תנובה (1 ליטר)</ItemName>
      <ManufactureName>תנובה - חלב</ManufactureName>
      <ManufactureCountry />
      <ManufactureItemDescription />
      <UnitQty>יח`</UnitQty>
      <Quantity>1</Quantity>
      <UnitMeasure>1 ליטר</UnitMeasure>
      <BisWeighted>0</BisWeighted>
      <QtyInPackage>1</QtyInPackage>
      <ItemPrice>5.94</ItemPrice>
      <UnitOfMeasurePrice>5.94</UnitOfMeasurePrice>
      <AllowDiscount>0</AllowDiscount>
      <itemStatus>1</itemStatus>
      <LastUpdateDate />
      <LastUpdateTime />
    </Product>
    <Product>
      <PriceUpdateDate>2018/08/08 15:47</PriceUpdateDate>
      <ItemCode>7290004131432</ItemCode>
      <ItemType>1</ItemType>
      <ItemName>יופלה-קרם יוגורט 3%</ItemName>
      <ManufactureName>תנובה - חלב</ManufactureName>
      <ManufactureCountry />
      <ManufactureItemDescription />
      <UnitQty>יח`</UnitQty>
      <Quantity>200</Quantity>
      <UnitMeasure>מ"ל</UnitMeasure>
      <BisWeighted>0</BisWeighted>
      <QtyInPackage>1</QtyInPackage>
      <ItemPrice>3.90</ItemPrice>
      <UnitOfMeasurePrice>1.95</UnitOfMeasurePrice>
      <AllowDiscount>1</AllowDiscount>
      <itemStatus>1</itemStatus>
      <LastUpdateDate />
      <LastUpdateTime />
    </Product>
    <Product>
      <PriceUpdateDate>2018/08/08 15:47</PriceUpdateDate>
      <ItemCode>7290004131456</ItemCode>
      <ItemType>1</ItemType>
      <ItemName>יופלה-קרם יוגורט 1.5%</ItemName>
      <ManufactureName>תנובה - חלב</ManufactureName>
      <ManufactureCountry />
      <ManufactureItemDescription />
      <UnitQty>יח`</UnitQty>
      <Quantity>200</Quantity>
      <UnitMeasure>מ"ל</UnitMeasure>
      <BisWeighted>0</BisWeighted>
      <QtyInPackage>1</QtyInPackage>
      <ItemPrice>3.90</ItemPrice>
      <UnitOfMeasurePrice>1.95</UnitOfMeasurePrice>
      <AllowDiscount>1</AllowDiscount>
      <itemStatus>1</itemStatus>
      <LastUpdateDate />
      <LastUpdateTime />
    </Product>
    <Product>
      <PriceUpdateDate>2018/08/08 15:47</PriceUpdateDate>
      <ItemCode>7290004131531</ItemCode>
      <ItemType>1</ItemType>
      <ItemName>שוקו 30% פחות תוספת סוכר תנובה (1 ליטר)</ItemName>
      <ManufactureName>תנובה - חלב</ManufactureName>
      <ManufactureCountry />
      <ManufactureItemDescription />
      <UnitQty>יח`</UnitQty>
      <Quantity>1</Quantity>
      <UnitMeasure>1 ליטר</UnitMeasure>
      <BisWeighted>0</BisWeighted>
      <QtyInPackage>1</QtyInPackage>
      <ItemPrice>12.50</ItemPrice>
      <UnitOfMeasurePrice>12.50</UnitOfMeasurePrice>
      <AllowDiscount>0</AllowDiscount>
      <itemStatus>1</itemStatus>
      <LastUpdateDate />
      <LastUpdateTime />
    </Product>
    <Product>
      <PriceUpdateDate>2018/08/08 15:47</PriceUpdateDate>
      <ItemCode>7290004131814</ItemCode>
      <ItemType>1</ItemType>
      <ItemName>גבינת צפתית מעודנת 5% פיראוס (200 גרם)</ItemName>
      <ManufactureName>תנובה - חלב</ManufactureName>
      <ManufactureCountry />
      <ManufactureItemDescription />
      <UnitQty>יח`</UnitQty>
      <Quantity>200</Quantity>
      <UnitMeasure>גרם</UnitMeasure>
      <BisWeighted>0</BisWeighted>
      <QtyInPackage>1</QtyInPackage>
      <ItemPrice>14.90</ItemPrice>
      <UnitOfMeasurePrice>7.45</UnitOfMeasurePrice>
      <AllowDiscount>0</AllowDiscount>
      <itemStatus>1</itemStatus>
      <LastUpdateDate />
      <LastUpdateTime />
    </Product>
    <Product>
      <PriceUpdateDate>2018/08/08 15:47</PriceUpdateDate>
      <ItemCode>7290004131845</ItemCode>
      <ItemType>1</ItemType>
      <ItemName>פיראוס לאבנה גביע 9% 750ג</ItemName>
      <ManufactureName>תנובה - חלב</ManufactureName>
      <ManufactureCountry />
      <ManufactureItemDescription />
      <UnitQty>יח`</UnitQty>
      <Quantity>750</Quantity>
      <UnitMeasure>גרם</UnitMeasure>
      <BisWeighted>0</BisWeighted>
      <QtyInPackage>1</QtyInPackage>
      <ItemPrice>26.90</ItemPrice>
      <UnitOfMeasurePrice>3.59</UnitOfMeasurePrice>
      <AllowDiscount>0</AllowDiscount>
      <itemStatus>1</itemStatus>
      <LastUpdateDate />
      <LastUpdateTime />
    </Product>
    <Product>
      <PriceUpdateDate>2018/08/08 15:47</PriceUpdateDate>
      <ItemCode>7290004132231</ItemCode>
      <ItemType>1</ItemType>
      <ItemName>חלב קרטון 0.8 5% לקפה</ItemName>
      <ManufactureName>תנובה - חלב</ManufactureName>
      <ManufactureCountry />
      <ManufactureItemDescription />
      <UnitQty>יח`</UnitQty>
      <Quantity>1</Quantity>
      <UnitMeasure>1 ליטר</UnitMeasure>
      <BisWeighted>0</BisWeighted>
      <QtyInPackage>1</QtyInPackage>
      <ItemPrice>6.90</ItemPrice>
      <UnitOfMeasurePrice>6.90</UnitOfMeasurePrice>
      <AllowDiscount>0</AllowDiscount>
      <itemStatus>1</itemStatus>
      <LastUpdateDate />
      <LastUpdateTime />
    </Product>
    <Product>
      <PriceUpdateDate>2018/10/19 11:00</PriceUpdateDate>
      <ItemCode>7290004132552</ItemCode>
      <ItemType>1</ItemType>
      <ItemName>משקה סויה 1 ליטר דיא</ItemName>
      <ManufactureName>תנובה - חלב</ManufactureName>
      <ManufactureCountry />
      <ManufactureItemDescription />
      <UnitQty>יח`</UnitQty>
      <Quantity>1</Quantity>
      <UnitMeasure>1 ליטר</UnitMeasure>
      <BisWeighted>0</BisWeighted>
      <QtyInPackage>1</QtyInPackage>
      <ItemPrice>9.90</ItemPrice>
      <UnitOfMeasurePrice>9.90</UnitOfMeasurePrice>
      <AllowDiscount>0</AllowDiscount>
      <itemStatus>1</itemStatus>
      <LastUpdateDate />
      <LastUpdateTime />
    </Product>
    <Product>
      <PriceUpdateDate>2018/08/08 15:47</PriceUpdateDate>
      <ItemCode>7290004132606</ItemCode>
      <ItemType>1</ItemType>
      <ItemName>קרלו מיני שמינייה וניל</ItemName>
      <ManufactureName>תנובה - חלב</ManufactureName>
      <ManufactureCountry />
      <ManufactureItemDescription />
      <UnitQty>יח`</UnitQty>
      <Quantity>800</Quantity>
      <UnitMeasure>מ"ל</UnitMeasure>
      <BisWeighted>0</BisWeighted>
      <QtyInPackage>1</QtyInPackage>
      <ItemPrice>13.90</ItemPrice>
      <UnitOfMeasurePrice>1.74</UnitOfMeasurePrice>
      <AllowDiscount>0</AllowDiscount>
      <itemStatus>1</itemStatus>
      <LastUpdateDate />
      <LastUpdateTime />
    </Product>
    <Product>
      <PriceUpdateDate>2018/08/08 15:47</PriceUpdateDate>
      <ItemCode>7290004132712</ItemCode>
      <ItemType>1</ItemType>
      <ItemName>אצבעות עמק</ItemName>
      <ManufactureName>תנובה - חלב</ManufactureName>
      <ManufactureCountry />
      <ManufactureItemDescription />
      <UnitQty>יח`</UnitQty>
      <Quantity>174</Quantity>
      <UnitMeasure>גרם</UnitMeasure>
      <BisWeighted>0</BisWeighted>
      <QtyInPackage>1</QtyInPackage>
      <ItemPrice>16.50</ItemPrice>
      <UnitOfMeasurePrice>9.48</UnitOfMeasurePrice>
      <AllowDiscount>0</AllowDiscount>
      <itemStatus>1</itemStatus>
      <LastUpdateDate />
      <LastUpdateTime />
    </Product>
    <Product>
      <PriceUpdateDate>2019/06/12 14:18</PriceUpdateDate>
      <ItemCode>7290004132903</ItemCode>
      <ItemType>1</ItemType>
      <ItemName>גבינה לבנה 250  גר`3%</ItemName>
      <ManufactureName>תנובה - חלב</ManufactureName>
      <ManufactureCountry />
      <ManufactureItemDescription />
      <UnitQty>יח`</UnitQty>
      <Quantity>250</Quantity>
      <UnitMeasure>גרם</UnitMeasure>
      <BisWeighted>0</BisWeighted>
      <QtyInPackage>1</QtyInPackage>
      <ItemPrice>4.75</ItemPrice>
      <UnitOfMeasurePrice>1.90</UnitOfMeasurePrice>
      <AllowDiscount>0</AllowDiscount>
      <itemStatus>1</itemStatus>
      <LastUpdateDate />
      <LastUpdateTime />
    </Product>
    <Product>
      <PriceUpdateDate>2018/08/08 15:47</PriceUpdateDate>
      <ItemCode>7290004133207</ItemCode>
      <ItemType>1</ItemType>
      <ItemName>יופלה לבן 0% דיאט</ItemName>
      <ManufactureName>תנובה - חלב</ManufactureName>
      <ManufactureCountry />
      <ManufactureItemDescription />
      <UnitQty>יח`</UnitQty>
      <Quantity>200</Quantity>
      <UnitMeasure>מ"ל</UnitMeasure>
      <BisWeighted>0</BisWeighted>
      <QtyInPackage>1</QtyInPackage>
      <ItemPrice>3.90</ItemPrice>
      <UnitOfMeasurePrice>1.95</UnitOfMeasurePrice>
      <AllowDiscount>1</AllowDiscount>
      <itemStatus>1</itemStatus>
      <LastUpdateDate />
      <LastUpdateTime />
    </Product>
    <Product>
      <PriceUpdateDate>2018/11/29 08:45</PriceUpdateDate>
      <ItemCode>7290004133511</ItemCode>
      <ItemType>1</ItemType>
      <ItemName>מאגדת שמינייה יופלה</ItemName>
      <ManufactureName>תנובה - חלב</ManufactureName>
      <ManufactureCountry />
      <ManufactureItemDescription />
      <UnitQty>יח`</UnitQty>
      <Quantity>1.20</Quantity>
      <UnitMeasure>1 ליטר</UnitMeasure>
      <BisWeighted>0</BisWeighted>
      <QtyInPackage>1</QtyInPackage>
      <ItemPrice>20.90</ItemPrice>
      <UnitOfMeasurePrice>17.42</UnitOfMeasurePrice>
      <AllowDiscount>1</AllowDiscount>
      <itemStatus>1</itemStatus>
      <LastUpdateDate />
      <LastUpdateTime />
    </Product>
    <Product>
      <PriceUpdateDate>2018/08/08 15:47</PriceUpdateDate>
      <ItemCode>7290004133627</ItemCode>
      <ItemType>1</ItemType>
      <ItemName>חלב קרטון 1 ליטר 3% מועשר על הבוקר</ItemName>
      <ManufactureName>תנובה - חלב</ManufactureName>
      <ManufactureCountry />
      <ManufactureItemDescription />
      <UnitQty>יח`</UnitQty>
      <Quantity>1</Quantity>
      <UnitMeasure>1 ליטר</UnitMeasure>
      <BisWeighted>0</BisWeighted>
      <QtyInPackage>1</QtyInPackage>
      <ItemPrice>8.30</ItemPrice>
      <UnitOfMeasurePrice>8.30</UnitOfMeasurePrice>
      <AllowDiscount>0</AllowDiscount>
      <itemStatus>1</itemStatus>
      <LastUpdateDate />
      <LastUpdateTime />
    </Product>
    <Product>
      <PriceUpdateDate>2016/12/11 08:16</PriceUpdateDate>
      <ItemCode>7290004133900</ItemCode>
      <ItemType>1</ItemType>
      <ItemName>קצפת צמחית בשף הלבן 250</ItemName>
      <ManufactureName>תנובה - חלב</ManufactureName>
      <ManufactureCountry />
      <ManufactureItemDescription />
      <UnitQty>יח`</UnitQty>
      <Quantity>250</Quantity>
      <UnitMeasure>מ"ל</UnitMeasure>
      <BisWeighted>0</BisWeighted>
      <QtyInPackage>1</QtyInPackage>
      <ItemPrice>8.90</ItemPrice>
      <UnitOfMeasurePrice>3.56</UnitOfMeasurePrice>
      <AllowDiscount>0</AllowDiscount>
      <itemStatus>1</itemStatus>
      <LastUpdateDate />
      <LastUpdateTime />
    </Product>
    <Product>
      <PriceUpdateDate>2014/01/01 08:37</PriceUpdateDate>
      <ItemCode>7290004134945</ItemCode>
      <ItemType>1</ItemType>
      <ItemName>יוגורט ביו 3% בטעם מוקה יופלה (150 גרם)</ItemName>
      <ManufactureName>תנובה - חלב</ManufactureName>
      <ManufactureCountry />
      <ManufactureItemDescription />
      <UnitQty>יח`</UnitQty>
      <Quantity>150</Quantity>
      <UnitMeasure>מ"ל</UnitMeasure>
      <BisWeighted>0</BisWeighted>
      <QtyInPackage>1</QtyInPackage>
      <ItemPrice>4.90</ItemPrice>
      <UnitOfMeasurePrice>3.27</UnitOfMeasurePrice>
      <AllowDiscount>1</AllowDiscount>
      <itemStatus>1</itemStatus>
      <LastUpdateDate />
      <LastUpdateTime />
    </Product>
    <Product>
      <PriceUpdateDate>2018/08/08 15:47</PriceUpdateDate>
      <ItemCode>7290004135058</ItemCode>
      <ItemType>1</ItemType>
      <ItemName>קרלו מיני שמינייה שוקולד</ItemName>
      <ManufactureName>תנובה - חלב</ManufactureName>
      <ManufactureCountry />
      <ManufactureItemDescription />
      <UnitQty>יח`</UnitQty>
      <Quantity>800</Quantity>
      <UnitMeasure>מ"ל</UnitMeasure>
      <BisWeighted>0</BisWeighted>
      <QtyInPackage>1</QtyInPackage>
      <ItemPrice>13.90</ItemPrice>
      <UnitOfMeasurePrice>1.74</UnitOfMeasurePrice>
      <AllowDiscount>0</AllowDiscount>
      <itemStatus>1</itemStatus>
      <LastUpdateDate />
      <LastUpdateTime />
    </Product>
    <Product>
      <PriceUpdateDate>2018/08/08 15:47</PriceUpdateDate>
      <ItemCode>7290004135614</ItemCode>
      <ItemType>1</ItemType>
      <ItemName>גבינה בולגרית מעודנת 5% פיראוס (250 גרם)</ItemName>
      <ManufactureName>תנובה - חלב</ManufactureName>
      <ManufactureCountry />
      <ManufactureItemDescription />
      <UnitQty>יח`</UnitQty>
      <Quantity>250</Quantity>
      <UnitMeasure>גרם</UnitMeasure>
      <BisWeighted>0</BisWeighted>
      <QtyInPackage>1</QtyInPackage>
      <ItemPrice>21.90</ItemPrice>
      <UnitOfMeasurePrice>8.76</UnitOfMeasurePrice>
      <AllowDiscount>0</AllowDiscount>
      <itemStatus>1</itemStatus>
      <LastUpdateDate />
      <LastUpdateTime />
    </Product>
    <Product>
      <PriceUpdateDate>2018/08/08 15:47</PriceUpdateDate>
      <ItemCode>7290004136598</ItemCode>
      <ItemType>1</ItemType>
      <ItemName>מארז הפסקת אוכל חלבי + קורנפלקס</ItemName>
      <ManufactureName>תנובה - חלב</ManufactureName>
      <ManufactureCountry />
      <ManufactureItemDescription />
      <UnitQty>יח`</UnitQty>
      <Quantity>150</Quantity>
      <UnitMeasure>מ"ל</UnitMeasure>
      <BisWeighted>0</BisWeighted>
      <QtyInPackage>1</QtyInPackage>
      <ItemPrice>9.90</ItemPrice>
      <UnitOfMeasurePrice>6.60</UnitOfMeasurePrice>
      <AllowDiscount>0</AllowDiscount>
      <itemStatus>1</itemStatus>
      <LastUpdateDate />
      <LastUpdateTime />
    </Product>
    <Product>
      <PriceUpdateDate>2014/01/01 08:37</PriceUpdateDate>
      <ItemCode>7290004136857</ItemCode>
      <ItemType>1</ItemType>
      <ItemName>מעדן ג`לי בטעם פטל תנובה (125 גרם)</ItemName>
      <ManufactureName>תנובה - חלב</ManufactureName>
      <ManufactureCountry />
      <ManufactureItemDescription />
      <UnitQty>יח`</UnitQty>
      <Quantity>125</Quantity>
      <UnitMeasure>מ"ל</UnitMeasure>
      <BisWeighted>0</BisWeighted>
      <QtyInPackage>1</QtyInPackage>
      <ItemPrice>2.30</ItemPrice>
      <UnitOfMeasurePrice>1.84</UnitOfMeasurePrice>
      <AllowDiscount>0</AllowDiscount>
      <itemStatus>1</itemStatus>
      <LastUpdateDate />
      <LastUpdateTime />
    </Product>
    <Product>
      <PriceUpdateDate>2014/01/01 08:37</PriceUpdateDate>
      <ItemCode>7290004136864</ItemCode>
      <ItemType>1</ItemType>
      <ItemName>ג`לי אננס+חתיכות</ItemName>
      <ManufactureName>תנובה - חלב</ManufactureName>
      <ManufactureCountry />
      <ManufactureItemDescription />
      <UnitQty>יח`</UnitQty>
      <Quantity>125</Quantity>
      <UnitMeasure>מ"ל</UnitMeasure>
      <BisWeighted>0</BisWeighted>
      <QtyInPackage>1</QtyInPackage>
      <ItemPrice>2.60</ItemPrice>
      <UnitOfMeasurePrice>2.08</UnitOfMeasurePrice>
      <AllowDiscount>0</AllowDiscount>
      <itemStatus>1</itemStatus>
      <LastUpdateDate />
      <LastUpdateTime />
    </Product>
    <Product>
      <PriceUpdateDate>2014/01/01 08:37</PriceUpdateDate>
      <ItemCode>7290004136871</ItemCode>
      <ItemType>1</ItemType>
      <ItemName>ג`לי אפרסק+חתיכות</ItemName>
      <ManufactureName>תנובה - חלב</ManufactureName>
      <ManufactureCountry />
      <ManufactureItemDescription />
      <UnitQty>יח`</UnitQty>
      <Quantity>125</Quantity>
      <UnitMeasure>מ"ל</UnitMeasure>
      <BisWeighted>0</BisWeighted>
      <QtyInPackage>1</QtyInPackage>
      <ItemPrice>2.60</ItemPrice>
      <UnitOfMeasurePrice>2.08</UnitOfMeasurePrice>
      <AllowDiscount>0</AllowDiscount>
      <itemStatus>1</itemStatus>
      <LastUpdateDate />
      <LastUpdateTime />
    </Product>
    <Product>
      <PriceUpdateDate>2018/08/08 15:47</PriceUpdateDate>
      <ItemCode>7290004137021</ItemCode>
      <ItemType>1</ItemType>
      <ItemName>שמנת עמידה לבישול 10% השף הלבן (250 מל)</ItemName>
      <ManufactureName>תנובה - חלב</ManufactureName>
      <ManufactureCountry />
      <ManufactureItemDescription />
      <UnitQty>יח`</UnitQty>
      <Quantity>250</Quantity>
      <UnitMeasure>מ"ל</UnitMeasure>
      <BisWeighted>0</BisWeighted>
      <QtyInPackage>1</QtyInPackage>
      <ItemPrice>8.20</ItemPrice>
      <UnitOfMeasurePrice>3.28</UnitOfMeasurePrice>
      <AllowDiscount>0</AllowDiscount>
      <itemStatus>1</itemStatus>
      <LastUpdateDate />
      <LastUpdateTime />
    </Product>
    <Product>
      <PriceUpdateDate>2018/08/08 15:47</PriceUpdateDate>
      <ItemCode>7290004137311</ItemCode>
      <ItemType>1</ItemType>
      <ItemName>גבינה צהובה מופחתת שומן 9% עמק (400 גרם)</ItemName>
      <ManufactureName>תנובה - חלב</ManufactureName>
      <ManufactureCountry />
      <ManufactureItemDescription />
      <UnitQty>יח`</UnitQty>
      <Quantity>400</Quantity>
      <UnitMeasure>גרם</UnitMeasure>
      <BisWeighted>0</BisWeighted>
      <QtyInPackage>1</QtyInPackage>
      <ItemPrice>30.80</ItemPrice>
      <UnitOfMeasurePrice>7.70</UnitOfMeasurePrice>
      <AllowDiscount>0</AllowDiscount>
      <itemStatus>1</itemStatus>
      <LastUpdateDate />
      <LastUpdateTime />
    </Product>
    <Product>
      <PriceUpdateDate>2018/08/08 15:47</PriceUpdateDate>
      <ItemCode>7290004137809</ItemCode>
      <ItemType>1</ItemType>
      <ItemName>לאבנה אסלית 5% פיראוס (250 גרם)</ItemName>
      <ManufactureName>תנובה - חלב</ManufactureName>
      <ManufactureCountry />
      <ManufactureItemDescription />
      <UnitQty>יח`</UnitQty>
      <Quantity>250</Quantity>
      <UnitMeasure>גרם</UnitMeasure>
      <BisWeighted>0</BisWeighted>
      <QtyInPackage>1</QtyInPackage>
      <ItemPrice>12.50</ItemPrice>
      <UnitOfMeasurePrice>5</UnitOfMeasurePrice>
      <AllowDiscount>0</AllowDiscount>
      <itemStatus>1</itemStatus>
      <LastUpdateDate />
      <LastUpdateTime />
    </Product>
    <Product>
      <PriceUpdateDate>2019/01/31 09:52</PriceUpdateDate>
      <ItemCode>7290004146986</ItemCode>
      <ItemType>1</ItemType>
      <ItemName>נקה 7 שמפו 750 מל כתום</ItemName>
      <ManufactureName>החברה הדרומית לשיווק בעמ</ManufactureName>
      <ManufactureCountry />
      <ManufactureItemDescription />
      <UnitQty>יח`</UnitQty>
      <Quantity>750</Quantity>
      <UnitMeasure>מ"ל</UnitMeasure>
      <BisWeighted>0</BisWeighted>
      <QtyInPackage>1</QtyInPackage>
      <ItemPrice>10.90</ItemPrice>
      <UnitOfMeasurePrice>1.45</UnitOfMeasurePrice>
      <AllowDiscount>1</AllowDiscount>
      <itemStatus>1</itemStatus>
      <LastUpdateDate />
      <LastUpdateTime />
    </Product>
    <Product>
      <PriceUpdateDate>2019/08/07 10:33</PriceUpdateDate>
      <ItemCode>7290004147051</ItemCode>
      <ItemType>1</ItemType>
      <ItemName>קיסמי שיניים רפואיים 300 יח`</ItemName>
      <ManufactureName>קונסיגנציה- ש. י גיספאן 1993</ManufactureName>
      <ManufactureCountry />
      <ManufactureItemDescription />
      <UnitQty>יח`</UnitQty>
      <Quantity>1</Quantity>
      <UnitMeasure />
      <BisWeighted>0</BisWeighted>
      <QtyInPackage>1</QtyInPackage>
      <ItemPrice>14.90</ItemPrice>
      <UnitOfMeasurePrice>14.90</UnitOfMeasurePrice>
      <AllowDiscount>0</AllowDiscount>
      <itemStatus>1</itemStatus>
      <LastUpdateDate />
      <LastUpdateTime />
    </Product>
    <Product>
      <PriceUpdateDate>2019/08/07 10:33</PriceUpdateDate>
      <ItemCode>7290004147150</ItemCode>
      <ItemType>1</ItemType>
      <ItemName> ליפות/רצועות/וספוגים- מערוב</ItemName>
      <ManufactureName>קונסיגנציה- ש. י גיספאן 1993</ManufactureName>
      <ManufactureCountry />
      <ManufactureItemDescription />
      <UnitQty>יח`</UnitQty>
      <Quantity>1</Quantity>
      <UnitMeasure />
      <BisWeighted>0</BisWeighted>
      <QtyInPackage>1</QtyInPackage>
      <ItemPrice>14.90</ItemPrice>
      <UnitOfMeasurePrice>14.90</UnitOfMeasurePrice>
      <AllowDiscount>0</AllowDiscount>
      <itemStatus>1</itemStatus>
      <LastUpdateDate />
      <LastUpdateTime />
    </Product>
    <Product>
      <PriceUpdateDate>2019/08/07 10:33</PriceUpdateDate>
      <ItemCode>7290004147310</ItemCode>
      <ItemType>1</ItemType>
      <ItemName>מראות טיול מספר 4</ItemName>
      <ManufactureName>קונסיגנציה- ש. י גיספאן 1993</ManufactureName>
      <ManufactureCountry />
      <ManufactureItemDescription />
      <UnitQty>יח`</UnitQty>
      <Quantity>4</Quantity>
      <UnitMeasure>1 ליטר</UnitMeasure>
      <BisWeighted>0</BisWeighted>
      <QtyInPackage>1</QtyInPackage>
      <ItemPrice>10.90</ItemPrice>
      <UnitOfMeasurePrice>2.73</UnitOfMeasurePrice>
      <AllowDiscount>0</AllowDiscount>
      <itemStatus>1</itemStatus>
      <LastUpdateDate />
      <LastUpdateTime />
    </Product>
    <Product>
      <PriceUpdateDate>2019/08/22 12:39</PriceUpdateDate>
      <ItemCode>7290004147440</ItemCode>
      <ItemType>1</ItemType>
      <ItemName>קוצץ צפרוניים</ItemName>
      <ManufactureName>קונסיגנציה- ש. י גיספאן 1993</ManufactureName>
      <ManufactureCountry />
      <ManufactureItemDescription />
      <UnitQty>יח`</UnitQty>
      <Quantity>1</Quantity>
      <UnitMeasure />
      <BisWeighted>0</BisWeighted>
      <QtyInPackage>1</QtyInPackage>
      <ItemPrice>9.90</ItemPrice>
      <UnitOfMeasurePrice>9.90</UnitOfMeasurePrice>
      <AllowDiscount>0</AllowDiscount>
      <itemStatus>1</itemStatus>
      <LastUpdateDate />
      <LastUpdateTime />
    </Product>
    <Product>
      <PriceUpdateDate>2019/08/22 12:39</PriceUpdateDate>
      <ItemCode>7290004147457</ItemCode>
      <ItemType>1</ItemType>
      <ItemName>סט פותחן קופסאות 3 יח`</ItemName>
      <ManufactureName>קונסיגנציה- ש. י גיספאן 1993</ManufactureName>
      <ManufactureCountry />
      <ManufactureItemDescription />
      <UnitQty>יח`</UnitQty>
      <Quantity>1</Quantity>
      <UnitMeasure />
      <BisWeighted>0</BisWeighted>
      <QtyInPackage>1</QtyInPackage>
      <ItemPrice>8.90</ItemPrice>
      <UnitOfMeasurePrice>8.90</UnitOfMeasurePrice>
      <AllowDiscount>0</AllowDiscount>
      <itemStatus>1</itemStatus>
      <LastUpdateDate />
      <LastUpdateTime />
    </Product>
    <Product>
      <PriceUpdateDate>2019/08/07 10:33</PriceUpdateDate>
      <ItemCode>7290004147839</ItemCode>
      <ItemType>1</ItemType>
      <ItemName>מראות הגדלה פי 5  מס`2</ItemName>
      <ManufactureName>קונסיגנציה- ש. י גיספאן 1993</ManufactureName>
      <ManufactureCountry />
      <ManufactureItemDescription />
      <UnitQty>יח`</UnitQty>
      <Quantity>1</Quantity>
      <UnitMeasure>1 ליטר</UnitMeasure>
      <BisWeighted>0</BisWeighted>
      <QtyInPackage>1</QtyInPackage>
      <ItemPrice>14.90</ItemPrice>
      <UnitOfMeasurePrice>14.90</UnitOfMeasurePrice>
      <AllowDiscount>0</AllowDiscount>
      <itemStatus>1</itemStatus>
      <LastUpdateDate />
      <LastUpdateTime />
    </Product>
    <Product>
      <PriceUpdateDate>2015/11/30 12:49</PriceUpdateDate>
      <ItemCode>7290004199074</ItemCode>
      <ItemType>1</ItemType>
      <ItemName>פלסטר מעורב סאני) (50</ItemName>
      <ManufactureName>אינטרסן 1996 בעמ</ManufactureName>
      <ManufactureCountry />
      <ManufactureItemDescription />
      <UnitQty>יח`</UnitQty>
      <Quantity>1</Quantity>
      <UnitMeasure />
      <BisWeighted>0</BisWeighted>
      <QtyInPackage>1</QtyInPackage>
      <ItemPrice>5.90</ItemPrice>
      <UnitOfMeasurePrice>5.90</UnitOfMeasurePrice>
      <AllowDiscount>0</AllowDiscount>
      <itemStatus>1</itemStatus>
      <LastUpdateDate />
      <LastUpdateTime />
    </Product>
    <Product>
      <PriceUpdateDate>2018/02/06 08:42</PriceUpdateDate>
      <ItemCode>7290004199203</ItemCode>
      <ItemType>1</ItemType>
      <ItemName>קיסמי שיניים במבוק מלחיה לב הוסטס) (300</ItemName>
      <ManufactureName>אינטרסן 1996 בעמ</ManufactureName>
      <ManufactureCountry />
      <ManufactureItemDescription />
      <UnitQty>יח`</UnitQty>
      <Quantity>1</Quantity>
      <UnitMeasure />
      <BisWeighted>0</BisWeighted>
      <QtyInPackage>1</QtyInPackage>
      <ItemPrice>3.90</ItemPrice>
      <UnitOfMeasurePrice>3.90</UnitOfMeasurePrice>
      <AllowDiscount>0</AllowDiscount>
      <itemStatus>1</itemStatus>
      <LastUpdateDate />
      <LastUpdateTime />
    </Product>
    <Product>
      <PriceUpdateDate>2019/05/27 16:08</PriceUpdateDate>
      <ItemCode>7290004199241</ItemCode>
      <ItemType>1</ItemType>
      <ItemName>נרות חימום 50 יח מהדרין</ItemName>
      <ManufactureName>אינטרסן 1996 בעמ</ManufactureName>
      <ManufactureCountry />
      <ManufactureItemDescription />
      <UnitQty>יח`</UnitQty>
      <Quantity>1</Quantity>
      <UnitMeasure />
      <BisWeighted>0</BisWeighted>
      <QtyInPackage>1</QtyInPackage>
      <ItemPrice>9.90</ItemPrice>
      <UnitOfMeasurePrice>9.90</UnitOfMeasurePrice>
      <AllowDiscount>0</AllowDiscount>
      <itemStatus>1</itemStatus>
      <LastUpdateDate />
      <LastUpdateTime />
    </Product>
    <Product>
      <PriceUpdateDate>2015/05/14 08:54</PriceUpdateDate>
      <ItemCode>7290004199579</ItemCode>
      <ItemType>1</ItemType>
      <ItemName>פלסטר סאני) (100</ItemName>
      <ManufactureName>אינטרסן 1996 בעמ</ManufactureName>
      <ManufactureCountry />
      <ManufactureItemDescription />
      <UnitQty>יח`</UnitQty>
      <Quantity>100</Quantity>
      <UnitMeasure>יח`</UnitMeasure>
      <BisWeighted>0</BisWeighted>
      <QtyInPackage>1</QtyInPackage>
      <ItemPrice>9.90</ItemPrice>
      <UnitOfMeasurePrice>0.10</UnitOfMeasurePrice>
      <AllowDiscount>0</AllowDiscount>
      <itemStatus>1</itemStatus>
      <LastUpdateDate />
      <LastUpdateTime />
    </Product>
    <Product>
      <PriceUpdateDate>2013/12/15 07:03</PriceUpdateDate>
      <ItemCode>7290004200077</ItemCode>
      <ItemType>1</ItemType>
      <ItemName>פרסים רמה 2</ItemName>
      <ManufactureName>שמחה זה אנחנו בעמ</ManufactureName>
      <ManufactureCountry />
      <ManufactureItemDescription />
      <UnitQty>יח`</UnitQty>
      <Quantity>1</Quantity>
      <UnitMeasure />
      <BisWeighted>0</BisWeighted>
      <QtyInPackage>1</QtyInPackage>
      <ItemPrice>6.90</ItemPrice>
      <UnitOfMeasurePrice>6.90</UnitOfMeasurePrice>
      <AllowDiscount>0</AllowDiscount>
      <itemStatus>1</itemStatus>
      <LastUpdateDate />
      <LastUpdateTime />
    </Product>
    <Product>
      <PriceUpdateDate>2015/12/01 11:25</PriceUpdateDate>
      <ItemCode>7290004200244</ItemCode>
      <ItemType>1</ItemType>
      <ItemName>פרסים רמה 3</ItemName>
      <ManufactureName>שמחה זה אנחנו בעמ</ManufactureName>
      <ManufactureCountry />
      <ManufactureItemDescription />
      <UnitQty>יח`</UnitQty>
      <Quantity>1</Quantity>
      <UnitMeasure />
      <BisWeighted>0</BisWeighted>
      <QtyInPackage>1</QtyInPackage>
      <ItemPrice>10.90</ItemPrice>
      <UnitOfMeasurePrice>10.90</UnitOfMeasurePrice>
      <AllowDiscount>0</AllowDiscount>
      <itemStatus>1</itemStatus>
      <LastUpdateDate />
      <LastUpdateTime />
    </Product>
    <Product>
      <PriceUpdateDate>2013/12/15 07:03</PriceUpdateDate>
      <ItemCode>7290004200930</ItemCode>
      <ItemType>1</ItemType>
      <ItemName>זיקוק עבה 2 בשקית</ItemName>
      <ManufactureName>שמחה זה אנחנו בעמ</ManufactureName>
      <ManufactureCountry />
      <ManufactureItemDescription />
      <UnitQty>יח`</UnitQty>
      <Quantity>1</Quantity>
      <UnitMeasure />
      <BisWeighted>0</BisWeighted>
      <QtyInPackage>1</QtyInPackage>
      <ItemPrice>8.90</ItemPrice>
      <UnitOfMeasurePrice>8.90</UnitOfMeasurePrice>
      <AllowDiscount>0</AllowDiscount>
      <itemStatus>1</itemStatus>
      <LastUpdateDate />
      <LastUpdateTime />
    </Product>
    <Product>
      <PriceUpdateDate>2018/02/05 10:11</PriceUpdateDate>
      <ItemCode>7290004200961</ItemCode>
      <ItemType>1</ItemType>
      <ItemName>זיקוק דק 3 בשקית</ItemName>
      <ManufactureName>שמחה זה אנחנו בעמ</ManufactureName>
      <ManufactureCountry />
      <ManufactureItemDescription />
      <UnitQty>יח`</UnitQty>
      <Quantity>1</Quantity>
      <UnitMeasure />
      <BisWeighted>0</BisWeighted>
      <QtyInPackage>1</QtyInPackage>
      <ItemPrice>4.90</ItemPrice>
      <UnitOfMeasurePrice>4.90</UnitOfMeasurePrice>
      <AllowDiscount>0</AllowDiscount>
      <itemStatus>1</itemStatus>
      <LastUpdateDate />
      <LastUpdateTime />
    </Product>
    <Product>
      <PriceUpdateDate>2015/01/28 16:09</PriceUpdateDate>
      <ItemCode>7290004225285</ItemCode>
      <ItemType>1</ItemType>
      <ItemName>גבינה בסגנון דנאבלו 100 גר</ItemName>
      <ManufactureName>נטו מלינדה סחר בעמ</ManufactureName>
      <ManufactureCountry />
      <ManufactureItemDescription />
      <UnitQty>יח`</UnitQty>
      <Quantity>100</Quantity>
      <UnitMeasure>גרם</UnitMeasure>
      <BisWeighted>0</BisWeighted>
      <QtyInPackage>1</QtyInPackage>
      <ItemPrice>13.90</ItemPrice>
      <UnitOfMeasurePrice>13.90</UnitOfMeasurePrice>
      <AllowDiscount>1</AllowDiscount>
      <itemStatus>1</itemStatus>
      <LastUpdateDate />
      <LastUpdateTime />
    </Product>
    <Product>
      <PriceUpdateDate>2015/12/01 18:39</PriceUpdateDate>
      <ItemCode>7290004225384</ItemCode>
      <ItemType>1</ItemType>
      <ItemName>סרדין בשמן זית פוסידון (125 גרם)</ItemName>
      <ManufactureName>נטו מלינדה סחר בעמ</ManufactureName>
      <ManufactureCountry />
      <ManufactureItemDescription />
      <UnitQty>יח`</UnitQty>
      <Quantity>125</Quantity>
      <UnitMeasure>גרם</UnitMeasure>
      <BisWeighted>0</BisWeighted>
      <QtyInPackage>1</QtyInPackage>
      <ItemPrice>6.90</ItemPrice>
      <UnitOfMeasurePrice>5.52</UnitOfMeasurePrice>
      <AllowDiscount>0</AllowDiscount>
      <itemStatus>1</itemStatus>
      <LastUpdateDate />
      <LastUpdateTime />
    </Product>
    <Product>
      <PriceUpdateDate>2020/02/12 16:22</PriceUpdateDate>
      <ItemCode>7290004228675</ItemCode>
      <ItemType>1</ItemType>
      <ItemName>מקלוני דג 600  גר`שגב</ItemName>
      <ManufactureName>נטו מלינדה סחר בעמ</ManufactureName>
      <ManufactureCountry />
      <ManufactureItemDescription />
      <UnitQty>יח`</UnitQty>
      <Quantity>600</Quantity>
      <UnitMeasure>גרם</UnitMeasure>
      <BisWeighted>0</BisWeighted>
      <QtyInPackage>1</QtyInPackage>
      <ItemPrice>29.90</ItemPrice>
      <UnitOfMeasurePrice>4.98</UnitOfMeasurePrice>
      <AllowDiscount>0</AllowDiscount>
      <itemStatus>1</itemStatus>
      <LastUpdateDate />
      <LastUpdateTime />
    </Product>
    <Product>
      <PriceUpdateDate>2019/02/14 14:56</PriceUpdateDate>
      <ItemCode>7290004229931</ItemCode>
      <ItemType>1</ItemType>
      <ItemName>אורז בסמטי 1 קג הימליה</ItemName>
      <ManufactureName>נטו מלינדה סחר בעמ</ManufactureName>
      <ManufactureCountry />
      <ManufactureItemDescription />
      <UnitQty>יח`</UnitQty>
      <Quantity>1000</Quantity>
      <UnitMeasure>גרם</UnitMeasure>
      <BisWeighted>0</BisWeighted>
      <QtyInPackage>1</QtyInPackage>
      <ItemPrice>9.90</ItemPrice>
      <UnitOfMeasurePrice>0.99</UnitOfMeasurePrice>
      <AllowDiscount>0</AllowDiscount>
      <itemStatus>1</itemStatus>
      <LastUpdateDate />
      <LastUpdateTime />
    </Product>
    <Product>
      <PriceUpdateDate>2015/04/30 12:31</PriceUpdateDate>
      <ItemCode>7290004230364</ItemCode>
      <ItemType>1</ItemType>
      <ItemName>מקלות בורקס פילו גבינה צרפתי -שגב</ItemName>
      <ManufactureName>נטו מלינדה סחר בעמ</ManufactureName>
      <ManufactureCountry />
      <ManufactureItemDescription />
      <UnitQty>יח`</UnitQty>
      <Quantity>600</Quantity>
      <UnitMeasure>גרם</UnitMeasure>
      <BisWeighted>0</BisWeighted>
      <QtyInPackage>1</QtyInPackage>
      <ItemPrice>19.90</ItemPrice>
      <UnitOfMeasurePrice>3.32</UnitOfMeasurePrice>
      <AllowDiscount>1</AllowDiscount>
      <itemStatus>1</itemStatus>
      <LastUpdateDate />
      <LastUpdateTime />
    </Product>
    <Product>
      <PriceUpdateDate>2018/10/30 07:22</PriceUpdateDate>
      <ItemCode>7290004255824</ItemCode>
      <ItemType>1</ItemType>
      <ItemName>פתיליות מהודרות</ItemName>
      <ManufactureName>מנורה אור חדש בעמ</ManufactureName>
      <ManufactureCountry />
      <ManufactureItemDescription />
      <UnitQty>יח`</UnitQty>
      <Quantity>1</Quantity>
      <UnitMeasure />
      <BisWeighted>0</BisWeighted>
      <QtyInPackage>1</QtyInPackage>
      <ItemPrice>2.90</ItemPrice>
      <UnitOfMeasurePrice>2.90</UnitOfMeasurePrice>
      <AllowDiscount>0</AllowDiscount>
      <itemStatus>1</itemStatus>
      <LastUpdateDate />
      <LastUpdateTime />
    </Product>
    <Product>
      <PriceUpdateDate>2019/09/27 16:13</PriceUpdateDate>
      <ItemCode>7290004256371</ItemCode>
      <ItemType>1</ItemType>
      <ItemName>גבינת צהובה ריץ פרוסה 400 גר`</ItemName>
      <ManufactureName>נטו מלינדה סחר בעמ</ManufactureName>
      <ManufactureCountry />
      <ManufactureItemDescription />
      <UnitQty>יח`</UnitQty>
      <Quantity>400</Quantity>
      <UnitMeasure>גרם</UnitMeasure>
      <BisWeighted>0</BisWeighted>
      <QtyInPackage>1</QtyInPackage>
      <ItemPrice>14.70</ItemPrice>
      <UnitOfMeasurePrice>3.68</UnitOfMeasurePrice>
      <AllowDiscount>0</AllowDiscount>
      <itemStatus>1</itemStatus>
      <LastUpdateDate />
      <LastUpdateTime />
    </Product>
    <Product>
      <PriceUpdateDate>2019/05/15 14:17</PriceUpdateDate>
      <ItemCode>7290004256753</ItemCode>
      <ItemType>1</ItemType>
      <ItemName>עלי סיגר מרוקאי 450  גר`לפסטיליה</ItemName>
      <ManufactureName>נטו מלינדה סחר בעמ</ManufactureName>
      <ManufactureCountry />
      <ManufactureItemDescription />
      <UnitQty>יח`</UnitQty>
      <Quantity>450</Quantity>
      <UnitMeasure>גרם</UnitMeasure>
      <BisWeighted>0</BisWeighted>
      <QtyInPackage>1</QtyInPackage>
      <ItemPrice>11.90</ItemPrice>
      <UnitOfMeasurePrice>2.64</UnitOfMeasurePrice>
      <AllowDiscount>0</AllowDiscount>
      <itemStatus>1</itemStatus>
      <LastUpdateDate />
      <LastUpdateTime />
    </Product>
    <Product>
      <PriceUpdateDate>2019/01/31 10:24</PriceUpdateDate>
      <ItemCode>7290004324858</ItemCode>
      <ItemType>1</ItemType>
      <ItemName>קבב כבש 500 גר` טיבונוויל</ItemName>
      <ManufactureName>נטו מלינדה סחר בעמ</ManufactureName>
      <ManufactureCountry />
      <ManufactureItemDescription />
      <UnitQty>יח`</UnitQty>
      <Quantity>500</Quantity>
      <UnitMeasure>גרם</UnitMeasure>
      <BisWeighted>0</BisWeighted>
      <QtyInPackage>1</QtyInPackage>
      <ItemPrice>20.90</ItemPrice>
      <UnitOfMeasurePrice>4.18</UnitOfMeasurePrice>
      <AllowDiscount>1</AllowDiscount>
      <itemStatus>1</itemStatus>
      <LastUpdateDate />
      <LastUpdateTime />
    </Product>
    <Product>
      <PriceUpdateDate>2018/11/11 08:17</PriceUpdateDate>
      <ItemCode>7290004423353</ItemCode>
      <ItemType>1</ItemType>
      <ItemName>פריגת 1.5 ליטר תפוחים</ItemName>
      <ManufactureName>החברה המרכזית להפצת משקאות בעמ</ManufactureName>
      <ManufactureCountry />
      <ManufactureItemDescription />
      <UnitQty>יח`</UnitQty>
      <Quantity>1.50</Quantity>
      <UnitMeasure>1 ליטר</UnitMeasure>
      <BisWeighted>0</BisWeighted>
      <QtyInPackage>1</QtyInPackage>
      <ItemPrice>7.20</ItemPrice>
      <UnitOfMeasurePrice>4.80</UnitOfMeasurePrice>
      <AllowDiscount>1</AllowDiscount>
      <itemStatus>1</itemStatus>
      <LastUpdateDate />
      <LastUpdateTime />
    </Product>
    <Product>
      <PriceUpdateDate>2015/12/01 11:26</PriceUpdateDate>
      <ItemCode>7290004492274</ItemCode>
      <ItemType>1</ItemType>
      <ItemName>בייגלה גל גל 400 גר`</ItemName>
      <ManufactureName>יוניליוור ישראל שיווק בעמ</ManufactureName>
      <ManufactureCountry />
      <ManufactureItemDescription />
      <UnitQty>יח`</UnitQty>
      <Quantity>400</Quantity>
      <UnitMeasure>גרם</UnitMeasure>
      <BisWeighted>0</BisWeighted>
      <QtyInPackage>1</QtyInPackage>
      <ItemPrice>10.90</ItemPrice>
      <UnitOfMeasurePrice>2.73</UnitOfMeasurePrice>
      <AllowDiscount>1</AllowDiscount>
      <itemStatus>1</itemStatus>
      <LastUpdateDate />
      <LastUpdateTime />
    </Product>
    <Product>
      <PriceUpdateDate>2015/04/13 10:34</PriceUpdateDate>
      <ItemCode>7290004584306</ItemCode>
      <ItemType>1</ItemType>
      <ItemName>גמדים רביעייה תות בננה</ItemName>
      <ManufactureName>שטראוס גרופ בעמ/מצונן</ManufactureName>
      <ManufactureCountry />
      <ManufactureItemDescription />
      <UnitQty>יח`</UnitQty>
      <Quantity>400</Quantity>
      <UnitMeasure>מ"ל</UnitMeasure>
      <BisWeighted>0</BisWeighted>
      <QtyInPackage>1</QtyInPackage>
      <ItemPrice>11.40</ItemPrice>
      <UnitOfMeasurePrice>2.85</UnitOfMeasurePrice>
      <AllowDiscount>0</AllowDiscount>
      <itemStatus>1</itemStatus>
      <LastUpdateDate />
      <LastUpdateTime />
    </Product>
    <Product>
      <PriceUpdateDate>2015/01/29 10:33</PriceUpdateDate>
      <ItemCode>7290004584351</ItemCode>
      <ItemType>1</ItemType>
      <ItemName>גבינת במרקם שמנת 5% סימפוניה (200 גרם)</ItemName>
      <ManufactureName>שטראוס גרופ בעמ/מצונן</ManufactureName>
      <ManufactureCountry />
      <ManufactureItemDescription />
      <UnitQty>יח`</UnitQty>
      <Quantity>200</Quantity>
      <UnitMeasure>גרם</UnitMeasure>
      <BisWeighted>0</BisWeighted>
      <QtyInPackage>1</QtyInPackage>
      <ItemPrice>11.40</ItemPrice>
      <UnitOfMeasurePrice>5.70</UnitOfMeasurePrice>
      <AllowDiscount>0</AllowDiscount>
      <itemStatus>1</itemStatus>
      <LastUpdateDate />
      <LastUpdateTime />
    </Product>
    <Product>
      <PriceUpdateDate>2014/01/01 08:37</PriceUpdateDate>
      <ItemCode>7290004584528</ItemCode>
      <ItemType>1</ItemType>
      <ItemName>יוגורט ביו 1.7% דנונה (200 גרם)</ItemName>
      <ManufactureName>שטראוס גרופ בעמ/מצונן</ManufactureName>
      <ManufactureCountry />
      <ManufactureItemDescription />
      <UnitQty>יח`</UnitQty>
      <Quantity>200</Quantity>
      <UnitMeasure>מ"ל</UnitMeasure>
      <BisWeighted>0</BisWeighted>
      <QtyInPackage>1</QtyInPackage>
      <ItemPrice>3.40</ItemPrice>
      <UnitOfMeasurePrice>1.70</UnitOfMeasurePrice>
      <AllowDiscount>0</AllowDiscount>
      <itemStatus>1</itemStatus>
      <LastUpdateDate />
      <LastUpdateTime />
    </Product>
    <Product>
      <PriceUpdateDate>2014/01/01 08:37</PriceUpdateDate>
      <ItemCode>7290004585907</ItemCode>
      <ItemType>1</ItemType>
      <ItemName>דני וניל בודד</ItemName>
      <ManufactureName>שטראוס גרופ בעמ/מצונן</ManufactureName>
      <ManufactureCountry />
      <ManufactureItemDescription />
      <UnitQty>יח`</UnitQty>
      <Quantity>130</Quantity>
      <UnitMeasure>מ"ל</UnitMeasure>
      <BisWeighted>0</BisWeighted>
      <QtyInPackage>1</QtyInPackage>
      <ItemPrice>2.60</ItemPrice>
      <UnitOfMeasurePrice>2</UnitOfMeasurePrice>
      <AllowDiscount>0</AllowDiscount>
      <itemStatus>1</itemStatus>
      <LastUpdateDate />
      <LastUpdateTime />
    </Product>
    <Product>
      <PriceUpdateDate>2019/11/19 08:38</PriceUpdateDate>
      <ItemCode>7290004639006</ItemCode>
      <ItemType>1</ItemType>
      <ItemName>קוסקוס תונסאי קפוא מטעמי פאר (800 גרם)</ItemName>
      <ManufactureName>מטעמי פאר (א.מ.נ) בעמ</ManufactureName>
      <ManufactureCountry />
      <ManufactureItemDescription />
      <UnitQty>יח`</UnitQty>
      <Quantity>800</Quantity>
      <UnitMeasure>גרם</UnitMeasure>
      <BisWeighted>0</BisWeighted>
      <QtyInPackage>1</QtyInPackage>
      <ItemPrice>14.90</ItemPrice>
      <UnitOfMeasurePrice>1.86</UnitOfMeasurePrice>
      <AllowDiscount>0</AllowDiscount>
      <itemStatus>1</itemStatus>
      <LastUpdateDate />
      <LastUpdateTime />
    </Product>
    <Product>
      <PriceUpdateDate>2019/01/31 09:47</PriceUpdateDate>
      <ItemCode>7290004658946</ItemCode>
      <ItemType>1</ItemType>
      <ItemName>פרייבט קולקשן שרדונה יקבי כרמל (750 מל)</ItemName>
      <ManufactureName>אגודת הכורמים</ManufactureName>
      <ManufactureCountry />
      <ManufactureItemDescription />
      <UnitQty>יח`</UnitQty>
      <Quantity>750</Quantity>
      <UnitMeasure>מ"ל</UnitMeasure>
      <BisWeighted>0</BisWeighted>
      <QtyInPackage>1</QtyInPackage>
      <ItemPrice>39.90</ItemPrice>
      <UnitOfMeasurePrice>5.28</UnitOfMeasurePrice>
      <AllowDiscount>1</AllowDiscount>
      <itemStatus>1</itemStatus>
      <LastUpdateDate />
      <LastUpdateTime />
    </Product>
    <Product>
      <PriceUpdateDate>2019/01/26 18:26</PriceUpdateDate>
      <ItemCode>7290004685010</ItemCode>
      <ItemType>1</ItemType>
      <ItemName>לחם 100% שיפון קל לחם הארץ (500 גרם)</ItemName>
      <ManufactureName>י.את א. ברמן בעמ</ManufactureName>
      <ManufactureCountry />
      <ManufactureItemDescription />
      <UnitQty>יח`</UnitQty>
      <Quantity>1</Quantity>
      <UnitMeasure />
      <BisWeighted>0</BisWeighted>
      <QtyInPackage>1</QtyInPackage>
      <ItemPrice>15.50</ItemPrice>
      <UnitOfMeasurePrice>15.50</UnitOfMeasurePrice>
      <AllowDiscount>0</AllowDiscount>
      <itemStatus>1</itemStatus>
      <LastUpdateDate />
      <LastUpdateTime />
    </Product>
    <Product>
      <PriceUpdateDate>2019/01/26 18:26</PriceUpdateDate>
      <ItemCode>7290004685157</ItemCode>
      <ItemType>1</ItemType>
      <ItemName>לחם שיפון 100% פרוס לחם הארץ (750 גרם)</ItemName>
      <ManufactureName>י.את א. ברמן בעמ</ManufactureName>
      <ManufactureCountry />
      <ManufactureItemDescription />
      <UnitQty>יח`</UnitQty>
      <Quantity>750</Quantity>
      <UnitMeasure>גרם</UnitMeasure>
      <BisWeighted>0</BisWeighted>
      <QtyInPackage>1</QtyInPackage>
      <ItemPrice>15.50</ItemPrice>
      <UnitOfMeasurePrice>2.07</UnitOfMeasurePrice>
      <AllowDiscount>0</AllowDiscount>
      <itemStatus>1</itemStatus>
      <LastUpdateDate />
      <LastUpdateTime />
    </Product>
    <Product>
      <PriceUpdateDate>2019/01/26 18:26</PriceUpdateDate>
      <ItemCode>7290004685195</ItemCode>
      <ItemType>1</ItemType>
      <ItemName>לחם 10 דגנים פרוס לחם הארץ (750 גרם)</ItemName>
      <ManufactureName>י.את א. ברמן בעמ</ManufactureName>
      <ManufactureCountry />
      <ManufactureItemDescription />
      <UnitQty>יח`</UnitQty>
      <Quantity>750</Quantity>
      <UnitMeasure>גרם</UnitMeasure>
      <BisWeighted>0</BisWeighted>
      <QtyInPackage>1</QtyInPackage>
      <ItemPrice>15.50</ItemPrice>
      <UnitOfMeasurePrice>2.07</UnitOfMeasurePrice>
      <AllowDiscount>0</AllowDiscount>
      <itemStatus>1</itemStatus>
      <LastUpdateDate />
      <LastUpdateTime />
    </Product>
    <Product>
      <PriceUpdateDate>2019/01/26 18:26</PriceUpdateDate>
      <ItemCode>7290004685225</ItemCode>
      <ItemType>1</ItemType>
      <ItemName>לחם פומפרניקל פרוס לחם הארץ (750 גרם)</ItemName>
      <ManufactureName>י.את א. ברמן בעמ</ManufactureName>
      <ManufactureCountry />
      <ManufactureItemDescription />
      <UnitQty>יח`</UnitQty>
      <Quantity>750</Quantity>
      <UnitMeasure>גרם</UnitMeasure>
      <BisWeighted>0</BisWeighted>
      <QtyInPackage>1</QtyInPackage>
      <ItemPrice>15.50</ItemPrice>
      <UnitOfMeasurePrice>2.07</UnitOfMeasurePrice>
      <AllowDiscount>0</AllowDiscount>
      <itemStatus>1</itemStatus>
      <LastUpdateDate />
      <LastUpdateTime />
    </Product>
    <Product>
      <PriceUpdateDate>2019/01/26 18:26</PriceUpdateDate>
      <ItemCode>7290004685430</ItemCode>
      <ItemType>1</ItemType>
      <ItemName>100% לחם כומסין 500 גר לחם הארץ</ItemName>
      <ManufactureName>י.את א. ברמן בעמ</ManufactureName>
      <ManufactureCountry />
      <ManufactureItemDescription />
      <UnitQty>יח`</UnitQty>
      <Quantity>500</Quantity>
      <UnitMeasure>גרם</UnitMeasure>
      <BisWeighted>0</BisWeighted>
      <QtyInPackage>1</QtyInPackage>
      <ItemPrice>15.50</ItemPrice>
      <UnitOfMeasurePrice>3.10</UnitOfMeasurePrice>
      <AllowDiscount>0</AllowDiscount>
      <itemStatus>1</itemStatus>
      <LastUpdateDate />
      <LastUpdateTime />
    </Product>
    <Product>
      <PriceUpdateDate>2019/11/28 14:46</PriceUpdateDate>
      <ItemCode>7290004685447</ItemCode>
      <ItemType>1</ItemType>
      <ItemName>לחמניות כוסמין 6 יח בשקית מלא 450 גר` E</ItemName>
      <ManufactureName>י.את א. ברמן בעמ</ManufactureName>
      <ManufactureCountry />
      <ManufactureItemDescription />
      <UnitQty>יח`</UnitQty>
      <Quantity>450</Quantity>
      <UnitMeasure>גרם</UnitMeasure>
      <BisWeighted>0</BisWeighted>
      <QtyInPackage>1</QtyInPackage>
      <ItemPrice>13.50</ItemPrice>
      <UnitOfMeasurePrice>3</UnitOfMeasurePrice>
      <AllowDiscount>0</AllowDiscount>
      <itemStatus>1</itemStatus>
      <LastUpdateDate />
      <LastUpdateTime />
    </Product>
    <Product>
      <PriceUpdateDate>2015/04/30 12:30</PriceUpdateDate>
      <ItemCode>7290004731083</ItemCode>
      <ItemType>1</ItemType>
      <ItemName>אל סבון נוזלי ג`ינסנג כיף (1 ליטר)</ItemName>
      <ManufactureName>החברה הדרומית לשיווק בעמ</ManufactureName>
      <ManufactureCountry />
      <ManufactureItemDescription />
      <UnitQty>יח`</UnitQty>
      <Quantity>1000</Quantity>
      <UnitMeasure>מ"ל</UnitMeasure>
      <BisWeighted>0</BisWeighted>
      <QtyInPackage>1</QtyInPackage>
      <ItemPrice>13.90</ItemPrice>
      <UnitOfMeasurePrice>1.39</UnitOfMeasurePrice>
      <AllowDiscount>1</AllowDiscount>
      <itemStatus>1</itemStatus>
      <LastUpdateDate />
      <LastUpdateTime />
    </Product>
    <Product>
      <PriceUpdateDate>2015/05/27 11:12</PriceUpdateDate>
      <ItemCode>7290004731472</ItemCode>
      <ItemType>1</ItemType>
      <ItemName>כיף אלסבון שלישיה</ItemName>
      <ManufactureName>החברה הדרומית לשיווק בעמ</ManufactureName>
      <ManufactureCountry />
      <ManufactureItemDescription />
      <UnitQty>יח`</UnitQty>
      <Quantity>1.50</Quantity>
      <UnitMeasure>1 ליטר</UnitMeasure>
      <BisWeighted>0</BisWeighted>
      <QtyInPackage>1</QtyInPackage>
      <ItemPrice>19.90</ItemPrice>
      <UnitOfMeasurePrice>13.27</UnitOfMeasurePrice>
      <AllowDiscount>1</AllowDiscount>
      <itemStatus>1</itemStatus>
      <LastUpdateDate />
      <LastUpdateTime />
    </Product>
    <Product>
      <PriceUpdateDate>2017/08/13 08:16</PriceUpdateDate>
      <ItemCode>7290004731519</ItemCode>
      <ItemType>1</ItemType>
      <ItemName>סנו מקסימה למייבש 750 מל</ItemName>
      <ManufactureName>החברה הדרומית לשיווק בעמ</ManufactureName>
      <ManufactureCountry />
      <ManufactureItemDescription />
      <UnitQty>יח`</UnitQty>
      <Quantity>750</Quantity>
      <UnitMeasure>מ"ל</UnitMeasure>
      <BisWeighted>0</BisWeighted>
      <QtyInPackage>1</QtyInPackage>
      <ItemPrice>19.90</ItemPrice>
      <UnitOfMeasurePrice>2.65</UnitOfMeasurePrice>
      <AllowDiscount>0</AllowDiscount>
      <itemStatus>1</itemStatus>
      <LastUpdateDate />
      <LastUpdateTime />
    </Product>
    <Product>
      <PriceUpdateDate>2017/08/13 08:16</PriceUpdateDate>
      <ItemCode>7290004731557</ItemCode>
      <ItemType>1</ItemType>
      <ItemName>סנו מקסימה למייבש 750 מל</ItemName>
      <ManufactureName>החברה הדרומית לשיווק בעמ</ManufactureName>
      <ManufactureCountry />
      <ManufactureItemDescription />
      <UnitQty>יח`</UnitQty>
      <Quantity>750</Quantity>
      <UnitMeasure>מ"ל</UnitMeasure>
      <BisWeighted>0</BisWeighted>
      <QtyInPackage>1</QtyInPackage>
      <ItemPrice>19.90</ItemPrice>
      <UnitOfMeasurePrice>2.65</UnitOfMeasurePrice>
      <AllowDiscount>0</AllowDiscount>
      <itemStatus>1</itemStatus>
      <LastUpdateDate />
      <LastUpdateTime />
    </Product>
    <Product>
      <PriceUpdateDate>2017/08/13 08:16</PriceUpdateDate>
      <ItemCode>7290004731564</ItemCode>
      <ItemType>1</ItemType>
      <ItemName>סנו מקסימה למייבש 750 מל בלו בלוטום</ItemName>
      <ManufactureName>החברה הדרומית לשיווק בעמ</ManufactureName>
      <ManufactureCountry />
      <ManufactureItemDescription />
      <UnitQty>יח`</UnitQty>
      <Quantity>750</Quantity>
      <UnitMeasure>מ"ל</UnitMeasure>
      <BisWeighted>0</BisWeighted>
      <QtyInPackage>1</QtyInPackage>
      <ItemPrice>19.90</ItemPrice>
      <UnitOfMeasurePrice>2.65</UnitOfMeasurePrice>
      <AllowDiscount>0</AllowDiscount>
      <itemStatus>1</itemStatus>
      <LastUpdateDate />
      <LastUpdateTime />
    </Product>
    <Product>
      <PriceUpdateDate>2014/05/11 08:47</PriceUpdateDate>
      <ItemCode>7290004737443</ItemCode>
      <ItemType>1</ItemType>
      <ItemName>קוקטייל 5 פירות קלאסי 820 גר`</ItemName>
      <ManufactureName>ג.וילי-פוד אינטרנשיונל בעמ</ManufactureName>
      <ManufactureCountry />
      <ManufactureItemDescription />
      <UnitQty>יח`</UnitQty>
      <Quantity>820</Quantity>
      <UnitMeasure>גרם</UnitMeasure>
      <BisWeighted>0</BisWeighted>
      <QtyInPackage>1</QtyInPackage>
      <ItemPrice>7.90</ItemPrice>
      <UnitOfMeasurePrice>0.96</UnitOfMeasurePrice>
      <AllowDiscount>1</AllowDiscount>
      <itemStatus>1</itemStatus>
      <LastUpdateDate />
      <LastUpdateTime />
    </Product>
    <Product>
      <PriceUpdateDate>2015/12/01 18:41</PriceUpdateDate>
      <ItemCode>7290004737719</ItemCode>
      <ItemType>1</ItemType>
      <ItemName>אספרגוס שלם בצנצנת 330 גר`</ItemName>
      <ManufactureName>ג.וילי-פוד אינטרנשיונל בעמ</ManufactureName>
      <ManufactureCountry />
      <ManufactureItemDescription />
      <UnitQty>יח`</UnitQty>
      <Quantity>330</Quantity>
      <UnitMeasure>גרם</UnitMeasure>
      <BisWeighted>0</BisWeighted>
      <QtyInPackage>1</QtyInPackage>
      <ItemPrice>10.90</ItemPrice>
      <UnitOfMeasurePrice>3.30</UnitOfMeasurePrice>
      <AllowDiscount>0</AllowDiscount>
      <itemStatus>1</itemStatus>
      <LastUpdateDate />
      <LastUpdateTime />
    </Product>
    <Product>
      <PriceUpdateDate>2014/12/25 09:59</PriceUpdateDate>
      <ItemCode>7290004914196</ItemCode>
      <ItemType>1</ItemType>
      <ItemName>רגעים קסומים מפיץ ריח לימון גראס סנרייז</ItemName>
      <ManufactureName>סנרייז אבי בעמ</ManufactureName>
      <ManufactureCountry />
      <ManufactureItemDescription />
      <UnitQty>יח`</UnitQty>
      <Quantity>1</Quantity>
      <UnitMeasure />
      <BisWeighted>0</BisWeighted>
      <QtyInPackage>1</QtyInPackage>
      <ItemPrice>10</ItemPrice>
      <UnitOfMeasurePrice>10</UnitOfMeasurePrice>
      <AllowDiscount>0</AllowDiscount>
      <itemStatus>1</itemStatus>
      <LastUpdateDate />
      <LastUpdateTime />
    </Product>
    <Product>
      <PriceUpdateDate>2015/03/03 09:48</PriceUpdateDate>
      <ItemCode>7290004914219</ItemCode>
      <ItemType>1</ItemType>
      <ItemName>מפיץ ריח רגעים קסומים</ItemName>
      <ManufactureName>סנרייז אבי בעמ</ManufactureName>
      <ManufactureCountry />
      <ManufactureItemDescription />
      <UnitQty>יח`</UnitQty>
      <Quantity>1</Quantity>
      <UnitMeasure />
      <BisWeighted>0</BisWeighted>
      <QtyInPackage>1</QtyInPackage>
      <ItemPrice>14.90</ItemPrice>
      <UnitOfMeasurePrice>14.90</UnitOfMeasurePrice>
      <AllowDiscount>0</AllowDiscount>
      <itemStatus>1</itemStatus>
      <LastUpdateDate />
      <LastUpdateTime />
    </Product>
    <Product>
      <PriceUpdateDate>2015/11/30 14:34</PriceUpdateDate>
      <ItemCode>7290004923051</ItemCode>
      <ItemType>1</ItemType>
      <ItemName>מים עין גדי 2 ליטר בודד</ItemName>
      <ManufactureName>יפאורה</ManufactureName>
      <ManufactureCountry />
      <ManufactureItemDescription />
      <UnitQty>יח`</UnitQty>
      <Quantity>2</Quantity>
      <UnitMeasure>1 ליטר</UnitMeasure>
      <BisWeighted>0</BisWeighted>
      <QtyInPackage>1</QtyInPackage>
      <ItemPrice>2.90</ItemPrice>
      <UnitOfMeasurePrice>1.45</UnitOfMeasurePrice>
      <AllowDiscount>0</AllowDiscount>
      <itemStatus>1</itemStatus>
      <LastUpdateDate />
      <LastUpdateTime />
    </Product>
    <Product>
      <PriceUpdateDate>2016/01/21 08:53</PriceUpdateDate>
      <ItemCode>7290004923099</ItemCode>
      <ItemType>1</ItemType>
      <ItemName>מים מינרלים עין גדי (2x6 ליטר)</ItemName>
      <ManufactureName>יפאורה</ManufactureName>
      <ManufactureCountry />
      <ManufactureItemDescription />
      <UnitQty>יח`</UnitQty>
      <Quantity>12</Quantity>
      <UnitMeasure>1 ליטר</UnitMeasure>
      <BisWeighted>0</BisWeighted>
      <QtyInPackage>1</QtyInPackage>
      <ItemPrice>11.90</ItemPrice>
      <UnitOfMeasurePrice>0.99</UnitOfMeasurePrice>
      <AllowDiscount>0</AllowDiscount>
      <itemStatus>1</itemStatus>
      <LastUpdateDate />
      <LastUpdateTime />
    </Product>
    <Product>
      <PriceUpdateDate>2020/05/03 12:53</PriceUpdateDate>
      <ItemCode>7290005008481</ItemCode>
      <ItemType>1</ItemType>
      <ItemName>ספיד סטיק גל בסיסי ספורט פאוור</ItemName>
      <ManufactureName>ש.שסטוביץ בעמ</ManufactureName>
      <ManufactureCountry />
      <ManufactureItemDescription />
      <UnitQty>יח`</UnitQty>
      <Quantity>85</Quantity>
      <UnitMeasure>גרם</UnitMeasure>
      <BisWeighted>0</BisWeighted>
      <QtyInPackage>1</QtyInPackage>
      <ItemPrice>16.90</ItemPrice>
      <UnitOfMeasurePrice>19.88</UnitOfMeasurePrice>
      <AllowDiscount>0</AllowDiscount>
      <itemStatus>1</itemStatus>
      <LastUpdateDate />
      <LastUpdateTime />
    </Product>
    <Product>
      <PriceUpdateDate>2019/02/25 09:00</PriceUpdateDate>
      <ItemCode>7290005068492</ItemCode>
      <ItemType>1</ItemType>
      <ItemName>לקט ירקות מעורבים 800 גר` פרי גליל</ItemName>
      <ManufactureName>ויטה -פרי גליל (החדשה) בעמ</ManufactureName>
      <ManufactureCountry />
      <ManufactureItemDescription />
      <UnitQty>יח`</UnitQty>
      <Quantity>800</Quantity>
      <UnitMeasure>גרם</UnitMeasure>
      <BisWeighted>0</BisWeighted>
      <QtyInPackage>1</QtyInPackage>
      <ItemPrice>9.90</ItemPrice>
      <UnitOfMeasurePrice>1.24</UnitOfMeasurePrice>
      <AllowDiscount>1</AllowDiscount>
      <itemStatus>1</itemStatus>
      <LastUpdateDate />
      <LastUpdateTime />
    </Product>
    <Product>
      <PriceUpdateDate>2019/02/25 09:00</PriceUpdateDate>
      <ItemCode>7290005068621</ItemCode>
      <ItemType>1</ItemType>
      <ItemName>ברוקלי 800  גר`פרי גליל</ItemName>
      <ManufactureName>ויטה -פרי גליל (החדשה) בעמ</ManufactureName>
      <ManufactureCountry />
      <ManufactureItemDescription />
      <UnitQty>יח`</UnitQty>
      <Quantity>800</Quantity>
      <UnitMeasure>גרם</UnitMeasure>
      <BisWeighted>0</BisWeighted>
      <QtyInPackage>1</QtyInPackage>
      <ItemPrice>12.90</ItemPrice>
      <UnitOfMeasurePrice>1.61</UnitOfMeasurePrice>
      <AllowDiscount>0</AllowDiscount>
      <itemStatus>1</itemStatus>
      <LastUpdateDate />
      <LastUpdateTime />
    </Product>
    <Product>
      <PriceUpdateDate>2019/10/30 08:25</PriceUpdateDate>
      <ItemCode>7290005084355</ItemCode>
      <ItemType>1</ItemType>
      <ItemName>משחת שיניים דואל קר סנסודיין (75 מל)</ItemName>
      <ManufactureName>גורי ע.ע.ע בעמ</ManufactureName>
      <ManufactureCountry />
      <ManufactureItemDescription />
      <UnitQty>יח`</UnitQty>
      <Quantity>75</Quantity>
      <UnitMeasure>גרם</UnitMeasure>
      <BisWeighted>0</BisWeighted>
      <QtyInPackage>1</QtyInPackage>
      <ItemPrice>20</ItemPrice>
      <UnitOfMeasurePrice>26.67</UnitOfMeasurePrice>
      <AllowDiscount>1</AllowDiscount>
      <itemStatus>1</itemStatus>
      <LastUpdateDate />
      <LastUpdateTime />
    </Product>
    <Product>
      <PriceUpdateDate>2015/12/01 18:40</PriceUpdateDate>
      <ItemCode>7290005095658</ItemCode>
      <ItemType>1</ItemType>
      <ItemName>שלווה בטעמים</ItemName>
      <ManufactureName>ציון תורג`מן בעמ</ManufactureName>
      <ManufactureCountry />
      <ManufactureItemDescription />
      <UnitQty>יח`</UnitQty>
      <Quantity>1</Quantity>
      <UnitMeasure>יח`</UnitMeasure>
      <BisWeighted>0</BisWeighted>
      <QtyInPackage>1</QtyInPackage>
      <ItemPrice>8.90</ItemPrice>
      <UnitOfMeasurePrice>8.90</UnitOfMeasurePrice>
      <AllowDiscount>1</AllowDiscount>
      <itemStatus>1</itemStatus>
      <LastUpdateDate />
      <LastUpdateTime />
    </Product>
    <Product>
      <PriceUpdateDate>2015/12/01 18:40</PriceUpdateDate>
      <ItemCode>7290005095702</ItemCode>
      <ItemType>1</ItemType>
      <ItemName>שלווה בטעמים</ItemName>
      <ManufactureName>ציון תורג`מן בעמ</ManufactureName>
      <ManufactureCountry />
      <ManufactureItemDescription />
      <UnitQty>יח`</UnitQty>
      <Quantity>200</Quantity>
      <UnitMeasure>גרם</UnitMeasure>
      <BisWeighted>0</BisWeighted>
      <QtyInPackage>1</QtyInPackage>
      <ItemPrice>8.90</ItemPrice>
      <UnitOfMeasurePrice>4.45</UnitOfMeasurePrice>
      <AllowDiscount>1</AllowDiscount>
      <itemStatus>1</itemStatus>
      <LastUpdateDate />
      <LastUpdateTime />
    </Product>
    <Product>
      <PriceUpdateDate>2019/11/20 09:24</PriceUpdateDate>
      <ItemCode>7290005095887</ItemCode>
      <ItemType>1</ItemType>
      <ItemName>פיצפוצי אורז האחים 450 ללא סוכר</ItemName>
      <ManufactureName>ציון תורג`מן בעמ</ManufactureName>
      <ManufactureCountry />
      <ManufactureItemDescription />
      <UnitQty>יח`</UnitQty>
      <Quantity>450</Quantity>
      <UnitMeasure>גרם</UnitMeasure>
      <BisWeighted>0</BisWeighted>
      <QtyInPackage>1</QtyInPackage>
      <ItemPrice>16.90</ItemPrice>
      <UnitOfMeasurePrice>3.76</UnitOfMeasurePrice>
      <AllowDiscount>1</AllowDiscount>
      <itemStatus>1</itemStatus>
      <LastUpdateDate />
      <LastUpdateTime />
    </Product>
    <Product>
      <PriceUpdateDate>2019/11/20 09:24</PriceUpdateDate>
      <ItemCode>7290005095894</ItemCode>
      <ItemType>1</ItemType>
      <ItemName>פיצפוצי אורז האחים 450 גר`</ItemName>
      <ManufactureName>ציון תורג`מן בעמ</ManufactureName>
      <ManufactureCountry />
      <ManufactureItemDescription />
      <UnitQty>יח`</UnitQty>
      <Quantity>450</Quantity>
      <UnitMeasure>גרם</UnitMeasure>
      <BisWeighted>0</BisWeighted>
      <QtyInPackage>1</QtyInPackage>
      <ItemPrice>16.90</ItemPrice>
      <UnitOfMeasurePrice>3.76</UnitOfMeasurePrice>
      <AllowDiscount>1</AllowDiscount>
      <itemStatus>1</itemStatus>
      <LastUpdateDate />
      <LastUpdateTime />
    </Product>
    <Product>
      <PriceUpdateDate>2017/11/07 08:11</PriceUpdateDate>
      <ItemCode>7290005095986</ItemCode>
      <ItemType>1</ItemType>
      <ItemName>זית ממולא פלפל 215 גר`</ItemName>
      <ManufactureName>ציון תורג`מן בעמ</ManufactureName>
      <ManufactureCountry />
      <ManufactureItemDescription />
      <UnitQty>יח`</UnitQty>
      <Quantity>215</Quantity>
      <UnitMeasure>גרם</UnitMeasure>
      <BisWeighted>0</BisWeighted>
      <QtyInPackage>1</QtyInPackage>
      <ItemPrice>14.90</ItemPrice>
      <UnitOfMeasurePrice>6.93</UnitOfMeasurePrice>
      <AllowDiscount>1</AllowDiscount>
      <itemStatus>1</itemStatus>
      <LastUpdateDate />
      <LastUpdateTime />
    </Product>
    <Product>
      <PriceUpdateDate>2018/02/06 12:43</PriceUpdateDate>
      <ItemCode>7290005113222</ItemCode>
      <ItemType>1</ItemType>
      <ItemName>מיקס זיתים</ItemName>
      <ManufactureName>קבוצת יבנה מוצרי מזון אגודה שי</ManufactureName>
      <ManufactureCountry />
      <ManufactureItemDescription />
      <UnitQty>יח`</UnitQty>
      <Quantity>540</Quantity>
      <UnitMeasure>גרם</UnitMeasure>
      <BisWeighted>0</BisWeighted>
      <QtyInPackage>1</QtyInPackage>
      <ItemPrice>9.90</ItemPrice>
      <UnitOfMeasurePrice>1.83</UnitOfMeasurePrice>
      <AllowDiscount>0</AllowDiscount>
      <itemStatus>1</itemStatus>
      <LastUpdateDate />
      <LastUpdateTime />
    </Product>
    <Product>
      <PriceUpdateDate>2015/12/01 09:30</PriceUpdateDate>
      <ItemCode>7290005174513</ItemCode>
      <ItemType>1</ItemType>
      <ItemName>חצילים במיונז אחלה (500 גרם)</ItemName>
      <ManufactureName>שטראוס גרופ בעמ/מצונן</ManufactureName>
      <ManufactureCountry />
      <ManufactureItemDescription />
      <UnitQty>יח`</UnitQty>
      <Quantity>500</Quantity>
      <UnitMeasure>גרם</UnitMeasure>
      <BisWeighted>0</BisWeighted>
      <QtyInPackage>1</QtyInPackage>
      <ItemPrice>15.50</ItemPrice>
      <UnitOfMeasurePrice>3.10</UnitOfMeasurePrice>
      <AllowDiscount>0</AllowDiscount>
      <itemStatus>1</itemStatus>
      <LastUpdateDate />
      <LastUpdateTime />
    </Product>
    <Product>
      <PriceUpdateDate>2014/01/01 08:37</PriceUpdateDate>
      <ItemCode>7290005174551</ItemCode>
      <ItemType>1</ItemType>
      <ItemName>חומוס אחלה (125 גרם)</ItemName>
      <ManufactureName>שטראוס גרופ בעמ/מצונן</ManufactureName>
      <ManufactureCountry />
      <ManufactureItemDescription />
      <UnitQty>יח`</UnitQty>
      <Quantity>125</Quantity>
      <UnitMeasure>גרם</UnitMeasure>
      <BisWeighted>0</BisWeighted>
      <QtyInPackage>1</QtyInPackage>
      <ItemPrice>4.90</ItemPrice>
      <UnitOfMeasurePrice>3.92</UnitOfMeasurePrice>
      <AllowDiscount>0</AllowDiscount>
      <itemStatus>1</itemStatus>
      <LastUpdateDate />
      <LastUpdateTime />
    </Product>
    <Product>
      <PriceUpdateDate>2014/01/01 08:37</PriceUpdateDate>
      <ItemCode>7290005174568</ItemCode>
      <ItemType>1</ItemType>
      <ItemName>חצילים אחלה יום יום 125 גר`</ItemName>
      <ManufactureName>שטראוס גרופ בעמ/מצונן</ManufactureName>
      <ManufactureCountry />
      <ManufactureItemDescription />
      <UnitQty>יח`</UnitQty>
      <Quantity>125</Quantity>
      <UnitMeasure>גרם</UnitMeasure>
      <BisWeighted>0</BisWeighted>
      <QtyInPackage>1</QtyInPackage>
      <ItemPrice>4.90</ItemPrice>
      <UnitOfMeasurePrice>3.92</UnitOfMeasurePrice>
      <AllowDiscount>0</AllowDiscount>
      <itemStatus>1</itemStatus>
      <LastUpdateDate />
      <LastUpdateTime />
    </Product>
    <Product>
      <PriceUpdateDate>2013/12/04 11:05</PriceUpdateDate>
      <ItemCode>7290005174575</ItemCode>
      <ItemType>1</ItemType>
      <ItemName>טחינה אחלה (125 גרם)</ItemName>
      <ManufactureName>שטראוס גרופ בעמ/מצונן</ManufactureName>
      <ManufactureCountry />
      <ManufactureItemDescription />
      <UnitQty>יח`</UnitQty>
      <Quantity>125</Quantity>
      <UnitMeasure>גרם</UnitMeasure>
      <BisWeighted>0</BisWeighted>
      <QtyInPackage>1</QtyInPackage>
      <ItemPrice>4.90</ItemPrice>
      <UnitOfMeasurePrice>3.92</UnitOfMeasurePrice>
      <AllowDiscount>0</AllowDiscount>
      <itemStatus>1</itemStatus>
      <LastUpdateDate />
      <LastUpdateTime />
    </Product>
    <Product>
      <PriceUpdateDate>2015/05/03 08:59</PriceUpdateDate>
      <ItemCode>7290005197758</ItemCode>
      <ItemType>1</ItemType>
      <ItemName>חיוכים שוקו 150</ItemName>
      <ManufactureName>שטראוס גרופ בעמ</ManufactureName>
      <ManufactureCountry />
      <ManufactureItemDescription />
      <UnitQty>יח`</UnitQty>
      <Quantity>150</Quantity>
      <UnitMeasure>גרם</UnitMeasure>
      <BisWeighted>0</BisWeighted>
      <QtyInPackage>1</QtyInPackage>
      <ItemPrice>4.90</ItemPrice>
      <UnitOfMeasurePrice>3.27</UnitOfMeasurePrice>
      <AllowDiscount>0</AllowDiscount>
      <itemStatus>1</itemStatus>
      <LastUpdateDate />
      <LastUpdateTime />
    </Product>
    <Product>
      <PriceUpdateDate>2015/05/21 08:48</PriceUpdateDate>
      <ItemCode>7290005199578</ItemCode>
      <ItemType>1</ItemType>
      <ItemName>קפה PLATINUM נטול 200 גר</ItemName>
      <ManufactureName>שטראוס גרופ בעמ</ManufactureName>
      <ManufactureCountry />
      <ManufactureItemDescription />
      <UnitQty>יח`</UnitQty>
      <Quantity>200</Quantity>
      <UnitMeasure>גרם</UnitMeasure>
      <BisWeighted>0</BisWeighted>
      <QtyInPackage>1</QtyInPackage>
      <ItemPrice>29.90</ItemPrice>
      <UnitOfMeasurePrice>14.95</UnitOfMeasurePrice>
      <AllowDiscount>0</AllowDiscount>
      <itemStatus>1</itemStatus>
      <LastUpdateDate />
      <LastUpdateTime />
    </Product>
    <Product>
      <PriceUpdateDate>2015/12/01 10:21</PriceUpdateDate>
      <ItemCode>7290005199622</ItemCode>
      <ItemType>1</ItemType>
      <ItemName>ביסקוויט עד חצות מריר 200 גר`</ItemName>
      <ManufactureName>שטראוס גרופ בעמ</ManufactureName>
      <ManufactureCountry />
      <ManufactureItemDescription />
      <UnitQty>יח`</UnitQty>
      <Quantity>200</Quantity>
      <UnitMeasure>גרם</UnitMeasure>
      <BisWeighted>0</BisWeighted>
      <QtyInPackage>1</QtyInPackage>
      <ItemPrice>13.90</ItemPrice>
      <UnitOfMeasurePrice>6.95</UnitOfMeasurePrice>
      <AllowDiscount>1</AllowDiscount>
      <itemStatus>1</itemStatus>
      <LastUpdateDate />
      <LastUpdateTime />
    </Product>
    <Product>
      <PriceUpdateDate>2014/04/13 19:46</PriceUpdateDate>
      <ItemCode>7290005199738</ItemCode>
      <ItemType>1</ItemType>
      <ItemName>מסטיק מאסט</ItemName>
      <ManufactureName>שטראוס גרופ בעמ</ManufactureName>
      <ManufactureCountry />
      <ManufactureItemDescription />
      <UnitQty>יח`</UnitQty>
      <Quantity>30</Quantity>
      <UnitMeasure>גרם</UnitMeasure>
      <BisWeighted>0</BisWeighted>
      <QtyInPackage>1</QtyInPackage>
      <ItemPrice>4.90</ItemPrice>
      <UnitOfMeasurePrice>16.33</UnitOfMeasurePrice>
      <AllowDiscount>0</AllowDiscount>
      <itemStatus>1</itemStatus>
      <LastUpdateDate />
      <LastUpdateTime />
    </Product>
    <Product>
      <PriceUpdateDate>2017/03/27 12:24</PriceUpdateDate>
      <ItemCode>7290005200786</ItemCode>
      <ItemType>1</ItemType>
      <ItemName>תפוצ`יפס 50 גר שמנת בצל</ItemName>
      <ManufactureName>שטראוס פריטו ליי בעמ</ManufactureName>
      <ManufactureCountry />
      <ManufactureItemDescription />
      <UnitQty>יח`</UnitQty>
      <Quantity>50</Quantity>
      <UnitMeasure>גרם</UnitMeasure>
      <BisWeighted>0</BisWeighted>
      <QtyInPackage>1</QtyInPackage>
      <ItemPrice>3.90</ItemPrice>
      <UnitOfMeasurePrice>7.80</UnitOfMeasurePrice>
      <AllowDiscount>0</AllowDiscount>
      <itemStatus>1</itemStatus>
      <LastUpdateDate />
      <LastUpdateTime />
    </Product>
    <Product>
      <PriceUpdateDate>2013/06/26 12:21</PriceUpdateDate>
      <ItemCode>7290005200908</ItemCode>
      <ItemType>1</ItemType>
      <ItemName>חטיף פרה  קראנצ`שוקולד חלבי</ItemName>
      <ManufactureName>שטראוס גרופ בעמ</ManufactureName>
      <ManufactureCountry />
      <ManufactureItemDescription />
      <UnitQty>יח`</UnitQty>
      <Quantity>100</Quantity>
      <UnitMeasure>גרם</UnitMeasure>
      <BisWeighted>0</BisWeighted>
      <QtyInPackage>1</QtyInPackage>
      <ItemPrice>6</ItemPrice>
      <UnitOfMeasurePrice>6</UnitOfMeasurePrice>
      <AllowDiscount>0</AllowDiscount>
      <itemStatus>1</itemStatus>
      <LastUpdateDate />
      <LastUpdateTime />
    </Product>
    <Product>
      <PriceUpdateDate>2015/01/29 11:25</PriceUpdateDate>
      <ItemCode>7290005201455</ItemCode>
      <ItemType>1</ItemType>
      <ItemName>קפה נמס ארומה קלאסי עלית (200 גרם)</ItemName>
      <ManufactureName>שטראוס גרופ בעמ</ManufactureName>
      <ManufactureCountry />
      <ManufactureItemDescription />
      <UnitQty>יח`</UnitQty>
      <Quantity>200</Quantity>
      <UnitMeasure>גרם</UnitMeasure>
      <BisWeighted>0</BisWeighted>
      <QtyInPackage>1</QtyInPackage>
      <ItemPrice>24.90</ItemPrice>
      <UnitOfMeasurePrice>12.45</UnitOfMeasurePrice>
      <AllowDiscount>0</AllowDiscount>
      <itemStatus>1</itemStatus>
      <LastUpdateDate />
      <LastUpdateTime />
    </Product>
    <Product>
      <PriceUpdateDate>2018/12/31 08:40</PriceUpdateDate>
      <ItemCode>7290005201882</ItemCode>
      <ItemType>1</ItemType>
      <ItemName>קפה טורקי עלית (200 גרם)</ItemName>
      <ManufactureName>שטראוס גרופ בעמ</ManufactureName>
      <ManufactureCountry />
      <ManufactureItemDescription />
      <UnitQty>יח`</UnitQty>
      <Quantity>200</Quantity>
      <UnitMeasure>גרם</UnitMeasure>
      <BisWeighted>0</BisWeighted>
      <QtyInPackage>1</QtyInPackage>
      <ItemPrice>15.90</ItemPrice>
      <UnitOfMeasurePrice>7.95</UnitOfMeasurePrice>
      <AllowDiscount>1</AllowDiscount>
      <itemStatus>1</itemStatus>
      <LastUpdateDate />
      <LastUpdateTime />
    </Product>
    <Product>
      <PriceUpdateDate>2020/01/19 10:14</PriceUpdateDate>
      <ItemCode>7290005230042</ItemCode>
      <ItemType>1</ItemType>
      <ItemName>צלחת קטנה לבן 50 יח פאלאס</ItemName>
      <ManufactureName>פאלאס תעשיות נטו (2014) בעמ</ManufactureName>
      <ManufactureCountry />
      <ManufactureItemDescription />
      <UnitQty>יח`</UnitQty>
      <Quantity>1</Quantity>
      <UnitMeasure />
      <BisWeighted>0</BisWeighted>
      <QtyInPackage>1</QtyInPackage>
      <ItemPrice>5.90</ItemPrice>
      <UnitOfMeasurePrice>5.90</UnitOfMeasurePrice>
      <AllowDiscount>1</AllowDiscount>
      <itemStatus>1</itemStatus>
      <LastUpdateDate />
      <LastUpdateTime />
    </Product>
    <Product>
      <PriceUpdateDate>2020/01/19 08:50</PriceUpdateDate>
      <ItemCode>7290005230066</ItemCode>
      <ItemType>1</ItemType>
      <ItemName>ליפתניות לבן 25 יח פאלאס</ItemName>
      <ManufactureName>פאלאס תעשיות נטו (2014) בעמ</ManufactureName>
      <ManufactureCountry />
      <ManufactureItemDescription />
      <UnitQty>יח`</UnitQty>
      <Quantity>1</Quantity>
      <UnitMeasure />
      <BisWeighted>0</BisWeighted>
      <QtyInPackage>1</QtyInPackage>
      <ItemPrice>2.90</ItemPrice>
      <UnitOfMeasurePrice>2.90</UnitOfMeasurePrice>
      <AllowDiscount>1</AllowDiscount>
      <itemStatus>1</itemStatus>
      <LastUpdateDate />
      <LastUpdateTime />
    </Product>
    <Product>
      <PriceUpdateDate>2020/01/19 10:14</PriceUpdateDate>
      <ItemCode>7290005230813</ItemCode>
      <ItemType>1</ItemType>
      <ItemName>קערית אובלית לבן 25 יח פאלאס</ItemName>
      <ManufactureName>פאלאס תעשיות נטו (2014) בעמ</ManufactureName>
      <ManufactureCountry />
      <ManufactureItemDescription />
      <UnitQty>יח`</UnitQty>
      <Quantity>1</Quantity>
      <UnitMeasure />
      <BisWeighted>0</BisWeighted>
      <QtyInPackage>1</QtyInPackage>
      <ItemPrice>4.90</ItemPrice>
      <UnitOfMeasurePrice>4.90</UnitOfMeasurePrice>
      <AllowDiscount>1</AllowDiscount>
      <itemStatus>1</itemStatus>
      <LastUpdateDate />
      <LastUpdateTime />
    </Product>
    <Product>
      <PriceUpdateDate>2019/02/18 11:47</PriceUpdateDate>
      <ItemCode>7290005287206</ItemCode>
      <ItemType>1</ItemType>
      <ItemName>טונה סטאריקיסט בשמן 160 גר` רביעייה</ItemName>
      <ManufactureName>סטארקיסט דיפלומט היינץ</ManufactureName>
      <ManufactureCountry />
      <ManufactureItemDescription />
      <UnitQty>יח`</UnitQty>
      <Quantity>640</Quantity>
      <UnitMeasure>גרם</UnitMeasure>
      <BisWeighted>0</BisWeighted>
      <QtyInPackage>1</QtyInPackage>
      <ItemPrice>25.90</ItemPrice>
      <UnitOfMeasurePrice>4.05</UnitOfMeasurePrice>
      <AllowDiscount>0</AllowDiscount>
      <itemStatus>1</itemStatus>
      <LastUpdateDate />
      <LastUpdateTime />
    </Product>
    <Product>
      <PriceUpdateDate>2014/05/25 10:39</PriceUpdateDate>
      <ItemCode>7290005287336</ItemCode>
      <ItemType>1</ItemType>
      <ItemName>טונה ס.ק בשמן 80גר`שלשיות-בדצ </ItemName>
      <ManufactureName>סטארקיסט דיפלומט היינץ</ManufactureName>
      <ManufactureCountry />
      <ManufactureItemDescription />
      <UnitQty>יח`</UnitQty>
      <Quantity>240</Quantity>
      <UnitMeasure>גרם</UnitMeasure>
      <BisWeighted>0</BisWeighted>
      <QtyInPackage>1</QtyInPackage>
      <ItemPrice>14.90</ItemPrice>
      <UnitOfMeasurePrice>6.21</UnitOfMeasurePrice>
      <AllowDiscount>0</AllowDiscount>
      <itemStatus>1</itemStatus>
      <LastUpdateDate />
      <LastUpdateTime />
    </Product>
    <Product>
      <PriceUpdateDate>2018/02/05 13:10</PriceUpdateDate>
      <ItemCode>7290005287534</ItemCode>
      <ItemType>1</ItemType>
      <ItemName>ס.ק בשמן עישון פ.ק 160 גרם בי</ItemName>
      <ManufactureName>סטארקיסט דיפלומט היינץ</ManufactureName>
      <ManufactureCountry />
      <ManufactureItemDescription />
      <UnitQty>יח`</UnitQty>
      <Quantity>160</Quantity>
      <UnitMeasure>גרם</UnitMeasure>
      <BisWeighted>0</BisWeighted>
      <QtyInPackage>1</QtyInPackage>
      <ItemPrice>8.90</ItemPrice>
      <UnitOfMeasurePrice>5.56</UnitOfMeasurePrice>
      <AllowDiscount>0</AllowDiscount>
      <itemStatus>1</itemStatus>
      <LastUpdateDate />
      <LastUpdateTime />
    </Product>
    <Product>
      <PriceUpdateDate>2017/05/04 08:32</PriceUpdateDate>
      <ItemCode>7290005296260</ItemCode>
      <ItemType>1</ItemType>
      <ItemName>אסטוניש רסס נגב ירוק</ItemName>
      <ManufactureName>יעקב יעקבי ובניו בעמ</ManufactureName>
      <ManufactureCountry />
      <ManufactureItemDescription />
      <UnitQty>יח`</UnitQty>
      <Quantity>750</Quantity>
      <UnitMeasure>מ"ל</UnitMeasure>
      <BisWeighted>0</BisWeighted>
      <QtyInPackage>1</QtyInPackage>
      <ItemPrice>11.90</ItemPrice>
      <UnitOfMeasurePrice>1.59</UnitOfMeasurePrice>
      <AllowDiscount>0</AllowDiscount>
      <itemStatus>1</itemStatus>
      <LastUpdateDate />
      <LastUpdateTime />
    </Product>
    <Product>
      <PriceUpdateDate>2015/12/01 18:41</PriceUpdateDate>
      <ItemCode>7290005326523</ItemCode>
      <ItemType>1</ItemType>
      <ItemName>פסטו פטרוזיליה ונענע אוליביה (180 גרם)</ItemName>
      <ManufactureName>גורי מוצרי צריכה (1991) בעמ</ManufactureName>
      <ManufactureCountry />
      <ManufactureItemDescription />
      <UnitQty>יח`</UnitQty>
      <Quantity>180</Quantity>
      <UnitMeasure>גרם</UnitMeasure>
      <BisWeighted>0</BisWeighted>
      <QtyInPackage>1</QtyInPackage>
      <ItemPrice>14.90</ItemPrice>
      <UnitOfMeasurePrice>8.28</UnitOfMeasurePrice>
      <AllowDiscount>0</AllowDiscount>
      <itemStatus>1</itemStatus>
      <LastUpdateDate />
      <LastUpdateTime />
    </Product>
    <Product>
      <PriceUpdateDate>2018/03/28 07:50</PriceUpdateDate>
      <ItemCode>7290005400148</ItemCode>
      <ItemType>1</ItemType>
      <ItemName>קרקר כוסמין המקורי 250 גר`</ItemName>
      <ManufactureName>גורי מוצרי צריכה (1991) בעמ</ManufactureName>
      <ManufactureCountry />
      <ManufactureItemDescription />
      <UnitQty>יח`</UnitQty>
      <Quantity>250</Quantity>
      <UnitMeasure>גרם</UnitMeasure>
      <BisWeighted>0</BisWeighted>
      <QtyInPackage>1</QtyInPackage>
      <ItemPrice>14.90</ItemPrice>
      <UnitOfMeasurePrice>5.96</UnitOfMeasurePrice>
      <AllowDiscount>0</AllowDiscount>
      <itemStatus>1</itemStatus>
      <LastUpdateDate />
      <LastUpdateTime />
    </Product>
    <Product>
      <PriceUpdateDate>2018/01/07 07:32</PriceUpdateDate>
      <ItemCode>7290005418716</ItemCode>
      <ItemType>1</ItemType>
      <ItemName>נטורל קרם לחות 400 מל</ItemName>
      <ManufactureName>החברה הדרומית לשיווק בעמ</ManufactureName>
      <ManufactureCountry />
      <ManufactureItemDescription />
      <UnitQty>יח`</UnitQty>
      <Quantity>400</Quantity>
      <UnitMeasure>מ"ל</UnitMeasure>
      <BisWeighted>0</BisWeighted>
      <QtyInPackage>1</QtyInPackage>
      <ItemPrice>21.90</ItemPrice>
      <UnitOfMeasurePrice>5.48</UnitOfMeasurePrice>
      <AllowDiscount>1</AllowDiscount>
      <itemStatus>1</itemStatus>
      <LastUpdateDate />
      <LastUpdateTime />
    </Product>
    <Product>
      <PriceUpdateDate>2017/08/13 08:16</PriceUpdateDate>
      <ItemCode>7290005423253</ItemCode>
      <ItemType>1</ItemType>
      <ItemName>סנו מקסימה למייבש 750 מל</ItemName>
      <ManufactureName>החברה הדרומית לשיווק בעמ</ManufactureName>
      <ManufactureCountry />
      <ManufactureItemDescription />
      <UnitQty>יח`</UnitQty>
      <Quantity>750</Quantity>
      <UnitMeasure>מ"ל</UnitMeasure>
      <BisWeighted>0</BisWeighted>
      <QtyInPackage>1</QtyInPackage>
      <ItemPrice>19.90</ItemPrice>
      <UnitOfMeasurePrice>2.65</UnitOfMeasurePrice>
      <AllowDiscount>0</AllowDiscount>
      <itemStatus>1</itemStatus>
      <LastUpdateDate />
      <LastUpdateTime />
    </Product>
    <Product>
      <PriceUpdateDate>2015/12/01 18:43</PriceUpdateDate>
      <ItemCode>7290005423499</ItemCode>
      <ItemType>1</ItemType>
      <ItemName>תרסיס לניקוי משטחי נירוסטה סנו (500 מל)</ItemName>
      <ManufactureName>החברה הדרומית לשיווק בעמ</ManufactureName>
      <ManufactureCountry />
      <ManufactureItemDescription />
      <UnitQty>יח`</UnitQty>
      <Quantity>476</Quantity>
      <UnitMeasure>מ"ל</UnitMeasure>
      <BisWeighted>0</BisWeighted>
      <QtyInPackage>1</QtyInPackage>
      <ItemPrice>21.90</ItemPrice>
      <UnitOfMeasurePrice>4.60</UnitOfMeasurePrice>
      <AllowDiscount>0</AllowDiscount>
      <itemStatus>1</itemStatus>
      <LastUpdateDate />
      <LastUpdateTime />
    </Product>
    <Product>
      <PriceUpdateDate>2015/05/27 11:12</PriceUpdateDate>
      <ItemCode>7290005423505</ItemCode>
      <ItemType>1</ItemType>
      <ItemName>מי פה להלבנת שיניים אורביטול (500 מל)</ItemName>
      <ManufactureName>החברה הדרומית לשיווק בעמ</ManufactureName>
      <ManufactureCountry />
      <ManufactureItemDescription />
      <UnitQty>יח`</UnitQty>
      <Quantity>500</Quantity>
      <UnitMeasure>מ"ל</UnitMeasure>
      <BisWeighted>0</BisWeighted>
      <QtyInPackage>1</QtyInPackage>
      <ItemPrice>28.90</ItemPrice>
      <UnitOfMeasurePrice>5.78</UnitOfMeasurePrice>
      <AllowDiscount>1</AllowDiscount>
      <itemStatus>1</itemStatus>
      <LastUpdateDate />
      <LastUpdateTime />
    </Product>
    <Product>
      <PriceUpdateDate>2015/04/30 12:30</PriceUpdateDate>
      <ItemCode>7290005423635</ItemCode>
      <ItemType>1</ItemType>
      <ItemName>דוחה חרקים 2 ליטר</ItemName>
      <ManufactureName>החברה הדרומית לשיווק בעמ</ManufactureName>
      <ManufactureCountry />
      <ManufactureItemDescription />
      <UnitQty>יח`</UnitQty>
      <Quantity>2</Quantity>
      <UnitMeasure>1 ליטר</UnitMeasure>
      <BisWeighted>0</BisWeighted>
      <QtyInPackage>1</QtyInPackage>
      <ItemPrice>22.90</ItemPrice>
      <UnitOfMeasurePrice>11.45</UnitOfMeasurePrice>
      <AllowDiscount>1</AllowDiscount>
      <itemStatus>1</itemStatus>
      <LastUpdateDate />
      <LastUpdateTime />
    </Product>
    <Product>
      <PriceUpdateDate>2019/01/30 08:31</PriceUpdateDate>
      <ItemCode>7290005423734</ItemCode>
      <ItemType>1</ItemType>
      <ItemName>סנו מקסימה 4 ליטר תכלת</ItemName>
      <ManufactureName>החברה הדרומית לשיווק בעמ</ManufactureName>
      <ManufactureCountry />
      <ManufactureItemDescription />
      <UnitQty>יח`</UnitQty>
      <Quantity>4</Quantity>
      <UnitMeasure>1 ליטר</UnitMeasure>
      <BisWeighted>0</BisWeighted>
      <QtyInPackage>1</QtyInPackage>
      <ItemPrice>19.90</ItemPrice>
      <UnitOfMeasurePrice>4.98</UnitOfMeasurePrice>
      <AllowDiscount>0</AllowDiscount>
      <itemStatus>1</itemStatus>
      <LastUpdateDate />
      <LastUpdateTime />
    </Product>
    <Product>
      <PriceUpdateDate>2018/01/07 07:32</PriceUpdateDate>
      <ItemCode>7290005423871</ItemCode>
      <ItemType>1</ItemType>
      <ItemName>מש.שיניים אורביטול שלישיה</ItemName>
      <ManufactureName>החברה הדרומית לשיווק בעמ</ManufactureName>
      <ManufactureCountry />
      <ManufactureItemDescription />
      <UnitQty>יח`</UnitQty>
      <Quantity>435</Quantity>
      <UnitMeasure>גרם</UnitMeasure>
      <BisWeighted>0</BisWeighted>
      <QtyInPackage>1</QtyInPackage>
      <ItemPrice>19.90</ItemPrice>
      <UnitOfMeasurePrice>4.57</UnitOfMeasurePrice>
      <AllowDiscount>1</AllowDiscount>
      <itemStatus>1</itemStatus>
      <LastUpdateDate />
      <LastUpdateTime />
    </Product>
    <Product>
      <PriceUpdateDate>2019/01/30 08:31</PriceUpdateDate>
      <ItemCode>7290005423918</ItemCode>
      <ItemType>1</ItemType>
      <ItemName>סנו מקסימה 4 ליטר כחול</ItemName>
      <ManufactureName>החברה הדרומית לשיווק בעמ</ManufactureName>
      <ManufactureCountry />
      <ManufactureItemDescription />
      <UnitQty>יח`</UnitQty>
      <Quantity>4</Quantity>
      <UnitMeasure>1 ליטר</UnitMeasure>
      <BisWeighted>0</BisWeighted>
      <QtyInPackage>1</QtyInPackage>
      <ItemPrice>19.90</ItemPrice>
      <UnitOfMeasurePrice>4.98</UnitOfMeasurePrice>
      <AllowDiscount>0</AllowDiscount>
      <itemStatus>1</itemStatus>
      <LastUpdateDate />
      <LastUpdateTime />
    </Product>
    <Product>
      <PriceUpdateDate>2018/02/07 10:43</PriceUpdateDate>
      <ItemCode>7290005424311</ItemCode>
      <ItemType>1</ItemType>
      <ItemName>קוטל חרקים קיי רב קוטל סנו (500 מל)</ItemName>
      <ManufactureName>החברה הדרומית לשיווק בעמ</ManufactureName>
      <ManufactureCountry />
      <ManufactureItemDescription />
      <UnitQty>יח`</UnitQty>
      <Quantity>475</Quantity>
      <UnitMeasure>מ"ל</UnitMeasure>
      <BisWeighted>0</BisWeighted>
      <QtyInPackage>1</QtyInPackage>
      <ItemPrice>24.90</ItemPrice>
      <UnitOfMeasurePrice>5.24</UnitOfMeasurePrice>
      <AllowDiscount>1</AllowDiscount>
      <itemStatus>1</itemStatus>
      <LastUpdateDate />
      <LastUpdateTime />
    </Product>
    <Product>
      <PriceUpdateDate>2015/04/30 12:30</PriceUpdateDate>
      <ItemCode>7290005424403</ItemCode>
      <ItemType>1</ItemType>
      <ItemName>אל סבון נוזלי כיף (1 ליטר)</ItemName>
      <ManufactureName>החברה הדרומית לשיווק בעמ</ManufactureName>
      <ManufactureCountry />
      <ManufactureItemDescription />
      <UnitQty>יח`</UnitQty>
      <Quantity>1000</Quantity>
      <UnitMeasure>מ"ל</UnitMeasure>
      <BisWeighted>0</BisWeighted>
      <QtyInPackage>1</QtyInPackage>
      <ItemPrice>13.90</ItemPrice>
      <UnitOfMeasurePrice>1.39</UnitOfMeasurePrice>
      <AllowDiscount>1</AllowDiscount>
      <itemStatus>1</itemStatus>
      <LastUpdateDate />
      <LastUpdateTime />
    </Product>
    <Product>
      <PriceUpdateDate>2015/04/30 12:30</PriceUpdateDate>
      <ItemCode>7290005424694</ItemCode>
      <ItemType>1</ItemType>
      <ItemName>תחליב רחצה ויטמין E קרמה (750 מל)</ItemName>
      <ManufactureName>החברה הדרומית לשיווק בעמ</ManufactureName>
      <ManufactureCountry />
      <ManufactureItemDescription />
      <UnitQty>יח`</UnitQty>
      <Quantity>750</Quantity>
      <UnitMeasure>מ"ל</UnitMeasure>
      <BisWeighted>0</BisWeighted>
      <QtyInPackage>1</QtyInPackage>
      <ItemPrice>19.90</ItemPrice>
      <UnitOfMeasurePrice>2.65</UnitOfMeasurePrice>
      <AllowDiscount>0</AllowDiscount>
      <itemStatus>1</itemStatus>
      <LastUpdateDate />
      <LastUpdateTime />
    </Product>
    <Product>
      <PriceUpdateDate>2017/04/18 09:22</PriceUpdateDate>
      <ItemCode>7290005424762</ItemCode>
      <ItemType>1</ItemType>
      <ItemName>ריצפז+דוחה חרקים+ווקס</ItemName>
      <ManufactureName>החברה הדרומית לשיווק בעמ</ManufactureName>
      <ManufactureCountry />
      <ManufactureItemDescription />
      <UnitQty>יח`</UnitQty>
      <Quantity>2</Quantity>
      <UnitMeasure>1 ליטר</UnitMeasure>
      <BisWeighted>0</BisWeighted>
      <QtyInPackage>1</QtyInPackage>
      <ItemPrice>25.90</ItemPrice>
      <UnitOfMeasurePrice>12.95</UnitOfMeasurePrice>
      <AllowDiscount>0</AllowDiscount>
      <itemStatus>1</itemStatus>
      <LastUpdateDate />
      <LastUpdateTime />
    </Product>
    <Product>
      <PriceUpdateDate>2015/05/27 11:12</PriceUpdateDate>
      <ItemCode>7290005424847</ItemCode>
      <ItemType>1</ItemType>
      <ItemName>מפיות נייר סנו סושי (150)</ItemName>
      <ManufactureName>החברה הדרומית לשיווק בעמ</ManufactureName>
      <ManufactureCountry />
      <ManufactureItemDescription />
      <UnitQty>יח`</UnitQty>
      <Quantity>150</Quantity>
      <UnitMeasure>יח`</UnitMeasure>
      <BisWeighted>0</BisWeighted>
      <QtyInPackage>1</QtyInPackage>
      <ItemPrice>9.90</ItemPrice>
      <UnitOfMeasurePrice>0.07</UnitOfMeasurePrice>
      <AllowDiscount>1</AllowDiscount>
      <itemStatus>1</itemStatus>
      <LastUpdateDate />
      <LastUpdateTime />
    </Product>
    <Product>
      <PriceUpdateDate>2019/02/18 11:46</PriceUpdateDate>
      <ItemCode>7290005425110</ItemCode>
      <ItemType>1</ItemType>
      <ItemName>מרסס מתז לחיטוי משטחים 750 מל סנו</ItemName>
      <ManufactureName>החברה הדרומית לשיווק בעמ</ManufactureName>
      <ManufactureCountry />
      <ManufactureItemDescription />
      <UnitQty>יח`</UnitQty>
      <Quantity>750</Quantity>
      <UnitMeasure>מ"ל</UnitMeasure>
      <BisWeighted>0</BisWeighted>
      <QtyInPackage>1</QtyInPackage>
      <ItemPrice>15.90</ItemPrice>
      <UnitOfMeasurePrice>2.12</UnitOfMeasurePrice>
      <AllowDiscount>0</AllowDiscount>
      <itemStatus>1</itemStatus>
      <LastUpdateDate />
      <LastUpdateTime />
    </Product>
    <Product>
      <PriceUpdateDate>2019/02/18 11:46</PriceUpdateDate>
      <ItemCode>7290005425127</ItemCode>
      <ItemType>1</ItemType>
      <ItemName>מתז מנקה שומנים ואבנית 750 מל סנו</ItemName>
      <ManufactureName>החברה הדרומית לשיווק בעמ</ManufactureName>
      <ManufactureCountry />
      <ManufactureItemDescription />
      <UnitQty>יח`</UnitQty>
      <Quantity>750</Quantity>
      <UnitMeasure>מ"ל</UnitMeasure>
      <BisWeighted>0</BisWeighted>
      <QtyInPackage>1</QtyInPackage>
      <ItemPrice>15.90</ItemPrice>
      <UnitOfMeasurePrice>2.12</UnitOfMeasurePrice>
      <AllowDiscount>0</AllowDiscount>
      <itemStatus>1</itemStatus>
      <LastUpdateDate />
      <LastUpdateTime />
    </Product>
    <Product>
      <PriceUpdateDate>2017/10/29 09:25</PriceUpdateDate>
      <ItemCode>7290005425196</ItemCode>
      <ItemType>1</ItemType>
      <ItemName>סנו מקסימה 2.5 קג`</ItemName>
      <ManufactureName>החברה הדרומית לשיווק בעמ</ManufactureName>
      <ManufactureCountry />
      <ManufactureItemDescription />
      <UnitQty>יח`</UnitQty>
      <Quantity>2.50</Quantity>
      <UnitMeasure>ק"ג</UnitMeasure>
      <BisWeighted>0</BisWeighted>
      <QtyInPackage>1</QtyInPackage>
      <ItemPrice>24.90</ItemPrice>
      <UnitOfMeasurePrice>9.96</UnitOfMeasurePrice>
      <AllowDiscount>0</AllowDiscount>
      <itemStatus>1</itemStatus>
      <LastUpdateDate />
      <LastUpdateTime />
    </Product>
    <Product>
      <PriceUpdateDate>2018/01/07 07:32</PriceUpdateDate>
      <ItemCode>7290005425783</ItemCode>
      <ItemType>1</ItemType>
      <ItemName>קרמה קרם גוף</ItemName>
      <ManufactureName>החברה הדרומית לשיווק בעמ</ManufactureName>
      <ManufactureCountry />
      <ManufactureItemDescription />
      <UnitQty>יח`</UnitQty>
      <Quantity>500</Quantity>
      <UnitMeasure>מ"ל</UnitMeasure>
      <BisWeighted>0</BisWeighted>
      <QtyInPackage>1</QtyInPackage>
      <ItemPrice>21.90</ItemPrice>
      <UnitOfMeasurePrice>4.38</UnitOfMeasurePrice>
      <AllowDiscount>0</AllowDiscount>
      <itemStatus>1</itemStatus>
      <LastUpdateDate />
      <LastUpdateTime />
    </Product>
    <Product>
      <PriceUpdateDate>2015/05/27 11:12</PriceUpdateDate>
      <ItemCode>7290005426230</ItemCode>
      <ItemType>1</ItemType>
      <ItemName>מטלית הפלא לרצפה סנו סושי</ItemName>
      <ManufactureName>החברה הדרומית לשיווק בעמ</ManufactureName>
      <ManufactureCountry />
      <ManufactureItemDescription />
      <UnitQty>יח`</UnitQty>
      <Quantity>1</Quantity>
      <UnitMeasure />
      <BisWeighted>0</BisWeighted>
      <QtyInPackage>1</QtyInPackage>
      <ItemPrice>16.90</ItemPrice>
      <UnitOfMeasurePrice>16.90</UnitOfMeasurePrice>
      <AllowDiscount>1</AllowDiscount>
      <itemStatus>1</itemStatus>
      <LastUpdateDate />
      <LastUpdateTime />
    </Product>
    <Product>
      <PriceUpdateDate>2019/01/30 08:31</PriceUpdateDate>
      <ItemCode>7290005426803</ItemCode>
      <ItemType>1</ItemType>
      <ItemName>סנו מקסימה 4 ליטר סגול</ItemName>
      <ManufactureName>החברה הדרומית לשיווק בעמ</ManufactureName>
      <ManufactureCountry />
      <ManufactureItemDescription />
      <UnitQty>יח`</UnitQty>
      <Quantity>4</Quantity>
      <UnitMeasure>1 ליטר</UnitMeasure>
      <BisWeighted>0</BisWeighted>
      <QtyInPackage>1</QtyInPackage>
      <ItemPrice>19.90</ItemPrice>
      <UnitOfMeasurePrice>4.98</UnitOfMeasurePrice>
      <AllowDiscount>0</AllowDiscount>
      <itemStatus>1</itemStatus>
      <LastUpdateDate />
      <LastUpdateTime />
    </Product>
    <Product>
      <PriceUpdateDate>2018/01/07 07:32</PriceUpdateDate>
      <ItemCode>7290005426865</ItemCode>
      <ItemType>1</ItemType>
      <ItemName>מש.שיניים אורביטול ילדים</ItemName>
      <ManufactureName>החברה הדרומית לשיווק בעמ</ManufactureName>
      <ManufactureCountry />
      <ManufactureItemDescription />
      <UnitQty>יח`</UnitQty>
      <Quantity>70</Quantity>
      <UnitMeasure>גרם</UnitMeasure>
      <BisWeighted>0</BisWeighted>
      <QtyInPackage>1</QtyInPackage>
      <ItemPrice>7.90</ItemPrice>
      <UnitOfMeasurePrice>11.29</UnitOfMeasurePrice>
      <AllowDiscount>0</AllowDiscount>
      <itemStatus>1</itemStatus>
      <LastUpdateDate />
      <LastUpdateTime />
    </Product>
    <Product>
      <PriceUpdateDate>2018/01/09 08:26</PriceUpdateDate>
      <ItemCode>7290005426971</ItemCode>
      <ItemType>1</ItemType>
      <ItemName>סנובון לאסלה כחול תפוח סנו (55x3 גרם)</ItemName>
      <ManufactureName>החברה הדרומית לשיווק בעמ</ManufactureName>
      <ManufactureCountry />
      <ManufactureItemDescription />
      <UnitQty>יח`</UnitQty>
      <Quantity>165</Quantity>
      <UnitMeasure>גרם</UnitMeasure>
      <BisWeighted>0</BisWeighted>
      <QtyInPackage>1</QtyInPackage>
      <ItemPrice>18.90</ItemPrice>
      <UnitOfMeasurePrice>11.45</UnitOfMeasurePrice>
      <AllowDiscount>1</AllowDiscount>
      <itemStatus>1</itemStatus>
      <LastUpdateDate />
      <LastUpdateTime />
    </Product>
    <Product>
      <PriceUpdateDate>2013/11/26 17:59</PriceUpdateDate>
      <ItemCode>7290005429279</ItemCode>
      <ItemType>1</ItemType>
      <ItemName>סנו מקסימה 6 קג`</ItemName>
      <ManufactureName>החברה הדרומית לשיווק בעמ</ManufactureName>
      <ManufactureCountry />
      <ManufactureItemDescription />
      <UnitQty>יח`</UnitQty>
      <Quantity>6000</Quantity>
      <UnitMeasure>גרם</UnitMeasure>
      <BisWeighted>0</BisWeighted>
      <QtyInPackage>1</QtyInPackage>
      <ItemPrice>49.90</ItemPrice>
      <UnitOfMeasurePrice>0.83</UnitOfMeasurePrice>
      <AllowDiscount>0</AllowDiscount>
      <itemStatus>1</itemStatus>
      <LastUpdateDate />
      <LastUpdateTime />
    </Product>
    <Product>
      <PriceUpdateDate>2015/05/27 11:12</PriceUpdateDate>
      <ItemCode>7290005430480</ItemCode>
      <ItemType>1</ItemType>
      <ItemName>מטלית הפלא מיקרופייבר סנו סושי</ItemName>
      <ManufactureName>החברה הדרומית לשיווק בעמ</ManufactureName>
      <ManufactureCountry />
      <ManufactureItemDescription />
      <UnitQty>יח`</UnitQty>
      <Quantity>1</Quantity>
      <UnitMeasure />
      <BisWeighted>0</BisWeighted>
      <QtyInPackage>1</QtyInPackage>
      <ItemPrice>12.90</ItemPrice>
      <UnitOfMeasurePrice>12.90</UnitOfMeasurePrice>
      <AllowDiscount>1</AllowDiscount>
      <itemStatus>1</itemStatus>
      <LastUpdateDate />
      <LastUpdateTime />
    </Product>
    <Product>
      <PriceUpdateDate>2017/09/04 15:11</PriceUpdateDate>
      <ItemCode>7290005430602</ItemCode>
      <ItemType>1</ItemType>
      <ItemName>סנו אוקסיג`ן מרסס מסיר כתמים</ItemName>
      <ManufactureName>החברה הדרומית לשיווק בעמ</ManufactureName>
      <ManufactureCountry />
      <ManufactureItemDescription />
      <UnitQty>יח`</UnitQty>
      <Quantity>750</Quantity>
      <UnitMeasure>מ"ל</UnitMeasure>
      <BisWeighted>0</BisWeighted>
      <QtyInPackage>1</QtyInPackage>
      <ItemPrice>19.90</ItemPrice>
      <UnitOfMeasurePrice>2.65</UnitOfMeasurePrice>
      <AllowDiscount>1</AllowDiscount>
      <itemStatus>1</itemStatus>
      <LastUpdateDate />
      <LastUpdateTime />
    </Product>
    <Product>
      <PriceUpdateDate>2019/11/20 16:53</PriceUpdateDate>
      <ItemCode>7290005431883</ItemCode>
      <ItemType>1</ItemType>
      <ItemName>מלבי חלבי 165 גר` עדן קינוחים</ItemName>
      <ManufactureName>תנובה - חלב</ManufactureName>
      <ManufactureCountry />
      <ManufactureItemDescription />
      <UnitQty>יח`</UnitQty>
      <Quantity>165</Quantity>
      <UnitMeasure>מ"ל</UnitMeasure>
      <BisWeighted>0</BisWeighted>
      <QtyInPackage>1</QtyInPackage>
      <ItemPrice>6.90</ItemPrice>
      <UnitOfMeasurePrice>4.18</UnitOfMeasurePrice>
      <AllowDiscount>0</AllowDiscount>
      <itemStatus>1</itemStatus>
      <LastUpdateDate />
      <LastUpdateTime />
    </Product>
    <Product>
      <PriceUpdateDate>2019/11/20 14:33</PriceUpdateDate>
      <ItemCode>7290005431906</ItemCode>
      <ItemType>1</ItemType>
      <ItemName>מארז קדאיף 82  גר`עדן קינוחים</ItemName>
      <ManufactureName>תנובה - חלב</ManufactureName>
      <ManufactureCountry />
      <ManufactureItemDescription />
      <UnitQty>יח`</UnitQty>
      <Quantity>124</Quantity>
      <UnitMeasure>גרם</UnitMeasure>
      <BisWeighted>0</BisWeighted>
      <QtyInPackage>1</QtyInPackage>
      <ItemPrice>6.90</ItemPrice>
      <UnitOfMeasurePrice>5.56</UnitOfMeasurePrice>
      <AllowDiscount>0</AllowDiscount>
      <itemStatus>1</itemStatus>
      <LastUpdateDate />
      <LastUpdateTime />
    </Product>
    <Product>
      <PriceUpdateDate>2019/11/20 16:53</PriceUpdateDate>
      <ItemCode>7290005431913</ItemCode>
      <ItemType>1</ItemType>
      <ItemName>עוגת גבינה פרורים 92  גר`עדן קינוחים</ItemName>
      <ManufactureName>תנובה - חלב</ManufactureName>
      <ManufactureCountry />
      <ManufactureItemDescription />
      <UnitQty>יח`</UnitQty>
      <Quantity>92</Quantity>
      <UnitMeasure>גרם</UnitMeasure>
      <BisWeighted>0</BisWeighted>
      <QtyInPackage>1</QtyInPackage>
      <ItemPrice>6.90</ItemPrice>
      <UnitOfMeasurePrice>7.50</UnitOfMeasurePrice>
      <AllowDiscount>0</AllowDiscount>
      <itemStatus>1</itemStatus>
      <LastUpdateDate />
      <LastUpdateTime />
    </Product>
    <Product>
      <PriceUpdateDate>2019/11/20 16:53</PriceUpdateDate>
      <ItemCode>7290005431920</ItemCode>
      <ItemType>1</ItemType>
      <ItemName>עוגת גבינה פרורים לייט 78  גר`עדן קינוחי</ItemName>
      <ManufactureName>תנובה - חלב</ManufactureName>
      <ManufactureCountry />
      <ManufactureItemDescription />
      <UnitQty>יח`</UnitQty>
      <Quantity>1</Quantity>
      <UnitMeasure />
      <BisWeighted>0</BisWeighted>
      <QtyInPackage>1</QtyInPackage>
      <ItemPrice>6.90</ItemPrice>
      <UnitOfMeasurePrice>6.90</UnitOfMeasurePrice>
      <AllowDiscount>0</AllowDiscount>
      <itemStatus>1</itemStatus>
      <LastUpdateDate />
      <LastUpdateTime />
    </Product>
    <Product>
      <PriceUpdateDate>2018/02/06 08:47</PriceUpdateDate>
      <ItemCode>7290005500688</ItemCode>
      <ItemType>1</ItemType>
      <ItemName>מסכה לשיער פנינה רוזנבלום (1 קג)</ItemName>
      <ManufactureName>פנינה רוזנבלום בעמ</ManufactureName>
      <ManufactureCountry />
      <ManufactureItemDescription />
      <UnitQty>יח`</UnitQty>
      <Quantity>1</Quantity>
      <UnitMeasure>ק"ג</UnitMeasure>
      <BisWeighted>0</BisWeighted>
      <QtyInPackage>1</QtyInPackage>
      <ItemPrice>30.90</ItemPrice>
      <UnitOfMeasurePrice>30.90</UnitOfMeasurePrice>
      <AllowDiscount>0</AllowDiscount>
      <itemStatus>1</itemStatus>
      <LastUpdateDate />
      <LastUpdateTime />
    </Product>
    <Product>
      <PriceUpdateDate>2014/11/14 06:24</PriceUpdateDate>
      <ItemCode>7290005500916</ItemCode>
      <ItemType>1</ItemType>
      <ItemName>קרם ידיים פנינה</ItemName>
      <ManufactureName>פנינה רוזנבלום בעמ</ManufactureName>
      <ManufactureCountry />
      <ManufactureItemDescription />
      <UnitQty>יח`</UnitQty>
      <Quantity>100</Quantity>
      <UnitMeasure>מ"ל</UnitMeasure>
      <BisWeighted>0</BisWeighted>
      <QtyInPackage>1</QtyInPackage>
      <ItemPrice>9.90</ItemPrice>
      <UnitOfMeasurePrice>9.90</UnitOfMeasurePrice>
      <AllowDiscount>0</AllowDiscount>
      <itemStatus>1</itemStatus>
      <LastUpdateDate />
      <LastUpdateTime />
    </Product>
    <Product>
      <PriceUpdateDate>2016/05/15 08:15</PriceUpdateDate>
      <ItemCode>7290005509445</ItemCode>
      <ItemType>1</ItemType>
      <ItemName>עוגיות מיני קוקיס חמאה כרמית (600 גרם)</ItemName>
      <ManufactureName>כרמית תעשיות ממתקים בעמ</ManufactureName>
      <ManufactureCountry />
      <ManufactureItemDescription />
      <UnitQty>יח`</UnitQty>
      <Quantity>600</Quantity>
      <UnitMeasure>גרם</UnitMeasure>
      <BisWeighted>0</BisWeighted>
      <QtyInPackage>1</QtyInPackage>
      <ItemPrice>17.90</ItemPrice>
      <UnitOfMeasurePrice>2.98</UnitOfMeasurePrice>
      <AllowDiscount>1</AllowDiscount>
      <itemStatus>1</itemStatus>
      <LastUpdateDate />
      <LastUpdateTime />
    </Product>
    <Product>
      <PriceUpdateDate>2019/01/30 08:49</PriceUpdateDate>
      <ItemCode>7290005559907</ItemCode>
      <ItemType>1</ItemType>
      <ItemName>פיצה משפחתית גבינה מעדנות (500 גרם)</ItemName>
      <ManufactureName>תנובה קפואים</ManufactureName>
      <ManufactureCountry />
      <ManufactureItemDescription />
      <UnitQty>יח`</UnitQty>
      <Quantity>500</Quantity>
      <UnitMeasure>גרם</UnitMeasure>
      <BisWeighted>0</BisWeighted>
      <QtyInPackage>1</QtyInPackage>
      <ItemPrice>23.90</ItemPrice>
      <UnitOfMeasurePrice>4.78</UnitOfMeasurePrice>
      <AllowDiscount>1</AllowDiscount>
      <itemStatus>1</itemStatus>
      <LastUpdateDate />
      <LastUpdateTime />
    </Product>
    <Product>
      <PriceUpdateDate>2017/01/02 10:15</PriceUpdateDate>
      <ItemCode>7290005559914</ItemCode>
      <ItemType>1</ItemType>
      <ItemName>פיצה משפחתית זיתים מעדנות (550 גרם)</ItemName>
      <ManufactureName>תנובה קפואים</ManufactureName>
      <ManufactureCountry />
      <ManufactureItemDescription />
      <UnitQty>יח`</UnitQty>
      <Quantity>550</Quantity>
      <UnitMeasure>גרם</UnitMeasure>
      <BisWeighted>0</BisWeighted>
      <QtyInPackage>1</QtyInPackage>
      <ItemPrice>25.90</ItemPrice>
      <UnitOfMeasurePrice>4.71</UnitOfMeasurePrice>
      <AllowDiscount>1</AllowDiscount>
      <itemStatus>1</itemStatus>
      <LastUpdateDate />
      <LastUpdateTime />
    </Product>
    <Product>
      <PriceUpdateDate>2015/04/12 14:48</PriceUpdateDate>
      <ItemCode>7290005559990</ItemCode>
      <ItemType>1</ItemType>
      <ItemName>בצק פילאס תורכי מעדנות (600 גרם)</ItemName>
      <ManufactureName>תנובה קפואים</ManufactureName>
      <ManufactureCountry />
      <ManufactureItemDescription />
      <UnitQty>יח`</UnitQty>
      <Quantity>600</Quantity>
      <UnitMeasure>גרם</UnitMeasure>
      <BisWeighted>0</BisWeighted>
      <QtyInPackage>1</QtyInPackage>
      <ItemPrice>22.90</ItemPrice>
      <UnitOfMeasurePrice>3.82</UnitOfMeasurePrice>
      <AllowDiscount>1</AllowDiscount>
      <itemStatus>1</itemStatus>
      <LastUpdateDate />
      <LastUpdateTime />
    </Product>
    <Product>
      <PriceUpdateDate>2019/01/13 11:17</PriceUpdateDate>
      <ItemCode>7290005564253</ItemCode>
      <ItemType>1</ItemType>
      <ItemName>משקה קל אגס סברס תפוח ספרינג (1.5 ליטר)</ItemName>
      <ManufactureName>יפאורה</ManufactureName>
      <ManufactureCountry />
      <ManufactureItemDescription />
      <UnitQty>יח`</UnitQty>
      <Quantity>1500</Quantity>
      <UnitMeasure>מ"ל</UnitMeasure>
      <BisWeighted>0</BisWeighted>
      <QtyInPackage>1</QtyInPackage>
      <ItemPrice>6.40</ItemPrice>
      <UnitOfMeasurePrice>0.43</UnitOfMeasurePrice>
      <AllowDiscount>1</AllowDiscount>
      <itemStatus>1</itemStatus>
      <LastUpdateDate />
      <LastUpdateTime />
    </Product>
    <Product>
      <PriceUpdateDate>2019/03/24 10:34</PriceUpdateDate>
      <ItemCode>7290005564680</ItemCode>
      <ItemType>1</ItemType>
      <ItemName>משקה קל לימונדה תפוזינה (1.5 ליטר)</ItemName>
      <ManufactureName>יפאורה</ManufactureName>
      <ManufactureCountry />
      <ManufactureItemDescription />
      <UnitQty>יח`</UnitQty>
      <Quantity>1500</Quantity>
      <UnitMeasure>מ"ל</UnitMeasure>
      <BisWeighted>0</BisWeighted>
      <QtyInPackage>1</QtyInPackage>
      <ItemPrice>6.50</ItemPrice>
      <UnitOfMeasurePrice>0.43</UnitOfMeasurePrice>
      <AllowDiscount>1</AllowDiscount>
      <itemStatus>1</itemStatus>
      <LastUpdateDate />
      <LastUpdateTime />
    </Product>
    <Product>
      <PriceUpdateDate>2013/10/28 11:38</PriceUpdateDate>
      <ItemCode>7290005564970</ItemCode>
      <ItemType>1</ItemType>
      <ItemName>משקה תפוח קריסטל (2 ליטר)</ItemName>
      <ManufactureName>יפאורה</ManufactureName>
      <ManufactureCountry />
      <ManufactureItemDescription />
      <UnitQty>יח`</UnitQty>
      <Quantity>2</Quantity>
      <UnitMeasure>1 ליטר</UnitMeasure>
      <BisWeighted>0</BisWeighted>
      <QtyInPackage>1</QtyInPackage>
      <ItemPrice>3.80</ItemPrice>
      <UnitOfMeasurePrice>1.90</UnitOfMeasurePrice>
      <AllowDiscount>0</AllowDiscount>
      <itemStatus>1</itemStatus>
      <LastUpdateDate />
      <LastUpdateTime />
    </Product>
    <Product>
      <PriceUpdateDate>2016/02/15 08:32</PriceUpdateDate>
      <ItemCode>7290005576010</ItemCode>
      <ItemType>1</ItemType>
      <ItemName>חסה ערבית מהדרין גלאט עלים</ItemName>
      <ManufactureName>רביבים עלי דשא בעמ</ManufactureName>
      <ManufactureCountry />
      <ManufactureItemDescription />
      <UnitQty>יח`</UnitQty>
      <Quantity>1</Quantity>
      <UnitMeasure />
      <BisWeighted>0</BisWeighted>
      <QtyInPackage>1</QtyInPackage>
      <ItemPrice>6.90</ItemPrice>
      <UnitOfMeasurePrice>6.90</UnitOfMeasurePrice>
      <AllowDiscount>0</AllowDiscount>
      <itemStatus>1</itemStatus>
      <LastUpdateDate />
      <LastUpdateTime />
    </Product>
    <Product>
      <PriceUpdateDate>2016/02/01 09:07</PriceUpdateDate>
      <ItemCode>7290005576027</ItemCode>
      <ItemType>1</ItemType>
      <ItemName>פטרוזליה גלאט</ItemName>
      <ManufactureName>רביבים עלי דשא בעמ</ManufactureName>
      <ManufactureCountry />
      <ManufactureItemDescription />
      <UnitQty>יח`</UnitQty>
      <Quantity>1</Quantity>
      <UnitMeasure />
      <BisWeighted>0</BisWeighted>
      <QtyInPackage>1</QtyInPackage>
      <ItemPrice>5.90</ItemPrice>
      <UnitOfMeasurePrice>5.90</UnitOfMeasurePrice>
      <AllowDiscount>0</AllowDiscount>
      <itemStatus>1</itemStatus>
      <LastUpdateDate />
      <LastUpdateTime />
    </Product>
    <Product>
      <PriceUpdateDate>2016/02/01 09:07</PriceUpdateDate>
      <ItemCode>7290005576034</ItemCode>
      <ItemType>1</ItemType>
      <ItemName>כוסברה גלאט</ItemName>
      <ManufactureName>רביבים עלי דשא בעמ</ManufactureName>
      <ManufactureCountry />
      <ManufactureItemDescription />
      <UnitQty>יח`</UnitQty>
      <Quantity>1</Quantity>
      <UnitMeasure />
      <BisWeighted>0</BisWeighted>
      <QtyInPackage>1</QtyInPackage>
      <ItemPrice>5.90</ItemPrice>
      <UnitOfMeasurePrice>5.90</UnitOfMeasurePrice>
      <AllowDiscount>0</AllowDiscount>
      <itemStatus>1</itemStatus>
      <LastUpdateDate />
      <LastUpdateTime />
    </Product>
    <Product>
      <PriceUpdateDate>2016/02/01 09:07</PriceUpdateDate>
      <ItemCode>7290005576041</ItemCode>
      <ItemType>1</ItemType>
      <ItemName>שמיר גלאט</ItemName>
      <ManufactureName>רביבים עלי דשא בעמ</ManufactureName>
      <ManufactureCountry />
      <ManufactureItemDescription />
      <UnitQty>יח`</UnitQty>
      <Quantity>1</Quantity>
      <UnitMeasure />
      <BisWeighted>0</BisWeighted>
      <QtyInPackage>1</QtyInPackage>
      <ItemPrice>5.90</ItemPrice>
      <UnitOfMeasurePrice>5.90</UnitOfMeasurePrice>
      <AllowDiscount>0</AllowDiscount>
      <itemStatus>1</itemStatus>
      <LastUpdateDate />
      <LastUpdateTime />
    </Product>
    <Product>
      <PriceUpdateDate>2016/02/01 09:07</PriceUpdateDate>
      <ItemCode>7290005576065</ItemCode>
      <ItemType>1</ItemType>
      <ItemName>סלרי גלאט</ItemName>
      <ManufactureName>רביבים עלי דשא בעמ</ManufactureName>
      <ManufactureCountry />
      <ManufactureItemDescription />
      <UnitQty>יח`</UnitQty>
      <Quantity>1</Quantity>
      <UnitMeasure />
      <BisWeighted>0</BisWeighted>
      <QtyInPackage>1</QtyInPackage>
      <ItemPrice>6.90</ItemPrice>
      <UnitOfMeasurePrice>6.90</UnitOfMeasurePrice>
      <AllowDiscount>0</AllowDiscount>
      <itemStatus>1</itemStatus>
      <LastUpdateDate />
      <LastUpdateTime />
    </Product>
    <Product>
      <PriceUpdateDate>2016/02/01 09:07</PriceUpdateDate>
      <ItemCode>7290005576072</ItemCode>
      <ItemType>1</ItemType>
      <ItemName>מנגולד עלי סלק גלאט</ItemName>
      <ManufactureName>רביבים עלי דשא בעמ</ManufactureName>
      <ManufactureCountry />
      <ManufactureItemDescription />
      <UnitQty>יח`</UnitQty>
      <Quantity>1</Quantity>
      <UnitMeasure />
      <BisWeighted>0</BisWeighted>
      <QtyInPackage>1</QtyInPackage>
      <ItemPrice>6.90</ItemPrice>
      <UnitOfMeasurePrice>6.90</UnitOfMeasurePrice>
      <AllowDiscount>0</AllowDiscount>
      <itemStatus>1</itemStatus>
      <LastUpdateDate />
      <LastUpdateTime />
    </Product>
    <Product>
      <PriceUpdateDate>2016/02/01 09:07</PriceUpdateDate>
      <ItemCode>7290005576089</ItemCode>
      <ItemType>1</ItemType>
      <ItemName>בצל ירוק גלאט</ItemName>
      <ManufactureName>רביבים עלי דשא בעמ</ManufactureName>
      <ManufactureCountry />
      <ManufactureItemDescription />
      <UnitQty>יח`</UnitQty>
      <Quantity>1</Quantity>
      <UnitMeasure />
      <BisWeighted>0</BisWeighted>
      <QtyInPackage>1</QtyInPackage>
      <ItemPrice>6.90</ItemPrice>
      <UnitOfMeasurePrice>6.90</UnitOfMeasurePrice>
      <AllowDiscount>0</AllowDiscount>
      <itemStatus>1</itemStatus>
      <LastUpdateDate />
      <LastUpdateTime />
    </Product>
    <Product>
      <PriceUpdateDate>2019/12/15 08:25</PriceUpdateDate>
      <ItemCode>7290005576096</ItemCode>
      <ItemType>1</ItemType>
      <ItemName>כרוב לבן גלאט</ItemName>
      <ManufactureName>רביבים עלי דשא בעמ</ManufactureName>
      <ManufactureCountry />
      <ManufactureItemDescription />
      <UnitQty>ק"ג</UnitQty>
      <Quantity>1</Quantity>
      <UnitMeasure />
      <BisWeighted>1</BisWeighted>
      <QtyInPackage>1</QtyInPackage>
      <ItemPrice>14.90</ItemPrice>
      <UnitOfMeasurePrice>14.90</UnitOfMeasurePrice>
      <AllowDiscount>0</AllowDiscount>
      <itemStatus>1</itemStatus>
      <LastUpdateDate />
      <LastUpdateTime />
    </Product>
    <Product>
      <PriceUpdateDate>2019/12/15 08:25</PriceUpdateDate>
      <ItemCode>7290005576171</ItemCode>
      <ItemType>1</ItemType>
      <ItemName>כרוב אדום גלאט</ItemName>
      <ManufactureName>רביבים עלי דשא בעמ</ManufactureName>
      <ManufactureCountry />
      <ManufactureItemDescription />
      <UnitQty>ק"ג</UnitQty>
      <Quantity>1</Quantity>
      <UnitMeasure />
      <BisWeighted>1</BisWeighted>
      <QtyInPackage>1</QtyInPackage>
      <ItemPrice>15.90</ItemPrice>
      <UnitOfMeasurePrice>15.90</UnitOfMeasurePrice>
      <AllowDiscount>0</AllowDiscount>
      <itemStatus>1</itemStatus>
      <LastUpdateDate />
      <LastUpdateTime />
    </Product>
    <Product>
      <PriceUpdateDate>2015/01/29 11:25</PriceUpdateDate>
      <ItemCode>7290005591761</ItemCode>
      <ItemType>1</ItemType>
      <ItemName>דבש לחיץ 400 גר` יד מרדכי</ItemName>
      <ManufactureName>שטראוס גרופ בעמ</ManufactureName>
      <ManufactureCountry />
      <ManufactureItemDescription />
      <UnitQty>יח`</UnitQty>
      <Quantity>400</Quantity>
      <UnitMeasure>גרם</UnitMeasure>
      <BisWeighted>0</BisWeighted>
      <QtyInPackage>1</QtyInPackage>
      <ItemPrice>22</ItemPrice>
      <UnitOfMeasurePrice>5.50</UnitOfMeasurePrice>
      <AllowDiscount>0</AllowDiscount>
      <itemStatus>1</itemStatus>
      <LastUpdateDate />
      <LastUpdateTime />
    </Product>
    <Product>
      <PriceUpdateDate>2018/11/11 08:17</PriceUpdateDate>
      <ItemCode>7290005604133</ItemCode>
      <ItemType>1</ItemType>
      <ItemName>פריגת 1.5 ליטר מנגו</ItemName>
      <ManufactureName>החברה המרכזית להפצת משקאות בעמ</ManufactureName>
      <ManufactureCountry />
      <ManufactureItemDescription />
      <UnitQty>יח`</UnitQty>
      <Quantity>1.50</Quantity>
      <UnitMeasure>1 ליטר</UnitMeasure>
      <BisWeighted>0</BisWeighted>
      <QtyInPackage>1</QtyInPackage>
      <ItemPrice>7.20</ItemPrice>
      <UnitOfMeasurePrice>4.80</UnitOfMeasurePrice>
      <AllowDiscount>1</AllowDiscount>
      <itemStatus>1</itemStatus>
      <LastUpdateDate />
      <LastUpdateTime />
    </Product>
    <Product>
      <PriceUpdateDate>2018/11/11 08:17</PriceUpdateDate>
      <ItemCode>7290005604652</ItemCode>
      <ItemType>1</ItemType>
      <ItemName>גזוז בטעם ענבים 1.5 ליטר פאנטה</ItemName>
      <ManufactureName>החברה המרכזית להפצת משקאות בעמ</ManufactureName>
      <ManufactureCountry />
      <ManufactureItemDescription />
      <UnitQty>יח`</UnitQty>
      <Quantity>1</Quantity>
      <UnitMeasure />
      <BisWeighted>0</BisWeighted>
      <QtyInPackage>1</QtyInPackage>
      <ItemPrice>7.70</ItemPrice>
      <UnitOfMeasurePrice>7.70</UnitOfMeasurePrice>
      <AllowDiscount>0</AllowDiscount>
      <itemStatus>1</itemStatus>
      <LastUpdateDate />
      <LastUpdateTime />
    </Product>
    <Product>
      <PriceUpdateDate>2018/11/11 08:17</PriceUpdateDate>
      <ItemCode>7290005605901</ItemCode>
      <ItemType>1</ItemType>
      <ItemName>משקה אקזוטי פאנטה (1.5 ליטר)</ItemName>
      <ManufactureName>החברה המרכזית להפצת משקאות בעמ</ManufactureName>
      <ManufactureCountry />
      <ManufactureItemDescription />
      <UnitQty>יח`</UnitQty>
      <Quantity>1.50</Quantity>
      <UnitMeasure>1 ליטר</UnitMeasure>
      <BisWeighted>0</BisWeighted>
      <QtyInPackage>1</QtyInPackage>
      <ItemPrice>7.70</ItemPrice>
      <UnitOfMeasurePrice>5.13</UnitOfMeasurePrice>
      <AllowDiscount>0</AllowDiscount>
      <itemStatus>1</itemStatus>
      <LastUpdateDate />
      <LastUpdateTime />
    </Product>
    <Product>
      <PriceUpdateDate>2020/03/15 16:55</PriceUpdateDate>
      <ItemCode>7290005610509</ItemCode>
      <ItemType>1</ItemType>
      <ItemName>צנונית ארוזה</ItemName>
      <ManufactureName>א.אדמה (2007) בעמ</ManufactureName>
      <ManufactureCountry />
      <ManufactureItemDescription />
      <UnitQty>יח`</UnitQty>
      <Quantity>1</Quantity>
      <UnitMeasure />
      <BisWeighted>0</BisWeighted>
      <QtyInPackage>1</QtyInPackage>
      <ItemPrice>6.90</ItemPrice>
      <UnitOfMeasurePrice>6.90</UnitOfMeasurePrice>
      <AllowDiscount>1</AllowDiscount>
      <itemStatus>1</itemStatus>
      <LastUpdateDate />
      <LastUpdateTime />
    </Product>
    <Product>
      <PriceUpdateDate>2014/01/01 08:37</PriceUpdateDate>
      <ItemCode>7290005838002</ItemCode>
      <ItemType>1</ItemType>
      <ItemName>דניאלה מעדן בטעם וניל שטראוס (88 גרם)</ItemName>
      <ManufactureName>שטראוס גרופ בעמ/מצונן</ManufactureName>
      <ManufactureCountry />
      <ManufactureItemDescription />
      <UnitQty>יח`</UnitQty>
      <Quantity>150</Quantity>
      <UnitMeasure>מ"ל</UnitMeasure>
      <BisWeighted>0</BisWeighted>
      <QtyInPackage>1</QtyInPackage>
      <ItemPrice>4</ItemPrice>
      <UnitOfMeasurePrice>2.67</UnitOfMeasurePrice>
      <AllowDiscount>0</AllowDiscount>
      <itemStatus>1</itemStatus>
      <LastUpdateDate />
      <LastUpdateTime />
    </Product>
    <Product>
      <PriceUpdateDate>2014/01/01 08:37</PriceUpdateDate>
      <ItemCode>7290005838613</ItemCode>
      <ItemType>1</ItemType>
      <ItemName>קרם גבינה 3% בטעם וניל סקי (125 גרם)</ItemName>
      <ManufactureName>שטראוס גרופ בעמ/מצונן</ManufactureName>
      <ManufactureCountry />
      <ManufactureItemDescription />
      <UnitQty>יח`</UnitQty>
      <Quantity>125</Quantity>
      <UnitMeasure>גרם</UnitMeasure>
      <BisWeighted>0</BisWeighted>
      <QtyInPackage>1</QtyInPackage>
      <ItemPrice>3.70</ItemPrice>
      <UnitOfMeasurePrice>2.96</UnitOfMeasurePrice>
      <AllowDiscount>1</AllowDiscount>
      <itemStatus>1</itemStatus>
      <LastUpdateDate />
      <LastUpdateTime />
    </Product>
    <Product>
      <PriceUpdateDate>2016/02/14 09:09</PriceUpdateDate>
      <ItemCode>7290005838972</ItemCode>
      <ItemType>1</ItemType>
      <ItemName>קרם גבינה 5% סקי (125 גרם)</ItemName>
      <ManufactureName>שטראוס גרופ בעמ/מצונן</ManufactureName>
      <ManufactureCountry />
      <ManufactureItemDescription />
      <UnitQty>יח`</UnitQty>
      <Quantity>125</Quantity>
      <UnitMeasure>גרם</UnitMeasure>
      <BisWeighted>0</BisWeighted>
      <QtyInPackage>1</QtyInPackage>
      <ItemPrice>3.10</ItemPrice>
      <UnitOfMeasurePrice>2.48</UnitOfMeasurePrice>
      <AllowDiscount>0</AllowDiscount>
      <itemStatus>1</itemStatus>
      <LastUpdateDate />
      <LastUpdateTime />
    </Product>
    <Product>
      <PriceUpdateDate>2015/05/31 09:12</PriceUpdateDate>
      <ItemCode>7290005839078</ItemCode>
      <ItemType>1</ItemType>
      <ItemName>יוגורט ביו 3% דנונה (150x8 גרם)</ItemName>
      <ManufactureName>שטראוס גרופ בעמ/מצונן</ManufactureName>
      <ManufactureCountry />
      <ManufactureItemDescription />
      <UnitQty>יח`</UnitQty>
      <Quantity>1.20</Quantity>
      <UnitMeasure>1 ליטר</UnitMeasure>
      <BisWeighted>0</BisWeighted>
      <QtyInPackage>1</QtyInPackage>
      <ItemPrice>16.80</ItemPrice>
      <UnitOfMeasurePrice>14</UnitOfMeasurePrice>
      <AllowDiscount>0</AllowDiscount>
      <itemStatus>1</itemStatus>
      <LastUpdateDate />
      <LastUpdateTime />
    </Product>
    <Product>
      <PriceUpdateDate>2015/01/29 10:33</PriceUpdateDate>
      <ItemCode>7290005839108</ItemCode>
      <ItemType>1</ItemType>
      <ItemName>סימפוניה +5%זיתים</ItemName>
      <ManufactureName>שטראוס גרופ בעמ/מצונן</ManufactureName>
      <ManufactureCountry />
      <ManufactureItemDescription />
      <UnitQty>יח`</UnitQty>
      <Quantity>200</Quantity>
      <UnitMeasure>גרם</UnitMeasure>
      <BisWeighted>0</BisWeighted>
      <QtyInPackage>1</QtyInPackage>
      <ItemPrice>11.40</ItemPrice>
      <UnitOfMeasurePrice>5.70</UnitOfMeasurePrice>
      <AllowDiscount>0</AllowDiscount>
      <itemStatus>1</itemStatus>
      <LastUpdateDate />
      <LastUpdateTime />
    </Product>
    <Product>
      <PriceUpdateDate>2014/01/01 08:37</PriceUpdateDate>
      <ItemCode>7290005839313</ItemCode>
      <ItemType>1</ItemType>
      <ItemName>מילקי טופ מגולגלת</ItemName>
      <ManufactureName>שטראוס גרופ בעמ/מצונן</ManufactureName>
      <ManufactureCountry />
      <ManufactureItemDescription />
      <UnitQty>יח`</UnitQty>
      <Quantity>130</Quantity>
      <UnitMeasure>מ"ל</UnitMeasure>
      <BisWeighted>0</BisWeighted>
      <QtyInPackage>1</QtyInPackage>
      <ItemPrice>4.60</ItemPrice>
      <UnitOfMeasurePrice>3.54</UnitOfMeasurePrice>
      <AllowDiscount>1</AllowDiscount>
      <itemStatus>1</itemStatus>
      <LastUpdateDate />
      <LastUpdateTime />
    </Product>
    <Product>
      <PriceUpdateDate>2019/02/18 11:45</PriceUpdateDate>
      <ItemCode>7290005896439</ItemCode>
      <ItemType>1</ItemType>
      <ItemName>בירה בקבוק מכבי (500 מל)</ItemName>
      <ManufactureName>טמפו משקאות בעמ</ManufactureName>
      <ManufactureCountry />
      <ManufactureItemDescription />
      <UnitQty>יח`</UnitQty>
      <Quantity>500</Quantity>
      <UnitMeasure>מ"ל</UnitMeasure>
      <BisWeighted>0</BisWeighted>
      <QtyInPackage>1</QtyInPackage>
      <ItemPrice>6.90</ItemPrice>
      <UnitOfMeasurePrice>1.14</UnitOfMeasurePrice>
      <AllowDiscount>1</AllowDiscount>
      <itemStatus>1</itemStatus>
      <LastUpdateDate />
      <LastUpdateTime />
    </Product>
    <Product>
      <PriceUpdateDate>2019/02/18 11:45</PriceUpdateDate>
      <ItemCode>7290005896453</ItemCode>
      <ItemType>1</ItemType>
      <ItemName>מכבי חוזר 7.9 500 מל בקבוק</ItemName>
      <ManufactureName>טמפו משקאות בעמ</ManufactureName>
      <ManufactureCountry />
      <ManufactureItemDescription />
      <UnitQty>יח`</UnitQty>
      <Quantity>500</Quantity>
      <UnitMeasure>מ"ל</UnitMeasure>
      <BisWeighted>0</BisWeighted>
      <QtyInPackage>1</QtyInPackage>
      <ItemPrice>7.90</ItemPrice>
      <UnitOfMeasurePrice>1.34</UnitOfMeasurePrice>
      <AllowDiscount>1</AllowDiscount>
      <itemStatus>1</itemStatus>
      <LastUpdateDate />
      <LastUpdateTime />
    </Product>
    <Product>
      <PriceUpdateDate>2019/02/17 08:23</PriceUpdateDate>
      <ItemCode>7290005896972</ItemCode>
      <ItemType>1</ItemType>
      <ItemName>פפסי מקס 1.5 ליטר שישיה</ItemName>
      <ManufactureName>טמפו משקאות בעמ</ManufactureName>
      <ManufactureCountry />
      <ManufactureItemDescription />
      <UnitQty>יח`</UnitQty>
      <Quantity>9</Quantity>
      <UnitMeasure>1 ליטר</UnitMeasure>
      <BisWeighted>0</BisWeighted>
      <QtyInPackage>1</QtyInPackage>
      <ItemPrice>22.90</ItemPrice>
      <UnitOfMeasurePrice>2.54</UnitOfMeasurePrice>
      <AllowDiscount>0</AllowDiscount>
      <itemStatus>1</itemStatus>
      <LastUpdateDate />
      <LastUpdateTime />
    </Product>
    <Product>
      <PriceUpdateDate>2014/12/29 08:34</PriceUpdateDate>
      <ItemCode>7290005938245</ItemCode>
      <ItemType>1</ItemType>
      <ItemName>ממרח פסטו קלאסי 220</ItemName>
      <ManufactureName>נטו מלינדה סחר בעמ</ManufactureName>
      <ManufactureCountry />
      <ManufactureItemDescription />
      <UnitQty>יח`</UnitQty>
      <Quantity>190</Quantity>
      <UnitMeasure>גרם</UnitMeasure>
      <BisWeighted>0</BisWeighted>
      <QtyInPackage>1</QtyInPackage>
      <ItemPrice>19</ItemPrice>
      <UnitOfMeasurePrice>10</UnitOfMeasurePrice>
      <AllowDiscount>0</AllowDiscount>
      <itemStatus>1</itemStatus>
      <LastUpdateDate />
      <LastUpdateTime />
    </Product>
    <Product>
      <PriceUpdateDate>2020/05/03 16:57</PriceUpdateDate>
      <ItemCode>7290005966033</ItemCode>
      <ItemType>1</ItemType>
      <ItemName>הר חרמון לבן יקב רמת הגולן (750 מל)</ItemName>
      <ManufactureName>היכל היין שקד גולן בעמ</ManufactureName>
      <ManufactureCountry />
      <ManufactureItemDescription />
      <UnitQty>יח`</UnitQty>
      <Quantity>750</Quantity>
      <UnitMeasure>מ"ל</UnitMeasure>
      <BisWeighted>0</BisWeighted>
      <QtyInPackage>1</QtyInPackage>
      <ItemPrice>29.90</ItemPrice>
      <UnitOfMeasurePrice>3.95</UnitOfMeasurePrice>
      <AllowDiscount>0</AllowDiscount>
      <itemStatus>1</itemStatus>
      <LastUpdateDate />
      <LastUpdateTime />
    </Product>
    <Product>
      <PriceUpdateDate>2020/02/12 10:07</PriceUpdateDate>
      <ItemCode>7290005966088</ItemCode>
      <ItemType>1</ItemType>
      <ItemName>ירדן-הר חרמון אדום</ItemName>
      <ManufactureName>היכל היין שקד גולן בעמ</ManufactureName>
      <ManufactureCountry />
      <ManufactureItemDescription />
      <UnitQty>יח`</UnitQty>
      <Quantity>750</Quantity>
      <UnitMeasure>מ"ל</UnitMeasure>
      <BisWeighted>0</BisWeighted>
      <QtyInPackage>1</QtyInPackage>
      <ItemPrice>29.90</ItemPrice>
      <UnitOfMeasurePrice>3.95</UnitOfMeasurePrice>
      <AllowDiscount>0</AllowDiscount>
      <itemStatus>1</itemStatus>
      <LastUpdateDate />
      <LastUpdateTime />
    </Product>
    <Product>
      <PriceUpdateDate>2018/10/07 11:51</PriceUpdateDate>
      <ItemCode>7290005992018</ItemCode>
      <ItemType>1</ItemType>
      <ItemName>יוגורט עיזים 3% לשתיה גד (500 מל)</ItemName>
      <ManufactureName>מחלבות גד שיווק 1992 בעמ</ManufactureName>
      <ManufactureCountry />
      <ManufactureItemDescription />
      <UnitQty>יח`</UnitQty>
      <Quantity>500</Quantity>
      <UnitMeasure>מ"ל</UnitMeasure>
      <BisWeighted>0</BisWeighted>
      <QtyInPackage>1</QtyInPackage>
      <ItemPrice>13.90</ItemPrice>
      <UnitOfMeasurePrice>2.78</UnitOfMeasurePrice>
      <AllowDiscount>0</AllowDiscount>
      <itemStatus>1</itemStatus>
      <LastUpdateDate />
      <LastUpdateTime />
    </Product>
    <Product>
      <PriceUpdateDate>2018/10/07 11:51</PriceUpdateDate>
      <ItemCode>7290005992575</ItemCode>
      <ItemType>1</ItemType>
      <ItemName>גבינה בולגרית למריחה 5% גד (250 גרם)</ItemName>
      <ManufactureName>מחלבות גד שיווק 1992 בעמ</ManufactureName>
      <ManufactureCountry />
      <ManufactureItemDescription />
      <UnitQty>יח`</UnitQty>
      <Quantity>250</Quantity>
      <UnitMeasure>גרם</UnitMeasure>
      <BisWeighted>0</BisWeighted>
      <QtyInPackage>1</QtyInPackage>
      <ItemPrice>16.90</ItemPrice>
      <UnitOfMeasurePrice>6.76</UnitOfMeasurePrice>
      <AllowDiscount>0</AllowDiscount>
      <itemStatus>1</itemStatus>
      <LastUpdateDate />
      <LastUpdateTime />
    </Product>
    <Product>
      <PriceUpdateDate>2018/10/07 11:51</PriceUpdateDate>
      <ItemCode>7290005992735</ItemCode>
      <ItemType>1</ItemType>
      <ItemName>לאבנה 5% גד (250 גרם)</ItemName>
      <ManufactureName>מחלבות גד שיווק 1992 בעמ</ManufactureName>
      <ManufactureCountry />
      <ManufactureItemDescription />
      <UnitQty>יח`</UnitQty>
      <Quantity>250</Quantity>
      <UnitMeasure>גרם</UnitMeasure>
      <BisWeighted>0</BisWeighted>
      <QtyInPackage>1</QtyInPackage>
      <ItemPrice>11.90</ItemPrice>
      <UnitOfMeasurePrice>4.76</UnitOfMeasurePrice>
      <AllowDiscount>0</AllowDiscount>
      <itemStatus>1</itemStatus>
      <LastUpdateDate />
      <LastUpdateTime />
    </Product>
    <Product>
      <PriceUpdateDate>2020/02/24 09:17</PriceUpdateDate>
      <ItemCode>7290005996030</ItemCode>
      <ItemType>1</ItemType>
      <ItemName>פסטרמה הודו של פעם בתיבול שוארמה 300 גר`</ItemName>
      <ManufactureName>מעדני יחיעם (1993) בעמ</ManufactureName>
      <ManufactureCountry />
      <ManufactureItemDescription />
      <UnitQty>יח`</UnitQty>
      <Quantity>300</Quantity>
      <UnitMeasure>גרם</UnitMeasure>
      <BisWeighted>0</BisWeighted>
      <QtyInPackage>1</QtyInPackage>
      <ItemPrice>26.90</ItemPrice>
      <UnitOfMeasurePrice>8.97</UnitOfMeasurePrice>
      <AllowDiscount>0</AllowDiscount>
      <itemStatus>1</itemStatus>
      <LastUpdateDate />
      <LastUpdateTime />
    </Product>
    <Product>
      <PriceUpdateDate>2015/12/01 18:43</PriceUpdateDate>
      <ItemCode>7290006185518</ItemCode>
      <ItemType>1</ItemType>
      <ItemName>פנינה אל סבון 1 ליטר כחול</ItemName>
      <ManufactureName>פנינה רוזנבלום בעמ</ManufactureName>
      <ManufactureCountry />
      <ManufactureItemDescription />
      <UnitQty>יח`</UnitQty>
      <Quantity>1</Quantity>
      <UnitMeasure>1 ליטר</UnitMeasure>
      <BisWeighted>0</BisWeighted>
      <QtyInPackage>1</QtyInPackage>
      <ItemPrice>10.90</ItemPrice>
      <UnitOfMeasurePrice>10.90</UnitOfMeasurePrice>
      <AllowDiscount>1</AllowDiscount>
      <itemStatus>1</itemStatus>
      <LastUpdateDate />
      <LastUpdateTime />
    </Product>
    <Product>
      <PriceUpdateDate>2014/01/01 08:37</PriceUpdateDate>
      <ItemCode>7290006199027</ItemCode>
      <ItemType>1</ItemType>
      <ItemName>מאגדת מצופה דיאט שמינייה</ItemName>
      <ManufactureName>פלקו בעמ</ManufactureName>
      <ManufactureCountry />
      <ManufactureItemDescription />
      <UnitQty>יח`</UnitQty>
      <Quantity>640</Quantity>
      <UnitMeasure>גרם</UnitMeasure>
      <BisWeighted>0</BisWeighted>
      <QtyInPackage>1</QtyInPackage>
      <ItemPrice>27</ItemPrice>
      <UnitOfMeasurePrice>4.22</UnitOfMeasurePrice>
      <AllowDiscount>0</AllowDiscount>
      <itemStatus>1</itemStatus>
      <LastUpdateDate />
      <LastUpdateTime />
    </Product>
    <Product>
      <PriceUpdateDate>2014/01/01 08:37</PriceUpdateDate>
      <ItemCode>7290006199218</ItemCode>
      <ItemType>1</ItemType>
      <ItemName>מאגדת מצופה דיאט שמינייה</ItemName>
      <ManufactureName>פלקו בעמ</ManufactureName>
      <ManufactureCountry />
      <ManufactureItemDescription />
      <UnitQty>יח`</UnitQty>
      <Quantity>640</Quantity>
      <UnitMeasure>גרם</UnitMeasure>
      <BisWeighted>0</BisWeighted>
      <QtyInPackage>1</QtyInPackage>
      <ItemPrice>27</ItemPrice>
      <UnitOfMeasurePrice>4.22</UnitOfMeasurePrice>
      <AllowDiscount>0</AllowDiscount>
      <itemStatus>1</itemStatus>
      <LastUpdateDate />
      <LastUpdateTime />
    </Product>
    <Product>
      <PriceUpdateDate>2014/01/01 08:37</PriceUpdateDate>
      <ItemCode>7290006199942</ItemCode>
      <ItemType>1</ItemType>
      <ItemName>מאגדת קרחונים דיאט שמינייה</ItemName>
      <ManufactureName>פלקו בעמ</ManufactureName>
      <ManufactureCountry />
      <ManufactureItemDescription />
      <UnitQty>יח`</UnitQty>
      <Quantity>640</Quantity>
      <UnitMeasure>גרם</UnitMeasure>
      <BisWeighted>0</BisWeighted>
      <QtyInPackage>1</QtyInPackage>
      <ItemPrice>22</ItemPrice>
      <UnitOfMeasurePrice>3.44</UnitOfMeasurePrice>
      <AllowDiscount>0</AllowDiscount>
      <itemStatus>1</itemStatus>
      <LastUpdateDate />
      <LastUpdateTime />
    </Product>
    <Product>
      <PriceUpdateDate>2016/01/24 12:05</PriceUpdateDate>
      <ItemCode>7290006229069</ItemCode>
      <ItemType>1</ItemType>
      <ItemName>משקה קל ענבים ג`אמפ (1.5 ליטר)</ItemName>
      <ManufactureName>טמפו משקאות בעמ</ManufactureName>
      <ManufactureCountry />
      <ManufactureItemDescription />
      <UnitQty>יח`</UnitQty>
      <Quantity>1500</Quantity>
      <UnitMeasure>מ"ל</UnitMeasure>
      <BisWeighted>0</BisWeighted>
      <QtyInPackage>1</QtyInPackage>
      <ItemPrice>5.50</ItemPrice>
      <UnitOfMeasurePrice>0.37</UnitOfMeasurePrice>
      <AllowDiscount>1</AllowDiscount>
      <itemStatus>1</itemStatus>
      <LastUpdateDate />
      <LastUpdateTime />
    </Product>
    <Product>
      <PriceUpdateDate>2018/11/28 08:09</PriceUpdateDate>
      <ItemCode>7290006229076</ItemCode>
      <ItemType>1</ItemType>
      <ItemName>משקה קל אפרסק ג`אמפ (1.5 ליטר)</ItemName>
      <ManufactureName>טמפו משקאות בעמ</ManufactureName>
      <ManufactureCountry />
      <ManufactureItemDescription />
      <UnitQty>יח`</UnitQty>
      <Quantity>1500</Quantity>
      <UnitMeasure>מ"ל</UnitMeasure>
      <BisWeighted>0</BisWeighted>
      <QtyInPackage>1</QtyInPackage>
      <ItemPrice>5.50</ItemPrice>
      <UnitOfMeasurePrice>0.37</UnitOfMeasurePrice>
      <AllowDiscount>1</AllowDiscount>
      <itemStatus>1</itemStatus>
      <LastUpdateDate />
      <LastUpdateTime />
    </Product>
    <Product>
      <PriceUpdateDate>2015/04/14 12:14</PriceUpdateDate>
      <ItemCode>7290006241153</ItemCode>
      <ItemType>1</ItemType>
      <ItemName>אגוזי פקאן סיניים קליית גת (150 גרם)</ItemName>
      <ManufactureName>ליימן שליסל בעמ</ManufactureName>
      <ManufactureCountry />
      <ManufactureItemDescription />
      <UnitQty>יח`</UnitQty>
      <Quantity>150</Quantity>
      <UnitMeasure>גרם</UnitMeasure>
      <BisWeighted>0</BisWeighted>
      <QtyInPackage>1</QtyInPackage>
      <ItemPrice>21.90</ItemPrice>
      <UnitOfMeasurePrice>14.60</UnitOfMeasurePrice>
      <AllowDiscount>0</AllowDiscount>
      <itemStatus>1</itemStatus>
      <LastUpdateDate />
      <LastUpdateTime />
    </Product>
    <Product>
      <PriceUpdateDate>2018/12/03 08:06</PriceUpdateDate>
      <ItemCode>7290006241504</ItemCode>
      <ItemType>1</ItemType>
      <ItemName>מיץ תפוזים מרוכז קפוא פריגת (345 גרם)</ItemName>
      <ManufactureName>החב` המרכזית - טרה</ManufactureName>
      <ManufactureCountry />
      <ManufactureItemDescription />
      <UnitQty>יח`</UnitQty>
      <Quantity>340</Quantity>
      <UnitMeasure>גרם</UnitMeasure>
      <BisWeighted>0</BisWeighted>
      <QtyInPackage>1</QtyInPackage>
      <ItemPrice>11.90</ItemPrice>
      <UnitOfMeasurePrice>3.50</UnitOfMeasurePrice>
      <AllowDiscount>0</AllowDiscount>
      <itemStatus>1</itemStatus>
      <LastUpdateDate />
      <LastUpdateTime />
    </Product>
    <Product>
      <PriceUpdateDate>2018/12/03 08:06</PriceUpdateDate>
      <ItemCode>7290006241511</ItemCode>
      <ItemType>1</ItemType>
      <ItemName>פריגת קפוא לימונענע</ItemName>
      <ManufactureName>החב` המרכזית - טרה</ManufactureName>
      <ManufactureCountry />
      <ManufactureItemDescription />
      <UnitQty>יח`</UnitQty>
      <Quantity>340</Quantity>
      <UnitMeasure>גרם</UnitMeasure>
      <BisWeighted>0</BisWeighted>
      <QtyInPackage>1</QtyInPackage>
      <ItemPrice>11.90</ItemPrice>
      <UnitOfMeasurePrice>3.50</UnitOfMeasurePrice>
      <AllowDiscount>0</AllowDiscount>
      <itemStatus>1</itemStatus>
      <LastUpdateDate />
      <LastUpdateTime />
    </Product>
    <Product>
      <PriceUpdateDate>2019/01/30 09:00</PriceUpdateDate>
      <ItemCode>7290006251275</ItemCode>
      <ItemType>1</ItemType>
      <ItemName>תה ירוק סיני ויסוצקי (25)</ItemName>
      <ManufactureName>תה ויסוצקי (ישראל) בעמ</ManufactureName>
      <ManufactureCountry />
      <ManufactureItemDescription />
      <UnitQty>יח`</UnitQty>
      <Quantity>37.50</Quantity>
      <UnitMeasure>גרם</UnitMeasure>
      <BisWeighted>0</BisWeighted>
      <QtyInPackage>1</QtyInPackage>
      <ItemPrice>24.90</ItemPrice>
      <UnitOfMeasurePrice>66.40</UnitOfMeasurePrice>
      <AllowDiscount>0</AllowDiscount>
      <itemStatus>1</itemStatus>
      <LastUpdateDate />
      <LastUpdateTime />
    </Product>
    <Product>
      <PriceUpdateDate>2019/01/30 09:00</PriceUpdateDate>
      <ItemCode>7290006251374</ItemCode>
      <ItemType>1</ItemType>
      <ItemName>תה ירוק לימונית וג`ינג`ר ויסוצקי) (25</ItemName>
      <ManufactureName>תה ויסוצקי (ישראל) בעמ</ManufactureName>
      <ManufactureCountry />
      <ManufactureItemDescription />
      <UnitQty>יח`</UnitQty>
      <Quantity>25</Quantity>
      <UnitMeasure>גרם</UnitMeasure>
      <BisWeighted>0</BisWeighted>
      <QtyInPackage>1</QtyInPackage>
      <ItemPrice>24.90</ItemPrice>
      <UnitOfMeasurePrice>99.60</UnitOfMeasurePrice>
      <AllowDiscount>0</AllowDiscount>
      <itemStatus>1</itemStatus>
      <LastUpdateDate />
      <LastUpdateTime />
    </Product>
    <Product>
      <PriceUpdateDate>2019/10/23 09:01</PriceUpdateDate>
      <ItemCode>7290006251589</ItemCode>
      <ItemType>1</ItemType>
      <ItemName>תה ירוק נענע ויסוצקי (50)</ItemName>
      <ManufactureName>תה ויסוצקי (ישראל) בעמ</ManufactureName>
      <ManufactureCountry />
      <ManufactureItemDescription />
      <UnitQty>יח`</UnitQty>
      <Quantity>75</Quantity>
      <UnitMeasure>גרם</UnitMeasure>
      <BisWeighted>0</BisWeighted>
      <QtyInPackage>1</QtyInPackage>
      <ItemPrice>44.90</ItemPrice>
      <UnitOfMeasurePrice>59.87</UnitOfMeasurePrice>
      <AllowDiscount>0</AllowDiscount>
      <itemStatus>1</itemStatus>
      <LastUpdateDate />
      <LastUpdateTime />
    </Product>
    <Product>
      <PriceUpdateDate>2015/05/27 18:21</PriceUpdateDate>
      <ItemCode>7290006271174</ItemCode>
      <ItemType>1</ItemType>
      <ItemName>מעדנות-ג חנון בצק</ItemName>
      <ManufactureName>תנובה קפואים</ManufactureName>
      <ManufactureCountry />
      <ManufactureItemDescription />
      <UnitQty>יח`</UnitQty>
      <Quantity>700</Quantity>
      <UnitMeasure>גרם</UnitMeasure>
      <BisWeighted>0</BisWeighted>
      <QtyInPackage>1</QtyInPackage>
      <ItemPrice>18.90</ItemPrice>
      <UnitOfMeasurePrice>2.70</UnitOfMeasurePrice>
      <AllowDiscount>0</AllowDiscount>
      <itemStatus>1</itemStatus>
      <LastUpdateDate />
      <LastUpdateTime />
    </Product>
    <Product>
      <PriceUpdateDate>2015/04/12 14:48</PriceUpdateDate>
      <ItemCode>7290006271181</ItemCode>
      <ItemType>1</ItemType>
      <ItemName>ג`חנון אפוי מעדנות (5 יח` - 750 גרם)</ItemName>
      <ManufactureName>תנובה קפואים</ManufactureName>
      <ManufactureCountry />
      <ManufactureItemDescription />
      <UnitQty>יח`</UnitQty>
      <Quantity>750</Quantity>
      <UnitMeasure>גרם</UnitMeasure>
      <BisWeighted>0</BisWeighted>
      <QtyInPackage>1</QtyInPackage>
      <ItemPrice>24.90</ItemPrice>
      <UnitOfMeasurePrice>3.32</UnitOfMeasurePrice>
      <AllowDiscount>0</AllowDiscount>
      <itemStatus>1</itemStatus>
      <LastUpdateDate />
      <LastUpdateTime />
    </Product>
    <Product>
      <PriceUpdateDate>2015/05/27 18:21</PriceUpdateDate>
      <ItemCode>7290006271648</ItemCode>
      <ItemType>1</ItemType>
      <ItemName>מיני בורקס תפוח אדמה מעדנות (800 גרם)</ItemName>
      <ManufactureName>תנובה קפואים</ManufactureName>
      <ManufactureCountry />
      <ManufactureItemDescription />
      <UnitQty>יח`</UnitQty>
      <Quantity>650</Quantity>
      <UnitMeasure>גרם</UnitMeasure>
      <BisWeighted>0</BisWeighted>
      <QtyInPackage>1</QtyInPackage>
      <ItemPrice>24</ItemPrice>
      <UnitOfMeasurePrice>3.69</UnitOfMeasurePrice>
      <AllowDiscount>0</AllowDiscount>
      <itemStatus>1</itemStatus>
      <LastUpdateDate />
      <LastUpdateTime />
    </Product>
    <Product>
      <PriceUpdateDate>2015/05/27 18:21</PriceUpdateDate>
      <ItemCode>7290006271655</ItemCode>
      <ItemType>1</ItemType>
      <ItemName>מיני בורקס במילוי גבינה מעדנות (800 גרם)</ItemName>
      <ManufactureName>תנובה קפואים</ManufactureName>
      <ManufactureCountry />
      <ManufactureItemDescription />
      <UnitQty>יח`</UnitQty>
      <Quantity>800</Quantity>
      <UnitMeasure>גרם</UnitMeasure>
      <BisWeighted>0</BisWeighted>
      <QtyInPackage>1</QtyInPackage>
      <ItemPrice>25.90</ItemPrice>
      <UnitOfMeasurePrice>3.24</UnitOfMeasurePrice>
      <AllowDiscount>0</AllowDiscount>
      <itemStatus>1</itemStatus>
      <LastUpdateDate />
      <LastUpdateTime />
    </Product>
    <Product>
      <PriceUpdateDate>2014/10/29 10:47</PriceUpdateDate>
      <ItemCode>7290006271761</ItemCode>
      <ItemType>1</ItemType>
      <ItemName>מיני ג`חנון אפוי 600 גר` מעדנות</ItemName>
      <ManufactureName>תנובה קפואים</ManufactureName>
      <ManufactureCountry />
      <ManufactureItemDescription />
      <UnitQty>יח`</UnitQty>
      <Quantity>600</Quantity>
      <UnitMeasure>גרם</UnitMeasure>
      <BisWeighted>0</BisWeighted>
      <QtyInPackage>1</QtyInPackage>
      <ItemPrice>22.90</ItemPrice>
      <UnitOfMeasurePrice>3.82</UnitOfMeasurePrice>
      <AllowDiscount>0</AllowDiscount>
      <itemStatus>1</itemStatus>
      <LastUpdateDate />
      <LastUpdateTime />
    </Product>
    <Product>
      <PriceUpdateDate>2015/05/27 18:21</PriceUpdateDate>
      <ItemCode>7290006272072</ItemCode>
      <ItemType>1</ItemType>
      <ItemName>מעדנות חטיפי פיצה</ItemName>
      <ManufactureName>תנובה קפואים</ManufactureName>
      <ManufactureCountry />
      <ManufactureItemDescription />
      <UnitQty>יח`</UnitQty>
      <Quantity>650</Quantity>
      <UnitMeasure>גרם</UnitMeasure>
      <BisWeighted>0</BisWeighted>
      <QtyInPackage>1</QtyInPackage>
      <ItemPrice>33</ItemPrice>
      <UnitOfMeasurePrice>5.08</UnitOfMeasurePrice>
      <AllowDiscount>0</AllowDiscount>
      <itemStatus>1</itemStatus>
      <LastUpdateDate />
      <LastUpdateTime />
    </Product>
    <Product>
      <PriceUpdateDate>2014/10/29 10:47</PriceUpdateDate>
      <ItemCode>7290006272430</ItemCode>
      <ItemType>1</ItemType>
      <ItemName>בצק עלים חמאה חלבי מעדנות (600 גרם)</ItemName>
      <ManufactureName>תנובה קפואים</ManufactureName>
      <ManufactureCountry />
      <ManufactureItemDescription />
      <UnitQty>יח`</UnitQty>
      <Quantity>600</Quantity>
      <UnitMeasure>גרם</UnitMeasure>
      <BisWeighted>0</BisWeighted>
      <QtyInPackage>1</QtyInPackage>
      <ItemPrice>29</ItemPrice>
      <UnitOfMeasurePrice>4.83</UnitOfMeasurePrice>
      <AllowDiscount>0</AllowDiscount>
      <itemStatus>1</itemStatus>
      <LastUpdateDate />
      <LastUpdateTime />
    </Product>
    <Product>
      <PriceUpdateDate>2015/04/30 11:26</PriceUpdateDate>
      <ItemCode>7290006273239</ItemCode>
      <ItemType>1</ItemType>
      <ItemName>עוגת שמרים שוקולד לחמי (380 גרם)</ItemName>
      <ManufactureName>תה ויסוצקי (ישראל) בעמ</ManufactureName>
      <ManufactureCountry />
      <ManufactureItemDescription />
      <UnitQty>יח`</UnitQty>
      <Quantity>450</Quantity>
      <UnitMeasure>גרם</UnitMeasure>
      <BisWeighted>0</BisWeighted>
      <QtyInPackage>1</QtyInPackage>
      <ItemPrice>17.90</ItemPrice>
      <UnitOfMeasurePrice>3.98</UnitOfMeasurePrice>
      <AllowDiscount>0</AllowDiscount>
      <itemStatus>1</itemStatus>
      <LastUpdateDate />
      <LastUpdateTime />
    </Product>
    <Product>
      <PriceUpdateDate>2015/04/30 11:26</PriceUpdateDate>
      <ItemCode>7290006273284</ItemCode>
      <ItemType>1</ItemType>
      <ItemName>עוגת שמרים בטעם אספרסו 380 גר`</ItemName>
      <ManufactureName>תה ויסוצקי (ישראל) בעמ</ManufactureName>
      <ManufactureCountry />
      <ManufactureItemDescription />
      <UnitQty>יח`</UnitQty>
      <Quantity>380</Quantity>
      <UnitMeasure>גרם</UnitMeasure>
      <BisWeighted>0</BisWeighted>
      <QtyInPackage>1</QtyInPackage>
      <ItemPrice>17.90</ItemPrice>
      <UnitOfMeasurePrice>4.71</UnitOfMeasurePrice>
      <AllowDiscount>0</AllowDiscount>
      <itemStatus>1</itemStatus>
      <LastUpdateDate />
      <LastUpdateTime />
    </Product>
    <Product>
      <PriceUpdateDate>2015/10/14 09:33</PriceUpdateDate>
      <ItemCode>7290006306296</ItemCode>
      <ItemType>1</ItemType>
      <ItemName>רביולי גבינה לילדים פסטה נונה (400 גרם)</ItemName>
      <ManufactureName>מחלבות גד שיווק 1992 בעמ</ManufactureName>
      <ManufactureCountry />
      <ManufactureItemDescription />
      <UnitQty>יח`</UnitQty>
      <Quantity>400</Quantity>
      <UnitMeasure>גרם</UnitMeasure>
      <BisWeighted>0</BisWeighted>
      <QtyInPackage>1</QtyInPackage>
      <ItemPrice>23.90</ItemPrice>
      <UnitOfMeasurePrice>5.98</UnitOfMeasurePrice>
      <AllowDiscount>0</AllowDiscount>
      <itemStatus>1</itemStatus>
      <LastUpdateDate />
      <LastUpdateTime />
    </Product>
    <Product>
      <PriceUpdateDate>2015/10/14 09:33</PriceUpdateDate>
      <ItemCode>7290006306302</ItemCode>
      <ItemType>1</ItemType>
      <ItemName>רביולי פרמזן ריקוטה פסטה נונה (400 גרם)</ItemName>
      <ManufactureName>מחלבות גד שיווק 1992 בעמ</ManufactureName>
      <ManufactureCountry />
      <ManufactureItemDescription />
      <UnitQty>יח`</UnitQty>
      <Quantity>400</Quantity>
      <UnitMeasure>גרם</UnitMeasure>
      <BisWeighted>0</BisWeighted>
      <QtyInPackage>1</QtyInPackage>
      <ItemPrice>23.90</ItemPrice>
      <UnitOfMeasurePrice>5.98</UnitOfMeasurePrice>
      <AllowDiscount>0</AllowDiscount>
      <itemStatus>1</itemStatus>
      <LastUpdateDate />
      <LastUpdateTime />
    </Product>
    <Product>
      <PriceUpdateDate>2015/10/14 09:33</PriceUpdateDate>
      <ItemCode>7290006306319</ItemCode>
      <ItemType>1</ItemType>
      <ItemName>רביולי בטטה פסטה נונה (400 גרם)</ItemName>
      <ManufactureName>מחלבות גד שיווק 1992 בעמ</ManufactureName>
      <ManufactureCountry />
      <ManufactureItemDescription />
      <UnitQty>יח`</UnitQty>
      <Quantity>400</Quantity>
      <UnitMeasure>גרם</UnitMeasure>
      <BisWeighted>0</BisWeighted>
      <QtyInPackage>1</QtyInPackage>
      <ItemPrice>23.90</ItemPrice>
      <UnitOfMeasurePrice>5.98</UnitOfMeasurePrice>
      <AllowDiscount>0</AllowDiscount>
      <itemStatus>1</itemStatus>
      <LastUpdateDate />
      <LastUpdateTime />
    </Product>
    <Product>
      <PriceUpdateDate>2015/10/14 09:33</PriceUpdateDate>
      <ItemCode>7290006306326</ItemCode>
      <ItemType>1</ItemType>
      <ItemName>רביולי פטריות ופרמזן פסטה נונה (400 גרם)</ItemName>
      <ManufactureName>מחלבות גד שיווק 1992 בעמ</ManufactureName>
      <ManufactureCountry />
      <ManufactureItemDescription />
      <UnitQty>יח`</UnitQty>
      <Quantity>400</Quantity>
      <UnitMeasure>גרם</UnitMeasure>
      <BisWeighted>0</BisWeighted>
      <QtyInPackage>1</QtyInPackage>
      <ItemPrice>23.90</ItemPrice>
      <UnitOfMeasurePrice>5.98</UnitOfMeasurePrice>
      <AllowDiscount>0</AllowDiscount>
      <itemStatus>1</itemStatus>
      <LastUpdateDate />
      <LastUpdateTime />
    </Product>
    <Product>
      <PriceUpdateDate>2019/08/07 10:33</PriceUpdateDate>
      <ItemCode>7290006342072</ItemCode>
      <ItemType>1</ItemType>
      <ItemName>גרעין לבן 200  גר`ששון הקולה</ItemName>
      <ManufactureName>דין שיווק וקליה בעמ</ManufactureName>
      <ManufactureCountry />
      <ManufactureItemDescription />
      <UnitQty>יח`</UnitQty>
      <Quantity>200</Quantity>
      <UnitMeasure>גרם</UnitMeasure>
      <BisWeighted>0</BisWeighted>
      <QtyInPackage>1</QtyInPackage>
      <ItemPrice>8.90</ItemPrice>
      <UnitOfMeasurePrice>4.45</UnitOfMeasurePrice>
      <AllowDiscount>0</AllowDiscount>
      <itemStatus>1</itemStatus>
      <LastUpdateDate />
      <LastUpdateTime />
    </Product>
    <Product>
      <PriceUpdateDate>2019/08/07 10:33</PriceUpdateDate>
      <ItemCode>7290006342447</ItemCode>
      <ItemType>1</ItemType>
      <ItemName>גרעין אבטיח 200 גרם ששון הקולה</ItemName>
      <ManufactureName>דין שיווק וקליה בעמ</ManufactureName>
      <ManufactureCountry />
      <ManufactureItemDescription />
      <UnitQty>יח`</UnitQty>
      <Quantity>200</Quantity>
      <UnitMeasure>גרם</UnitMeasure>
      <BisWeighted>0</BisWeighted>
      <QtyInPackage>1</QtyInPackage>
      <ItemPrice>12.90</ItemPrice>
      <UnitOfMeasurePrice>6.45</UnitOfMeasurePrice>
      <AllowDiscount>0</AllowDiscount>
      <itemStatus>1</itemStatus>
      <LastUpdateDate />
      <LastUpdateTime />
    </Product>
    <Product>
      <PriceUpdateDate>2018/05/29 12:36</PriceUpdateDate>
      <ItemCode>7290006374738</ItemCode>
      <ItemType>1</ItemType>
      <ItemName>קונפיטורת תות יד מרדכי 340 גר`</ItemName>
      <ManufactureName>שטראוס גרופ בעמ</ManufactureName>
      <ManufactureCountry />
      <ManufactureItemDescription />
      <UnitQty>יח`</UnitQty>
      <Quantity>340</Quantity>
      <UnitMeasure>גרם</UnitMeasure>
      <BisWeighted>0</BisWeighted>
      <QtyInPackage>1</QtyInPackage>
      <ItemPrice>14.90</ItemPrice>
      <UnitOfMeasurePrice>4.38</UnitOfMeasurePrice>
      <AllowDiscount>1</AllowDiscount>
      <itemStatus>1</itemStatus>
      <LastUpdateDate />
      <LastUpdateTime />
    </Product>
    <Product>
      <PriceUpdateDate>2017/11/28 09:54</PriceUpdateDate>
      <ItemCode>7290006434340</ItemCode>
      <ItemType>1</ItemType>
      <ItemName>קרפלך תפוא 800 גר</ItemName>
      <ManufactureName>מעדני טעם טוב</ManufactureName>
      <ManufactureCountry />
      <ManufactureItemDescription />
      <UnitQty>יח`</UnitQty>
      <Quantity>800</Quantity>
      <UnitMeasure>גרם</UnitMeasure>
      <BisWeighted>0</BisWeighted>
      <QtyInPackage>1</QtyInPackage>
      <ItemPrice>18.90</ItemPrice>
      <UnitOfMeasurePrice>2.36</UnitOfMeasurePrice>
      <AllowDiscount>0</AllowDiscount>
      <itemStatus>1</itemStatus>
      <LastUpdateDate />
      <LastUpdateTime />
    </Product>
    <Product>
      <PriceUpdateDate>2017/11/28 09:54</PriceUpdateDate>
      <ItemCode>7290006434449</ItemCode>
      <ItemType>1</ItemType>
      <ItemName>כיסוני בשר  סיבירים</ItemName>
      <ManufactureName>מעדני טעם טוב</ManufactureName>
      <ManufactureCountry />
      <ManufactureItemDescription />
      <UnitQty>יח`</UnitQty>
      <Quantity>1</Quantity>
      <UnitMeasure />
      <BisWeighted>0</BisWeighted>
      <QtyInPackage>1</QtyInPackage>
      <ItemPrice>18.90</ItemPrice>
      <UnitOfMeasurePrice>18.90</UnitOfMeasurePrice>
      <AllowDiscount>0</AllowDiscount>
      <itemStatus>1</itemStatus>
      <LastUpdateDate />
      <LastUpdateTime />
    </Product>
    <Product>
      <PriceUpdateDate>2017/11/28 09:54</PriceUpdateDate>
      <ItemCode>7290006434456</ItemCode>
      <ItemType>1</ItemType>
      <ItemName>כיסוני בשר רוסים</ItemName>
      <ManufactureName>מעדני טעם טוב</ManufactureName>
      <ManufactureCountry />
      <ManufactureItemDescription />
      <UnitQty>יח`</UnitQty>
      <Quantity>700</Quantity>
      <UnitMeasure>גרם</UnitMeasure>
      <BisWeighted>0</BisWeighted>
      <QtyInPackage>1</QtyInPackage>
      <ItemPrice>18.90</ItemPrice>
      <UnitOfMeasurePrice>2.70</UnitOfMeasurePrice>
      <AllowDiscount>0</AllowDiscount>
      <itemStatus>1</itemStatus>
      <LastUpdateDate />
      <LastUpdateTime />
    </Product>
    <Product>
      <PriceUpdateDate>2017/11/28 09:54</PriceUpdateDate>
      <ItemCode>7290006434470</ItemCode>
      <ItemType>1</ItemType>
      <ItemName>כיסוני בשר  מלוטקה</ItemName>
      <ManufactureName>מעדני טעם טוב</ManufactureName>
      <ManufactureCountry />
      <ManufactureItemDescription />
      <UnitQty>יח`</UnitQty>
      <Quantity>700</Quantity>
      <UnitMeasure>גרם</UnitMeasure>
      <BisWeighted>0</BisWeighted>
      <QtyInPackage>1</QtyInPackage>
      <ItemPrice>18.90</ItemPrice>
      <UnitOfMeasurePrice>2.70</UnitOfMeasurePrice>
      <AllowDiscount>0</AllowDiscount>
      <itemStatus>1</itemStatus>
      <LastUpdateDate />
      <LastUpdateTime />
    </Product>
    <Product>
      <PriceUpdateDate>2018/10/25 06:57</PriceUpdateDate>
      <ItemCode>7290006439451</ItemCode>
      <ItemType>1</ItemType>
      <ItemName>אורז בסמטי 5 קג` גולד שוקחה</ItemName>
      <ManufactureName>בני ג`ורג` שוקחה (חיפה) בעמ</ManufactureName>
      <ManufactureCountry />
      <ManufactureItemDescription />
      <UnitQty>יח`</UnitQty>
      <Quantity>5</Quantity>
      <UnitMeasure>גרם</UnitMeasure>
      <BisWeighted>0</BisWeighted>
      <QtyInPackage>1</QtyInPackage>
      <ItemPrice>39.90</ItemPrice>
      <UnitOfMeasurePrice>798</UnitOfMeasurePrice>
      <AllowDiscount>0</AllowDiscount>
      <itemStatus>1</itemStatus>
      <LastUpdateDate />
      <LastUpdateTime />
    </Product>
    <Product>
      <PriceUpdateDate>2018/11/01 09:10</PriceUpdateDate>
      <ItemCode>7290006439468</ItemCode>
      <ItemType>1</ItemType>
      <ItemName>עדשים אדומות 1 קג שוקחה</ItemName>
      <ManufactureName>בני ג`ורג` שוקחה (חיפה) בעמ</ManufactureName>
      <ManufactureCountry />
      <ManufactureItemDescription />
      <UnitQty>יח`</UnitQty>
      <Quantity>1000</Quantity>
      <UnitMeasure>גרם</UnitMeasure>
      <BisWeighted>0</BisWeighted>
      <QtyInPackage>1</QtyInPackage>
      <ItemPrice>10.90</ItemPrice>
      <UnitOfMeasurePrice>1.09</UnitOfMeasurePrice>
      <AllowDiscount>0</AllowDiscount>
      <itemStatus>1</itemStatus>
      <LastUpdateDate />
      <LastUpdateTime />
    </Product>
    <Product>
      <PriceUpdateDate>2018/11/01 09:10</PriceUpdateDate>
      <ItemCode>7290006439475</ItemCode>
      <ItemType>1</ItemType>
      <ItemName>עדשים ירוקים 1 קג שוקחה</ItemName>
      <ManufactureName>בני ג`ורג` שוקחה (חיפה) בעמ</ManufactureName>
      <ManufactureCountry />
      <ManufactureItemDescription />
      <UnitQty>יח`</UnitQty>
      <Quantity>1000</Quantity>
      <UnitMeasure>גרם</UnitMeasure>
      <BisWeighted>0</BisWeighted>
      <QtyInPackage>1</QtyInPackage>
      <ItemPrice>10.90</ItemPrice>
      <UnitOfMeasurePrice>1.09</UnitOfMeasurePrice>
      <AllowDiscount>0</AllowDiscount>
      <itemStatus>1</itemStatus>
      <LastUpdateDate />
      <LastUpdateTime />
    </Product>
    <Product>
      <PriceUpdateDate>2018/11/01 09:10</PriceUpdateDate>
      <ItemCode>7290006439512</ItemCode>
      <ItemType>1</ItemType>
      <ItemName>פול גדול 750 גר` שוקחה</ItemName>
      <ManufactureName>בני ג`ורג` שוקחה (חיפה) בעמ</ManufactureName>
      <ManufactureCountry />
      <ManufactureItemDescription />
      <UnitQty>יח`</UnitQty>
      <Quantity>750</Quantity>
      <UnitMeasure>גרם</UnitMeasure>
      <BisWeighted>0</BisWeighted>
      <QtyInPackage>1</QtyInPackage>
      <ItemPrice>12.90</ItemPrice>
      <UnitOfMeasurePrice>1.72</UnitOfMeasurePrice>
      <AllowDiscount>0</AllowDiscount>
      <itemStatus>1</itemStatus>
      <LastUpdateDate />
      <LastUpdateTime />
    </Product>
    <Product>
      <PriceUpdateDate>2018/11/01 09:10</PriceUpdateDate>
      <ItemCode>7290006439536</ItemCode>
      <ItemType>1</ItemType>
      <ItemName>חומוס 1 קג` שוקחה</ItemName>
      <ManufactureName>בני ג`ורג` שוקחה (חיפה) בעמ</ManufactureName>
      <ManufactureCountry />
      <ManufactureItemDescription />
      <UnitQty>יח`</UnitQty>
      <Quantity>1000</Quantity>
      <UnitMeasure>גרם</UnitMeasure>
      <BisWeighted>0</BisWeighted>
      <QtyInPackage>1</QtyInPackage>
      <ItemPrice>13.90</ItemPrice>
      <UnitOfMeasurePrice>1.39</UnitOfMeasurePrice>
      <AllowDiscount>0</AllowDiscount>
      <itemStatus>1</itemStatus>
      <LastUpdateDate />
      <LastUpdateTime />
    </Product>
    <Product>
      <PriceUpdateDate>2018/07/18 06:30</PriceUpdateDate>
      <ItemCode>7290006439543</ItemCode>
      <ItemType>1</ItemType>
      <ItemName>בורגול עבה 1 קג` שוקחה</ItemName>
      <ManufactureName>בני ג`ורג` שוקחה (חיפה) בעמ</ManufactureName>
      <ManufactureCountry />
      <ManufactureItemDescription />
      <UnitQty>יח`</UnitQty>
      <Quantity>1000</Quantity>
      <UnitMeasure>גרם</UnitMeasure>
      <BisWeighted>0</BisWeighted>
      <QtyInPackage>1</QtyInPackage>
      <ItemPrice>5.90</ItemPrice>
      <UnitOfMeasurePrice>0.59</UnitOfMeasurePrice>
      <AllowDiscount>0</AllowDiscount>
      <itemStatus>1</itemStatus>
      <LastUpdateDate />
      <LastUpdateTime />
    </Product>
    <Product>
      <PriceUpdateDate>2018/07/10 12:45</PriceUpdateDate>
      <ItemCode>7290006439550</ItemCode>
      <ItemType>1</ItemType>
      <ItemName>בורגול דק 1 קג` שוקחה</ItemName>
      <ManufactureName>בני ג`ורג` שוקחה (חיפה) בעמ</ManufactureName>
      <ManufactureCountry />
      <ManufactureItemDescription />
      <UnitQty>יח`</UnitQty>
      <Quantity>1000</Quantity>
      <UnitMeasure>גרם</UnitMeasure>
      <BisWeighted>0</BisWeighted>
      <QtyInPackage>1</QtyInPackage>
      <ItemPrice>5.90</ItemPrice>
      <UnitOfMeasurePrice>0.59</UnitOfMeasurePrice>
      <AllowDiscount>0</AllowDiscount>
      <itemStatus>1</itemStatus>
      <LastUpdateDate />
      <LastUpdateTime />
    </Product>
    <Product>
      <PriceUpdateDate>2018/10/25 06:57</PriceUpdateDate>
      <ItemCode>7290006439574</ItemCode>
      <ItemType>1</ItemType>
      <ItemName>בורגול גס 1 קג` שוקחה</ItemName>
      <ManufactureName>בני ג`ורג` שוקחה (חיפה) בעמ</ManufactureName>
      <ManufactureCountry />
      <ManufactureItemDescription />
      <UnitQty>יח`</UnitQty>
      <Quantity>1000</Quantity>
      <UnitMeasure>גרם</UnitMeasure>
      <BisWeighted>0</BisWeighted>
      <QtyInPackage>1</QtyInPackage>
      <ItemPrice>5.90</ItemPrice>
      <UnitOfMeasurePrice>0.59</UnitOfMeasurePrice>
      <AllowDiscount>0</AllowDiscount>
      <itemStatus>1</itemStatus>
      <LastUpdateDate />
      <LastUpdateTime />
    </Product>
    <Product>
      <PriceUpdateDate>2018/07/10 12:45</PriceUpdateDate>
      <ItemCode>7290006439697</ItemCode>
      <ItemType>1</ItemType>
      <ItemName>חיטה 1 קג` שוקחה</ItemName>
      <ManufactureName>בני ג`ורג` שוקחה (חיפה) בעמ</ManufactureName>
      <ManufactureCountry />
      <ManufactureItemDescription />
      <UnitQty>יח`</UnitQty>
      <Quantity>1000</Quantity>
      <UnitMeasure>גרם</UnitMeasure>
      <BisWeighted>0</BisWeighted>
      <QtyInPackage>1</QtyInPackage>
      <ItemPrice>5.90</ItemPrice>
      <UnitOfMeasurePrice>0.59</UnitOfMeasurePrice>
      <AllowDiscount>0</AllowDiscount>
      <itemStatus>1</itemStatus>
      <LastUpdateDate />
      <LastUpdateTime />
    </Product>
    <Product>
      <PriceUpdateDate>2018/11/01 09:10</PriceUpdateDate>
      <ItemCode>7290006439703</ItemCode>
      <ItemType>1</ItemType>
      <ItemName>אפונה חצאים 1 קג שוקחה</ItemName>
      <ManufactureName>בני ג`ורג` שוקחה (חיפה) בעמ</ManufactureName>
      <ManufactureCountry />
      <ManufactureItemDescription />
      <UnitQty>יח`</UnitQty>
      <Quantity>1000</Quantity>
      <UnitMeasure>גרם</UnitMeasure>
      <BisWeighted>0</BisWeighted>
      <QtyInPackage>1</QtyInPackage>
      <ItemPrice>8.90</ItemPrice>
      <UnitOfMeasurePrice>0.89</UnitOfMeasurePrice>
      <AllowDiscount>0</AllowDiscount>
      <itemStatus>1</itemStatus>
      <LastUpdateDate />
      <LastUpdateTime />
    </Product>
    <Product>
      <PriceUpdateDate>2018/11/01 09:10</PriceUpdateDate>
      <ItemCode>7290006439710</ItemCode>
      <ItemType>1</ItemType>
      <ItemName>שעועית אדומה 1 קג שוקחה</ItemName>
      <ManufactureName>בני ג`ורג` שוקחה (חיפה) בעמ</ManufactureName>
      <ManufactureCountry />
      <ManufactureItemDescription />
      <UnitQty>יח`</UnitQty>
      <Quantity>1000</Quantity>
      <UnitMeasure>גרם</UnitMeasure>
      <BisWeighted>0</BisWeighted>
      <QtyInPackage>1</QtyInPackage>
      <ItemPrice>15.90</ItemPrice>
      <UnitOfMeasurePrice>1.59</UnitOfMeasurePrice>
      <AllowDiscount>0</AllowDiscount>
      <itemStatus>1</itemStatus>
      <LastUpdateDate />
      <LastUpdateTime />
    </Product>
    <Product>
      <PriceUpdateDate>2015/03/03 07:49</PriceUpdateDate>
      <ItemCode>7290006492432</ItemCode>
      <ItemType>1</ItemType>
      <ItemName>גבינה מוצרלה בייבי 18% גד (150 גרם)</ItemName>
      <ManufactureName>מחלבות גד שיווק 1992 בעמ</ManufactureName>
      <ManufactureCountry />
      <ManufactureItemDescription />
      <UnitQty>יח`</UnitQty>
      <Quantity>170</Quantity>
      <UnitMeasure>גרם</UnitMeasure>
      <BisWeighted>0</BisWeighted>
      <QtyInPackage>1</QtyInPackage>
      <ItemPrice>14.90</ItemPrice>
      <UnitOfMeasurePrice>8.76</UnitOfMeasurePrice>
      <AllowDiscount>0</AllowDiscount>
      <itemStatus>1</itemStatus>
      <LastUpdateDate />
      <LastUpdateTime />
    </Product>
    <Product>
      <PriceUpdateDate>2018/10/07 11:51</PriceUpdateDate>
      <ItemCode>7290006492616</ItemCode>
      <ItemType>1</ItemType>
      <ItemName>בולגרית פרוסות 5% -250גד</ItemName>
      <ManufactureName>מחלבות גד שיווק 1992 בעמ</ManufactureName>
      <ManufactureCountry />
      <ManufactureItemDescription />
      <UnitQty>יח`</UnitQty>
      <Quantity>250</Quantity>
      <UnitMeasure>גרם</UnitMeasure>
      <BisWeighted>0</BisWeighted>
      <QtyInPackage>1</QtyInPackage>
      <ItemPrice>25.90</ItemPrice>
      <UnitOfMeasurePrice>10.36</UnitOfMeasurePrice>
      <AllowDiscount>0</AllowDiscount>
      <itemStatus>1</itemStatus>
      <LastUpdateDate />
      <LastUpdateTime />
    </Product>
    <Product>
      <PriceUpdateDate>2018/10/07 11:51</PriceUpdateDate>
      <ItemCode>7290006492630</ItemCode>
      <ItemType>1</ItemType>
      <ItemName>גבינה עיזים גדעז 20% גד (180 גרם)</ItemName>
      <ManufactureName>מחלבות גד שיווק 1992 בעמ</ManufactureName>
      <ManufactureCountry />
      <ManufactureItemDescription />
      <UnitQty>יח`</UnitQty>
      <Quantity>180</Quantity>
      <UnitMeasure>גרם</UnitMeasure>
      <BisWeighted>0</BisWeighted>
      <QtyInPackage>1</QtyInPackage>
      <ItemPrice>22.90</ItemPrice>
      <UnitOfMeasurePrice>12.72</UnitOfMeasurePrice>
      <AllowDiscount>0</AllowDiscount>
      <itemStatus>1</itemStatus>
      <LastUpdateDate />
      <LastUpdateTime />
    </Product>
    <Product>
      <PriceUpdateDate>2015/01/15 10:39</PriceUpdateDate>
      <ItemCode>7290006492685</ItemCode>
      <ItemType>1</ItemType>
      <ItemName>גבינת לאבנה עיזים 5% גד (250 גרם)</ItemName>
      <ManufactureName>מחלבות גד שיווק 1992 בעמ</ManufactureName>
      <ManufactureCountry />
      <ManufactureItemDescription />
      <UnitQty>יח`</UnitQty>
      <Quantity>250</Quantity>
      <UnitMeasure>גרם</UnitMeasure>
      <BisWeighted>0</BisWeighted>
      <QtyInPackage>1</QtyInPackage>
      <ItemPrice>16.90</ItemPrice>
      <UnitOfMeasurePrice>6.76</UnitOfMeasurePrice>
      <AllowDiscount>0</AllowDiscount>
      <itemStatus>1</itemStatus>
      <LastUpdateDate />
      <LastUpdateTime />
    </Product>
    <Product>
      <PriceUpdateDate>2018/10/07 11:51</PriceUpdateDate>
      <ItemCode>7290006492852</ItemCode>
      <ItemType>1</ItemType>
      <ItemName>גבינה לבנה עיזים 5% גד (250 גרם)</ItemName>
      <ManufactureName>מחלבות גד שיווק 1992 בעמ</ManufactureName>
      <ManufactureCountry />
      <ManufactureItemDescription />
      <UnitQty>יח`</UnitQty>
      <Quantity>250</Quantity>
      <UnitMeasure>גרם</UnitMeasure>
      <BisWeighted>0</BisWeighted>
      <QtyInPackage>1</QtyInPackage>
      <ItemPrice>16.90</ItemPrice>
      <UnitOfMeasurePrice>6.76</UnitOfMeasurePrice>
      <AllowDiscount>0</AllowDiscount>
      <itemStatus>1</itemStatus>
      <LastUpdateDate />
      <LastUpdateTime />
    </Product>
    <Product>
      <PriceUpdateDate>2014/01/01 08:37</PriceUpdateDate>
      <ItemCode>7290006498052</ItemCode>
      <ItemType>1</ItemType>
      <ItemName>דנונה מהדרין טבע</ItemName>
      <ManufactureName>שטראוס גרופ בעמ/מצונן</ManufactureName>
      <ManufactureCountry />
      <ManufactureItemDescription />
      <UnitQty>יח`</UnitQty>
      <Quantity>150</Quantity>
      <UnitMeasure>מ"ל</UnitMeasure>
      <BisWeighted>0</BisWeighted>
      <QtyInPackage>1</QtyInPackage>
      <ItemPrice>2.60</ItemPrice>
      <UnitOfMeasurePrice>1.73</UnitOfMeasurePrice>
      <AllowDiscount>0</AllowDiscount>
      <itemStatus>1</itemStatus>
      <LastUpdateDate />
      <LastUpdateTime />
    </Product>
    <Product>
      <PriceUpdateDate>2017/09/14 14:30</PriceUpdateDate>
      <ItemCode>7290006511157</ItemCode>
      <ItemType>1</ItemType>
      <ItemName>פטריות שמפניון שלמות וילי פוד (400 גרם)</ItemName>
      <ManufactureName>ג.וילי-פוד אינטרנשיונל בעמ</ManufactureName>
      <ManufactureCountry />
      <ManufactureItemDescription />
      <UnitQty>יח`</UnitQty>
      <Quantity>400</Quantity>
      <UnitMeasure>גרם</UnitMeasure>
      <BisWeighted>0</BisWeighted>
      <QtyInPackage>1</QtyInPackage>
      <ItemPrice>7.90</ItemPrice>
      <UnitOfMeasurePrice>1.98</UnitOfMeasurePrice>
      <AllowDiscount>0</AllowDiscount>
      <itemStatus>1</itemStatus>
      <LastUpdateDate />
      <LastUpdateTime />
    </Product>
    <Product>
      <PriceUpdateDate>2018/10/29 11:32</PriceUpdateDate>
      <ItemCode>7290006511751</ItemCode>
      <ItemType>1</ItemType>
      <ItemName>שלישית פטריות חתוכות</ItemName>
      <ManufactureName>ג.וילי-פוד אינטרנשיונל בעמ</ManufactureName>
      <ManufactureCountry />
      <ManufactureItemDescription />
      <UnitQty>יח`</UnitQty>
      <Quantity>870</Quantity>
      <UnitMeasure>גרם</UnitMeasure>
      <BisWeighted>0</BisWeighted>
      <QtyInPackage>1</QtyInPackage>
      <ItemPrice>9.90</ItemPrice>
      <UnitOfMeasurePrice>1.14</UnitOfMeasurePrice>
      <AllowDiscount>0</AllowDiscount>
      <itemStatus>1</itemStatus>
      <LastUpdateDate />
      <LastUpdateTime />
    </Product>
    <Product>
      <PriceUpdateDate>2020/03/09 12:02</PriceUpdateDate>
      <ItemCode>7290006546388</ItemCode>
      <ItemType>1</ItemType>
      <ItemName>תחתיות ארטישוק 400 גרם פרי גליל</ItemName>
      <ManufactureName>ויטה -פרי גליל (החדשה) בעמ</ManufactureName>
      <ManufactureCountry />
      <ManufactureItemDescription />
      <UnitQty>יח`</UnitQty>
      <Quantity>400</Quantity>
      <UnitMeasure>גרם</UnitMeasure>
      <BisWeighted>0</BisWeighted>
      <QtyInPackage>1</QtyInPackage>
      <ItemPrice>10.90</ItemPrice>
      <UnitOfMeasurePrice>2.73</UnitOfMeasurePrice>
      <AllowDiscount>0</AllowDiscount>
      <itemStatus>1</itemStatus>
      <LastUpdateDate />
      <LastUpdateTime />
    </Product>
    <Product>
      <PriceUpdateDate>2018/02/07 10:44</PriceUpdateDate>
      <ItemCode>7290006567048</ItemCode>
      <ItemType>1</ItemType>
      <ItemName>פתיתי קוסקוס ישראלי אסם (350 גרם)</ItemName>
      <ManufactureName>קבוצת אסם סחר שות. מוגבלת</ManufactureName>
      <ManufactureCountry />
      <ManufactureItemDescription />
      <UnitQty>יח`</UnitQty>
      <Quantity>350</Quantity>
      <UnitMeasure>גרם</UnitMeasure>
      <BisWeighted>0</BisWeighted>
      <QtyInPackage>1</QtyInPackage>
      <ItemPrice>8.90</ItemPrice>
      <UnitOfMeasurePrice>2.54</UnitOfMeasurePrice>
      <AllowDiscount>0</AllowDiscount>
      <itemStatus>1</itemStatus>
      <LastUpdateDate />
      <LastUpdateTime />
    </Product>
    <Product>
      <PriceUpdateDate>2015/06/07 10:57</PriceUpdateDate>
      <ItemCode>7290006582355</ItemCode>
      <ItemType>1</ItemType>
      <ItemName>סילאן שקדיה (900 גרם)</ItemName>
      <ManufactureName>דין שיווק וקליה בעמ</ManufactureName>
      <ManufactureCountry />
      <ManufactureItemDescription />
      <UnitQty>יח`</UnitQty>
      <Quantity>900</Quantity>
      <UnitMeasure>גרם</UnitMeasure>
      <BisWeighted>0</BisWeighted>
      <QtyInPackage>1</QtyInPackage>
      <ItemPrice>14.90</ItemPrice>
      <UnitOfMeasurePrice>1.66</UnitOfMeasurePrice>
      <AllowDiscount>0</AllowDiscount>
      <itemStatus>1</itemStatus>
      <LastUpdateDate />
      <LastUpdateTime />
    </Product>
    <Product>
      <PriceUpdateDate>2017/05/04 08:32</PriceUpdateDate>
      <ItemCode>7290006618078</ItemCode>
      <ItemType>1</ItemType>
      <ItemName>אסטוניש מרסס צהוב למטבח</ItemName>
      <ManufactureName>יעקב יעקבי ובניו בעמ</ManufactureName>
      <ManufactureCountry />
      <ManufactureItemDescription />
      <UnitQty>יח`</UnitQty>
      <Quantity>750</Quantity>
      <UnitMeasure>מ"ל</UnitMeasure>
      <BisWeighted>0</BisWeighted>
      <QtyInPackage>1</QtyInPackage>
      <ItemPrice>11.90</ItemPrice>
      <UnitOfMeasurePrice>1.59</UnitOfMeasurePrice>
      <AllowDiscount>0</AllowDiscount>
      <itemStatus>1</itemStatus>
      <LastUpdateDate />
      <LastUpdateTime />
    </Product>
    <Product>
      <PriceUpdateDate>2017/05/04 08:32</PriceUpdateDate>
      <ItemCode>7290006618085</ItemCode>
      <ItemType>1</ItemType>
      <ItemName>אסטוניש מרסס+אקונומיקה</ItemName>
      <ManufactureName>יעקב יעקבי ובניו בעמ</ManufactureName>
      <ManufactureCountry />
      <ManufactureItemDescription />
      <UnitQty>יח`</UnitQty>
      <Quantity>750</Quantity>
      <UnitMeasure>מ"ל</UnitMeasure>
      <BisWeighted>0</BisWeighted>
      <QtyInPackage>1</QtyInPackage>
      <ItemPrice>11.90</ItemPrice>
      <UnitOfMeasurePrice>1.59</UnitOfMeasurePrice>
      <AllowDiscount>0</AllowDiscount>
      <itemStatus>1</itemStatus>
      <LastUpdateDate />
      <LastUpdateTime />
    </Product>
    <Product>
      <PriceUpdateDate>2019/01/14 08:23</PriceUpdateDate>
      <ItemCode>7290006644510</ItemCode>
      <ItemType>1</ItemType>
      <ItemName>תפוזינה ענבים 0.5 ליטר</ItemName>
      <ManufactureName>יפאורה</ManufactureName>
      <ManufactureCountry />
      <ManufactureItemDescription />
      <UnitQty>יח`</UnitQty>
      <Quantity>500</Quantity>
      <UnitMeasure>מ"ל</UnitMeasure>
      <BisWeighted>0</BisWeighted>
      <QtyInPackage>1</QtyInPackage>
      <ItemPrice>4.50</ItemPrice>
      <UnitOfMeasurePrice>0.84</UnitOfMeasurePrice>
      <AllowDiscount>1</AllowDiscount>
      <itemStatus>1</itemStatus>
      <LastUpdateDate />
      <LastUpdateTime />
    </Product>
    <Product>
      <PriceUpdateDate>2013/10/28 11:38</PriceUpdateDate>
      <ItemCode>7290006644589</ItemCode>
      <ItemType>1</ItemType>
      <ItemName>משקה קל דיאט אשכוליות קריסטל (2 ליטר)</ItemName>
      <ManufactureName>יפאורה</ManufactureName>
      <ManufactureCountry />
      <ManufactureItemDescription />
      <UnitQty>יח`</UnitQty>
      <Quantity>2</Quantity>
      <UnitMeasure>1 ליטר</UnitMeasure>
      <BisWeighted>0</BisWeighted>
      <QtyInPackage>1</QtyInPackage>
      <ItemPrice>3.80</ItemPrice>
      <UnitOfMeasurePrice>1.90</UnitOfMeasurePrice>
      <AllowDiscount>0</AllowDiscount>
      <itemStatus>1</itemStatus>
      <LastUpdateDate />
      <LastUpdateTime />
    </Product>
    <Product>
      <PriceUpdateDate>2013/10/28 11:38</PriceUpdateDate>
      <ItemCode>7290006644596</ItemCode>
      <ItemType>1</ItemType>
      <ItemName>משקה אקזוטי קריסטל (2 ליטר)</ItemName>
      <ManufactureName>יפאורה</ManufactureName>
      <ManufactureCountry />
      <ManufactureItemDescription />
      <UnitQty>יח`</UnitQty>
      <Quantity>2</Quantity>
      <UnitMeasure>1 ליטר</UnitMeasure>
      <BisWeighted>0</BisWeighted>
      <QtyInPackage>1</QtyInPackage>
      <ItemPrice>3.80</ItemPrice>
      <UnitOfMeasurePrice>1.90</UnitOfMeasurePrice>
      <AllowDiscount>0</AllowDiscount>
      <itemStatus>1</itemStatus>
      <LastUpdateDate />
      <LastUpdateTime />
    </Product>
    <Product>
      <PriceUpdateDate>2019/01/13 11:17</PriceUpdateDate>
      <ItemCode>7290006644626</ItemCode>
      <ItemType>1</ItemType>
      <ItemName>משקה קל פירות טרופים ספרינג (1.5 ליטר)</ItemName>
      <ManufactureName>יפאורה</ManufactureName>
      <ManufactureCountry />
      <ManufactureItemDescription />
      <UnitQty>יח`</UnitQty>
      <Quantity>1500</Quantity>
      <UnitMeasure>מ"ל</UnitMeasure>
      <BisWeighted>0</BisWeighted>
      <QtyInPackage>1</QtyInPackage>
      <ItemPrice>6.40</ItemPrice>
      <UnitOfMeasurePrice>0.43</UnitOfMeasurePrice>
      <AllowDiscount>1</AllowDiscount>
      <itemStatus>1</itemStatus>
      <LastUpdateDate />
      <LastUpdateTime />
    </Product>
    <Product>
      <PriceUpdateDate>2015/11/30 14:34</PriceUpdateDate>
      <ItemCode>7290006644732</ItemCode>
      <ItemType>1</ItemType>
      <ItemName>נקטר פירות טרופיים ספרינג (1 ליטר)</ItemName>
      <ManufactureName>יפאורה</ManufactureName>
      <ManufactureCountry />
      <ManufactureItemDescription />
      <UnitQty>יח`</UnitQty>
      <Quantity>1000</Quantity>
      <UnitMeasure>מ"ל</UnitMeasure>
      <BisWeighted>0</BisWeighted>
      <QtyInPackage>1</QtyInPackage>
      <ItemPrice>5.50</ItemPrice>
      <UnitOfMeasurePrice>0.55</UnitOfMeasurePrice>
      <AllowDiscount>1</AllowDiscount>
      <itemStatus>1</itemStatus>
      <LastUpdateDate />
      <LastUpdateTime />
    </Product>
    <Product>
      <PriceUpdateDate>2013/10/28 11:38</PriceUpdateDate>
      <ItemCode>7290006644817</ItemCode>
      <ItemType>1</ItemType>
      <ItemName>מי סודה שוופס (1.5x4 ליטר)</ItemName>
      <ManufactureName>יפאורה</ManufactureName>
      <ManufactureCountry />
      <ManufactureItemDescription />
      <UnitQty>יח`</UnitQty>
      <Quantity>6</Quantity>
      <UnitMeasure>1 ליטר</UnitMeasure>
      <BisWeighted>0</BisWeighted>
      <QtyInPackage>1</QtyInPackage>
      <ItemPrice>11</ItemPrice>
      <UnitOfMeasurePrice>1.83</UnitOfMeasurePrice>
      <AllowDiscount>0</AllowDiscount>
      <itemStatus>1</itemStatus>
      <LastUpdateDate />
      <LastUpdateTime />
    </Product>
    <Product>
      <PriceUpdateDate>2015/11/30 14:34</PriceUpdateDate>
      <ItemCode>7290006644848</ItemCode>
      <ItemType>1</ItemType>
      <ItemName>נקטר דיאט תפוחים ספרינג (1 ליטר)</ItemName>
      <ManufactureName>יפאורה</ManufactureName>
      <ManufactureCountry />
      <ManufactureItemDescription />
      <UnitQty>יח`</UnitQty>
      <Quantity>1000</Quantity>
      <UnitMeasure>מ"ל</UnitMeasure>
      <BisWeighted>0</BisWeighted>
      <QtyInPackage>1</QtyInPackage>
      <ItemPrice>5.50</ItemPrice>
      <UnitOfMeasurePrice>0.55</UnitOfMeasurePrice>
      <AllowDiscount>1</AllowDiscount>
      <itemStatus>1</itemStatus>
      <LastUpdateDate />
      <LastUpdateTime />
    </Product>
    <Product>
      <PriceUpdateDate>2014/04/13 13:35</PriceUpdateDate>
      <ItemCode>7290006652027</ItemCode>
      <ItemType>1</ItemType>
      <ItemName>במבה אסם (15x20 גרם)</ItemName>
      <ManufactureName>קבוצת אסם סחר שות. מוגבלת</ManufactureName>
      <ManufactureCountry />
      <ManufactureItemDescription />
      <UnitQty>יח`</UnitQty>
      <Quantity>300</Quantity>
      <UnitMeasure>גרם</UnitMeasure>
      <BisWeighted>0</BisWeighted>
      <QtyInPackage>1</QtyInPackage>
      <ItemPrice>23.90</ItemPrice>
      <UnitOfMeasurePrice>7.97</UnitOfMeasurePrice>
      <AllowDiscount>0</AllowDiscount>
      <itemStatus>1</itemStatus>
      <LastUpdateDate />
      <LastUpdateTime />
    </Product>
    <Product>
      <PriceUpdateDate>2018/02/07 10:44</PriceUpdateDate>
      <ItemCode>7290006653819</ItemCode>
      <ItemType>1</ItemType>
      <ItemName>קוסקוס דק אסם (350 גרם)</ItemName>
      <ManufactureName>קבוצת אסם סחר שות. מוגבלת</ManufactureName>
      <ManufactureCountry />
      <ManufactureItemDescription />
      <UnitQty>יח`</UnitQty>
      <Quantity>350</Quantity>
      <UnitMeasure>גרם</UnitMeasure>
      <BisWeighted>0</BisWeighted>
      <QtyInPackage>1</QtyInPackage>
      <ItemPrice>8.90</ItemPrice>
      <UnitOfMeasurePrice>2.54</UnitOfMeasurePrice>
      <AllowDiscount>0</AllowDiscount>
      <itemStatus>1</itemStatus>
      <LastUpdateDate />
      <LastUpdateTime />
    </Product>
    <Product>
      <PriceUpdateDate>2015/04/13 10:34</PriceUpdateDate>
      <ItemCode>7290006664037</ItemCode>
      <ItemType>1</ItemType>
      <ItemName>גמדים רביעייה דגנים</ItemName>
      <ManufactureName>שטראוס גרופ בעמ/מצונן</ManufactureName>
      <ManufactureCountry />
      <ManufactureItemDescription />
      <UnitQty>יח`</UnitQty>
      <Quantity>400</Quantity>
      <UnitMeasure>מ"ל</UnitMeasure>
      <BisWeighted>0</BisWeighted>
      <QtyInPackage>1</QtyInPackage>
      <ItemPrice>11.40</ItemPrice>
      <UnitOfMeasurePrice>2.85</UnitOfMeasurePrice>
      <AllowDiscount>0</AllowDiscount>
      <itemStatus>1</itemStatus>
      <LastUpdateDate />
      <LastUpdateTime />
    </Product>
    <Product>
      <PriceUpdateDate>2019/09/03 09:09</PriceUpdateDate>
      <ItemCode>7290006664051</ItemCode>
      <ItemType>1</ItemType>
      <ItemName>אקטימל 1.8% דנונה (100x14 מל)</ItemName>
      <ManufactureName>שטראוס גרופ בעמ/מצונן</ManufactureName>
      <ManufactureCountry />
      <ManufactureItemDescription />
      <UnitQty>יח`</UnitQty>
      <Quantity>1.40</Quantity>
      <UnitMeasure>1 ליטר</UnitMeasure>
      <BisWeighted>0</BisWeighted>
      <QtyInPackage>1</QtyInPackage>
      <ItemPrice>29.90</ItemPrice>
      <UnitOfMeasurePrice>21.36</UnitOfMeasurePrice>
      <AllowDiscount>0</AllowDiscount>
      <itemStatus>1</itemStatus>
      <LastUpdateDate />
      <LastUpdateTime />
    </Product>
    <Product>
      <PriceUpdateDate>2019/06/16 08:45</PriceUpdateDate>
      <ItemCode>7290006664402</ItemCode>
      <ItemType>1</ItemType>
      <ItemName>קרם גבינה 5% סקי (750 גרם)</ItemName>
      <ManufactureName>שטראוס גרופ בעמ/מצונן</ManufactureName>
      <ManufactureCountry />
      <ManufactureItemDescription />
      <UnitQty>יח`</UnitQty>
      <Quantity>750</Quantity>
      <UnitMeasure>גרם</UnitMeasure>
      <BisWeighted>0</BisWeighted>
      <QtyInPackage>1</QtyInPackage>
      <ItemPrice>14.25</ItemPrice>
      <UnitOfMeasurePrice>1.90</UnitOfMeasurePrice>
      <AllowDiscount>0</AllowDiscount>
      <itemStatus>1</itemStatus>
      <LastUpdateDate />
      <LastUpdateTime />
    </Product>
    <Product>
      <PriceUpdateDate>2016/04/20 08:47</PriceUpdateDate>
      <ItemCode>7290006664532</ItemCode>
      <ItemType>1</ItemType>
      <ItemName>יוגורט ביו 3% תות דנונה (150 גרם)</ItemName>
      <ManufactureName>שטראוס גרופ בעמ/מצונן</ManufactureName>
      <ManufactureCountry />
      <ManufactureItemDescription />
      <UnitQty>יח`</UnitQty>
      <Quantity>150</Quantity>
      <UnitMeasure>מ"ל</UnitMeasure>
      <BisWeighted>0</BisWeighted>
      <QtyInPackage>1</QtyInPackage>
      <ItemPrice>3.70</ItemPrice>
      <UnitOfMeasurePrice>2.47</UnitOfMeasurePrice>
      <AllowDiscount>1</AllowDiscount>
      <itemStatus>1</itemStatus>
      <LastUpdateDate />
      <LastUpdateTime />
    </Product>
    <Product>
      <PriceUpdateDate>2019/09/03 09:09</PriceUpdateDate>
      <ItemCode>7290006664655</ItemCode>
      <ItemType>1</ItemType>
      <ItemName>אקטימל דנונה (100x8 מל)</ItemName>
      <ManufactureName>שטראוס גרופ בעמ/מצונן</ManufactureName>
      <ManufactureCountry />
      <ManufactureItemDescription />
      <UnitQty>יח`</UnitQty>
      <Quantity>800</Quantity>
      <UnitMeasure>מ"ל</UnitMeasure>
      <BisWeighted>0</BisWeighted>
      <QtyInPackage>1</QtyInPackage>
      <ItemPrice>19.90</ItemPrice>
      <UnitOfMeasurePrice>2.49</UnitOfMeasurePrice>
      <AllowDiscount>0</AllowDiscount>
      <itemStatus>1</itemStatus>
      <LastUpdateDate />
      <LastUpdateTime />
    </Product>
    <Product>
      <PriceUpdateDate>2016/04/20 08:47</PriceUpdateDate>
      <ItemCode>7290006664693</ItemCode>
      <ItemType>1</ItemType>
      <ItemName>יוגורט ביו 3% אפרסק דנונה (150 גרם)</ItemName>
      <ManufactureName>שטראוס גרופ בעמ/מצונן</ManufactureName>
      <ManufactureCountry />
      <ManufactureItemDescription />
      <UnitQty>יח`</UnitQty>
      <Quantity>150</Quantity>
      <UnitMeasure>מ"ל</UnitMeasure>
      <BisWeighted>0</BisWeighted>
      <QtyInPackage>1</QtyInPackage>
      <ItemPrice>3.70</ItemPrice>
      <UnitOfMeasurePrice>2.47</UnitOfMeasurePrice>
      <AllowDiscount>1</AllowDiscount>
      <itemStatus>1</itemStatus>
      <LastUpdateDate />
      <LastUpdateTime />
    </Product>
    <Product>
      <PriceUpdateDate>2015/05/31 09:12</PriceUpdateDate>
      <ItemCode>7290006664990</ItemCode>
      <ItemType>1</ItemType>
      <ItemName>יוגורט ביו 1.7% דנונה (150x8 גרם)</ItemName>
      <ManufactureName>שטראוס גרופ בעמ/מצונן</ManufactureName>
      <ManufactureCountry />
      <ManufactureItemDescription />
      <UnitQty>יח`</UnitQty>
      <Quantity>1.20</Quantity>
      <UnitMeasure>1 ליטר</UnitMeasure>
      <BisWeighted>0</BisWeighted>
      <QtyInPackage>1</QtyInPackage>
      <ItemPrice>16.80</ItemPrice>
      <UnitOfMeasurePrice>14</UnitOfMeasurePrice>
      <AllowDiscount>0</AllowDiscount>
      <itemStatus>1</itemStatus>
      <LastUpdateDate />
      <LastUpdateTime />
    </Product>
    <Product>
      <PriceUpdateDate>2015/06/29 08:29</PriceUpdateDate>
      <ItemCode>7290006681003</ItemCode>
      <ItemType>1</ItemType>
      <ItemName>שטראוס קרמיסימו תות לימון</ItemName>
      <ManufactureName>גלידות שטראוס בעמ</ManufactureName>
      <ManufactureCountry />
      <ManufactureItemDescription />
      <UnitQty>יח`</UnitQty>
      <Quantity>1.33</Quantity>
      <UnitMeasure>1 ליטר</UnitMeasure>
      <BisWeighted>0</BisWeighted>
      <QtyInPackage>1</QtyInPackage>
      <ItemPrice>18.90</ItemPrice>
      <UnitOfMeasurePrice>14.21</UnitOfMeasurePrice>
      <AllowDiscount>1</AllowDiscount>
      <itemStatus>1</itemStatus>
      <LastUpdateDate />
      <LastUpdateTime />
    </Product>
    <Product>
      <PriceUpdateDate>2015/05/28 08:47</PriceUpdateDate>
      <ItemCode>7290006681577</ItemCode>
      <ItemType>1</ItemType>
      <ItemName>מאגדת אסקימו 10 יח</ItemName>
      <ManufactureName>גלידות שטראוס בעמ</ManufactureName>
      <ManufactureCountry />
      <ManufactureItemDescription />
      <UnitQty>יח`</UnitQty>
      <Quantity>10</Quantity>
      <UnitMeasure>יח`</UnitMeasure>
      <BisWeighted>0</BisWeighted>
      <QtyInPackage>1</QtyInPackage>
      <ItemPrice>16.90</ItemPrice>
      <UnitOfMeasurePrice>1.69</UnitOfMeasurePrice>
      <AllowDiscount>0</AllowDiscount>
      <itemStatus>1</itemStatus>
      <LastUpdateDate />
      <LastUpdateTime />
    </Product>
    <Product>
      <PriceUpdateDate>2015/06/29 08:29</PriceUpdateDate>
      <ItemCode>7290006681980</ItemCode>
      <ItemType>1</ItemType>
      <ItemName>שטראוס קרמיסימו פירות יער</ItemName>
      <ManufactureName>גלידות שטראוס בעמ</ManufactureName>
      <ManufactureCountry />
      <ManufactureItemDescription />
      <UnitQty>יח`</UnitQty>
      <Quantity>1.33</Quantity>
      <UnitMeasure>1 ליטר</UnitMeasure>
      <BisWeighted>0</BisWeighted>
      <QtyInPackage>1</QtyInPackage>
      <ItemPrice>18.90</ItemPrice>
      <UnitOfMeasurePrice>14.21</UnitOfMeasurePrice>
      <AllowDiscount>1</AllowDiscount>
      <itemStatus>1</itemStatus>
      <LastUpdateDate />
      <LastUpdateTime />
    </Product>
    <Product>
      <PriceUpdateDate>2014/07/27 12:56</PriceUpdateDate>
      <ItemCode>7290006696717</ItemCode>
      <ItemType>1</ItemType>
      <ItemName>תירוש ענבים טבעי מוסקט אפרת (1 ליטר)</ItemName>
      <ManufactureName>יקב טפרברג 1870 בעמ (יינות ומש</ManufactureName>
      <ManufactureCountry />
      <ManufactureItemDescription />
      <UnitQty>יח`</UnitQty>
      <Quantity>1000</Quantity>
      <UnitMeasure>מ"ל</UnitMeasure>
      <BisWeighted>0</BisWeighted>
      <QtyInPackage>1</QtyInPackage>
      <ItemPrice>12.90</ItemPrice>
      <UnitOfMeasurePrice>1.26</UnitOfMeasurePrice>
      <AllowDiscount>0</AllowDiscount>
      <itemStatus>1</itemStatus>
      <LastUpdateDate />
      <LastUpdateTime />
    </Product>
    <Product>
      <PriceUpdateDate>2014/01/01 08:37</PriceUpdateDate>
      <ItemCode>7290006704269</ItemCode>
      <ItemType>1</ItemType>
      <ItemName>חסה עגולה</ItemName>
      <ManufactureName>מרינה פטריות הגליל בעמ</ManufactureName>
      <ManufactureCountry />
      <ManufactureItemDescription />
      <UnitQty>יח`</UnitQty>
      <Quantity>1</Quantity>
      <UnitMeasure />
      <BisWeighted>0</BisWeighted>
      <QtyInPackage>1</QtyInPackage>
      <ItemPrice>5</ItemPrice>
      <UnitOfMeasurePrice>5</UnitOfMeasurePrice>
      <AllowDiscount>1</AllowDiscount>
      <itemStatus>1</itemStatus>
      <LastUpdateDate />
      <LastUpdateTime />
    </Product>
    <Product>
      <PriceUpdateDate>2015/02/24 12:27</PriceUpdateDate>
      <ItemCode>7290006724199</ItemCode>
      <ItemType>1</ItemType>
      <ItemName>תבנית ביצים אורגניות ליב</ItemName>
      <ManufactureName>ל.י.ב. (לחיות יותר בטבע) בעמ</ManufactureName>
      <ManufactureCountry />
      <ManufactureItemDescription />
      <UnitQty>יח`</UnitQty>
      <Quantity>1</Quantity>
      <UnitMeasure />
      <BisWeighted>0</BisWeighted>
      <QtyInPackage>1</QtyInPackage>
      <ItemPrice>21.90</ItemPrice>
      <UnitOfMeasurePrice>21.90</UnitOfMeasurePrice>
      <AllowDiscount>0</AllowDiscount>
      <itemStatus>1</itemStatus>
      <LastUpdateDate />
      <LastUpdateTime />
    </Product>
    <Product>
      <PriceUpdateDate>2019/06/02 12:51</PriceUpdateDate>
      <ItemCode>7290006739186</ItemCode>
      <ItemType>1</ItemType>
      <ItemName>שניצל תירס קלאסי זוגלובק (2 קג)</ItemName>
      <ManufactureName>זוגלובק שיווק בעמ</ManufactureName>
      <ManufactureCountry />
      <ManufactureItemDescription />
      <UnitQty>יח`</UnitQty>
      <Quantity>2000</Quantity>
      <UnitMeasure>ק"ג</UnitMeasure>
      <BisWeighted>0</BisWeighted>
      <QtyInPackage>1</QtyInPackage>
      <ItemPrice>49.90</ItemPrice>
      <UnitOfMeasurePrice>0.02</UnitOfMeasurePrice>
      <AllowDiscount>0</AllowDiscount>
      <itemStatus>1</itemStatus>
      <LastUpdateDate />
      <LastUpdateTime />
    </Product>
    <Product>
      <PriceUpdateDate>2015/04/29 10:24</PriceUpdateDate>
      <ItemCode>7290006739414</ItemCode>
      <ItemType>1</ItemType>
      <ItemName>סלמי קוניאק זוגלובק (300 גרם)</ItemName>
      <ManufactureName>זוגלובק שיווק בעמ</ManufactureName>
      <ManufactureCountry />
      <ManufactureItemDescription />
      <UnitQty>יח`</UnitQty>
      <Quantity>350</Quantity>
      <UnitMeasure>גרם</UnitMeasure>
      <BisWeighted>0</BisWeighted>
      <QtyInPackage>1</QtyInPackage>
      <ItemPrice>29.90</ItemPrice>
      <UnitOfMeasurePrice>8.54</UnitOfMeasurePrice>
      <AllowDiscount>1</AllowDiscount>
      <itemStatus>1</itemStatus>
      <LastUpdateDate />
      <LastUpdateTime />
    </Product>
    <Product>
      <PriceUpdateDate>2015/04/29 10:24</PriceUpdateDate>
      <ItemCode>7290006739421</ItemCode>
      <ItemType>1</ItemType>
      <ItemName>סלמי איטלקי מעושן זוגלובק (300 גרם)</ItemName>
      <ManufactureName>זוגלובק שיווק בעמ</ManufactureName>
      <ManufactureCountry />
      <ManufactureItemDescription />
      <UnitQty>יח`</UnitQty>
      <Quantity>300</Quantity>
      <UnitMeasure>גרם</UnitMeasure>
      <BisWeighted>0</BisWeighted>
      <QtyInPackage>1</QtyInPackage>
      <ItemPrice>28.90</ItemPrice>
      <UnitOfMeasurePrice>9.63</UnitOfMeasurePrice>
      <AllowDiscount>1</AllowDiscount>
      <itemStatus>1</itemStatus>
      <LastUpdateDate />
      <LastUpdateTime />
    </Product>
    <Product>
      <PriceUpdateDate>2016/02/29 10:33</PriceUpdateDate>
      <ItemCode>7290006739445</ItemCode>
      <ItemType>1</ItemType>
      <ItemName>שניצל תירס זוגלובק (750 גרם)</ItemName>
      <ManufactureName>זוגלובק שיווק בעמ</ManufactureName>
      <ManufactureCountry />
      <ManufactureItemDescription />
      <UnitQty>יח`</UnitQty>
      <Quantity>750</Quantity>
      <UnitMeasure>גרם</UnitMeasure>
      <BisWeighted>0</BisWeighted>
      <QtyInPackage>1</QtyInPackage>
      <ItemPrice>26.90</ItemPrice>
      <UnitOfMeasurePrice>3.59</UnitOfMeasurePrice>
      <AllowDiscount>1</AllowDiscount>
      <itemStatus>1</itemStatus>
      <LastUpdateDate />
      <LastUpdateTime />
    </Product>
    <Product>
      <PriceUpdateDate>2014/02/23 11:18</PriceUpdateDate>
      <ItemCode>7290006739735</ItemCode>
      <ItemType>1</ItemType>
      <ItemName>נקניקיות מן הצומח זוגלובק (2 קג)</ItemName>
      <ManufactureName>זוגלובק שיווק בעמ</ManufactureName>
      <ManufactureCountry />
      <ManufactureItemDescription />
      <UnitQty>יח`</UnitQty>
      <Quantity>2000</Quantity>
      <UnitMeasure>גרם</UnitMeasure>
      <BisWeighted>0</BisWeighted>
      <QtyInPackage>1</QtyInPackage>
      <ItemPrice>59.90</ItemPrice>
      <UnitOfMeasurePrice>3</UnitOfMeasurePrice>
      <AllowDiscount>0</AllowDiscount>
      <itemStatus>1</itemStatus>
      <LastUpdateDate />
      <LastUpdateTime />
    </Product>
    <Product>
      <PriceUpdateDate>2015/12/01 11:01</PriceUpdateDate>
      <ItemCode>7290006741363</ItemCode>
      <ItemType>1</ItemType>
      <ItemName>בורקס תפוא 800 בדצ</ItemName>
      <ManufactureName>זוגלובק שיווק בעמ</ManufactureName>
      <ManufactureCountry />
      <ManufactureItemDescription />
      <UnitQty>יח`</UnitQty>
      <Quantity>800</Quantity>
      <UnitMeasure>גרם</UnitMeasure>
      <BisWeighted>0</BisWeighted>
      <QtyInPackage>1</QtyInPackage>
      <ItemPrice>19.90</ItemPrice>
      <UnitOfMeasurePrice>2.49</UnitOfMeasurePrice>
      <AllowDiscount>1</AllowDiscount>
      <itemStatus>1</itemStatus>
      <LastUpdateDate />
      <LastUpdateTime />
    </Product>
    <Product>
      <PriceUpdateDate>2015/03/02 16:18</PriceUpdateDate>
      <ItemCode>7290006741387</ItemCode>
      <ItemType>1</ItemType>
      <ItemName>מלוואח 700 גר` בדצ</ItemName>
      <ManufactureName>זוגלובק שיווק בעמ</ManufactureName>
      <ManufactureCountry />
      <ManufactureItemDescription />
      <UnitQty>יח`</UnitQty>
      <Quantity>700</Quantity>
      <UnitMeasure>גרם</UnitMeasure>
      <BisWeighted>0</BisWeighted>
      <QtyInPackage>1</QtyInPackage>
      <ItemPrice>16.90</ItemPrice>
      <UnitOfMeasurePrice>2.41</UnitOfMeasurePrice>
      <AllowDiscount>1</AllowDiscount>
      <itemStatus>1</itemStatus>
      <LastUpdateDate />
      <LastUpdateTime />
    </Product>
    <Product>
      <PriceUpdateDate>2017/03/30 07:47</PriceUpdateDate>
      <ItemCode>7290006742162</ItemCode>
      <ItemType>1</ItemType>
      <ItemName>המבורגר מיזרחי</ItemName>
      <ManufactureName>זוגלובק שיווק בעמ</ManufactureName>
      <ManufactureCountry />
      <ManufactureItemDescription />
      <UnitQty>יח`</UnitQty>
      <Quantity>400</Quantity>
      <UnitMeasure>גרם</UnitMeasure>
      <BisWeighted>0</BisWeighted>
      <QtyInPackage>1</QtyInPackage>
      <ItemPrice>19.90</ItemPrice>
      <UnitOfMeasurePrice>4.98</UnitOfMeasurePrice>
      <AllowDiscount>0</AllowDiscount>
      <itemStatus>1</itemStatus>
      <LastUpdateDate />
      <LastUpdateTime />
    </Product>
    <Product>
      <PriceUpdateDate>2017/03/30 07:47</PriceUpdateDate>
      <ItemCode>7290006742179</ItemCode>
      <ItemType>1</ItemType>
      <ItemName>קבב מזרחי ג 400ר</ItemName>
      <ManufactureName>זוגלובק שיווק בעמ</ManufactureName>
      <ManufactureCountry />
      <ManufactureItemDescription />
      <UnitQty>יח`</UnitQty>
      <Quantity>400</Quantity>
      <UnitMeasure>גרם</UnitMeasure>
      <BisWeighted>0</BisWeighted>
      <QtyInPackage>1</QtyInPackage>
      <ItemPrice>19.90</ItemPrice>
      <UnitOfMeasurePrice>4.98</UnitOfMeasurePrice>
      <AllowDiscount>0</AllowDiscount>
      <itemStatus>1</itemStatus>
      <LastUpdateDate />
      <LastUpdateTime />
    </Product>
    <Product>
      <PriceUpdateDate>2015/05/28 08:53</PriceUpdateDate>
      <ItemCode>7290006742315</ItemCode>
      <ItemType>1</ItemType>
      <ItemName>חזה הודו ברביקיו 330 גר`</ItemName>
      <ManufactureName>זוגלובק שיווק בעמ</ManufactureName>
      <ManufactureCountry />
      <ManufactureItemDescription />
      <UnitQty>יח`</UnitQty>
      <Quantity>330</Quantity>
      <UnitMeasure>גרם</UnitMeasure>
      <BisWeighted>0</BisWeighted>
      <QtyInPackage>1</QtyInPackage>
      <ItemPrice>28.90</ItemPrice>
      <UnitOfMeasurePrice>8.76</UnitOfMeasurePrice>
      <AllowDiscount>1</AllowDiscount>
      <itemStatus>1</itemStatus>
      <LastUpdateDate />
      <LastUpdateTime />
    </Product>
    <Product>
      <PriceUpdateDate>2019/02/18 11:45</PriceUpdateDate>
      <ItemCode>7290006764065</ItemCode>
      <ItemType>1</ItemType>
      <ItemName>בירה שחורה נשר מאלט חוזר (500 מל)</ItemName>
      <ManufactureName>טמפו משקאות בעמ</ManufactureName>
      <ManufactureCountry />
      <ManufactureItemDescription />
      <UnitQty>יח`</UnitQty>
      <Quantity>500</Quantity>
      <UnitMeasure>מ"ל</UnitMeasure>
      <BisWeighted>0</BisWeighted>
      <QtyInPackage>1</QtyInPackage>
      <ItemPrice>5</ItemPrice>
      <UnitOfMeasurePrice>0.76</UnitOfMeasurePrice>
      <AllowDiscount>1</AllowDiscount>
      <itemStatus>1</itemStatus>
      <LastUpdateDate />
      <LastUpdateTime />
    </Product>
    <Product>
      <PriceUpdateDate>2015/10/11 07:38</PriceUpdateDate>
      <ItemCode>7290006764072</ItemCode>
      <ItemType>1</ItemType>
      <ItemName>בירה גולדסטאר (500 מל)</ItemName>
      <ManufactureName>טמפו משקאות בעמ</ManufactureName>
      <ManufactureCountry />
      <ManufactureItemDescription />
      <UnitQty>יח`</UnitQty>
      <Quantity>500</Quantity>
      <UnitMeasure>מ"ל</UnitMeasure>
      <BisWeighted>0</BisWeighted>
      <QtyInPackage>1</QtyInPackage>
      <ItemPrice>6.90</ItemPrice>
      <UnitOfMeasurePrice>1.14</UnitOfMeasurePrice>
      <AllowDiscount>1</AllowDiscount>
      <itemStatus>1</itemStatus>
      <LastUpdateDate />
      <LastUpdateTime />
    </Product>
    <Product>
      <PriceUpdateDate>2015/04/29 10:59</PriceUpdateDate>
      <ItemCode>7290006764348</ItemCode>
      <ItemType>1</ItemType>
      <ItemName>בירה שחורה מאלט סטאר (1.5 ליטר)</ItemName>
      <ManufactureName>טמפו משקאות בעמ</ManufactureName>
      <ManufactureCountry />
      <ManufactureItemDescription />
      <UnitQty>יח`</UnitQty>
      <Quantity>1500</Quantity>
      <UnitMeasure>מ"ל</UnitMeasure>
      <BisWeighted>0</BisWeighted>
      <QtyInPackage>1</QtyInPackage>
      <ItemPrice>7.50</ItemPrice>
      <UnitOfMeasurePrice>0.50</UnitOfMeasurePrice>
      <AllowDiscount>1</AllowDiscount>
      <itemStatus>1</itemStatus>
      <LastUpdateDate />
      <LastUpdateTime />
    </Product>
    <Product>
      <PriceUpdateDate>2015/02/08 11:16</PriceUpdateDate>
      <ItemCode>7290006775023</ItemCode>
      <ItemType>1</ItemType>
      <ItemName>עוגה אנגלית אחוה (450 גרם) אחוה</ItemName>
      <ManufactureName>אחדות בעמ</ManufactureName>
      <ManufactureCountry />
      <ManufactureItemDescription />
      <UnitQty>יח`</UnitQty>
      <Quantity>450</Quantity>
      <UnitMeasure>גרם</UnitMeasure>
      <BisWeighted>0</BisWeighted>
      <QtyInPackage>1</QtyInPackage>
      <ItemPrice>9.90</ItemPrice>
      <UnitOfMeasurePrice>2.20</UnitOfMeasurePrice>
      <AllowDiscount>0</AllowDiscount>
      <itemStatus>1</itemStatus>
      <LastUpdateDate />
      <LastUpdateTime />
    </Product>
    <Product>
      <PriceUpdateDate>2015/02/08 11:16</PriceUpdateDate>
      <ItemCode>7290006775030</ItemCode>
      <ItemType>1</ItemType>
      <ItemName>עוגת שוקו צ`יפס אחוה (450 גרם) אחוה</ItemName>
      <ManufactureName>אחדות בעמ</ManufactureName>
      <ManufactureCountry />
      <ManufactureItemDescription />
      <UnitQty>יח`</UnitQty>
      <Quantity>450</Quantity>
      <UnitMeasure>גרם</UnitMeasure>
      <BisWeighted>0</BisWeighted>
      <QtyInPackage>1</QtyInPackage>
      <ItemPrice>9.90</ItemPrice>
      <UnitOfMeasurePrice>2.20</UnitOfMeasurePrice>
      <AllowDiscount>0</AllowDiscount>
      <itemStatus>1</itemStatus>
      <LastUpdateDate />
      <LastUpdateTime />
    </Product>
    <Product>
      <PriceUpdateDate>2015/02/08 11:16</PriceUpdateDate>
      <ItemCode>7290006775054</ItemCode>
      <ItemType>1</ItemType>
      <ItemName>עוגת שיש אחוה (450 גרם) אחוה</ItemName>
      <ManufactureName>אחדות בעמ</ManufactureName>
      <ManufactureCountry />
      <ManufactureItemDescription />
      <UnitQty>יח`</UnitQty>
      <Quantity>450</Quantity>
      <UnitMeasure>גרם</UnitMeasure>
      <BisWeighted>0</BisWeighted>
      <QtyInPackage>1</QtyInPackage>
      <ItemPrice>9.90</ItemPrice>
      <UnitOfMeasurePrice>2.20</UnitOfMeasurePrice>
      <AllowDiscount>0</AllowDiscount>
      <itemStatus>1</itemStatus>
      <LastUpdateDate />
      <LastUpdateTime />
    </Product>
    <Product>
      <PriceUpdateDate>2013/11/17 10:49</PriceUpdateDate>
      <ItemCode>7290006775085</ItemCode>
      <ItemType>1</ItemType>
      <ItemName>עוגת שמרים שוקולד אחוה (400 גרם)</ItemName>
      <ManufactureName>אחדות בעמ</ManufactureName>
      <ManufactureCountry />
      <ManufactureItemDescription />
      <UnitQty>יח`</UnitQty>
      <Quantity>400</Quantity>
      <UnitMeasure>גרם</UnitMeasure>
      <BisWeighted>0</BisWeighted>
      <QtyInPackage>1</QtyInPackage>
      <ItemPrice>10</ItemPrice>
      <UnitOfMeasurePrice>2.50</UnitOfMeasurePrice>
      <AllowDiscount>0</AllowDiscount>
      <itemStatus>1</itemStatus>
      <LastUpdateDate />
      <LastUpdateTime />
    </Product>
    <Product>
      <PriceUpdateDate>2017/03/16 08:25</PriceUpdateDate>
      <ItemCode>7290006775191</ItemCode>
      <ItemType>1</ItemType>
      <ItemName>מאפינס שוקולד 50 גר` אחוה</ItemName>
      <ManufactureName>אחדות בעמ</ManufactureName>
      <ManufactureCountry />
      <ManufactureItemDescription />
      <UnitQty>יח`</UnitQty>
      <Quantity>50</Quantity>
      <UnitMeasure>גרם</UnitMeasure>
      <BisWeighted>0</BisWeighted>
      <QtyInPackage>1</QtyInPackage>
      <ItemPrice>1.50</ItemPrice>
      <UnitOfMeasurePrice>3</UnitOfMeasurePrice>
      <AllowDiscount>1</AllowDiscount>
      <itemStatus>1</itemStatus>
      <LastUpdateDate />
      <LastUpdateTime />
    </Product>
    <Product>
      <PriceUpdateDate>2017/03/16 08:25</PriceUpdateDate>
      <ItemCode>7290006775306</ItemCode>
      <ItemType>1</ItemType>
      <ItemName>מאפינס תות 50 גר` אחוה</ItemName>
      <ManufactureName>אחדות בעמ</ManufactureName>
      <ManufactureCountry />
      <ManufactureItemDescription />
      <UnitQty>יח`</UnitQty>
      <Quantity>50</Quantity>
      <UnitMeasure>גרם</UnitMeasure>
      <BisWeighted>0</BisWeighted>
      <QtyInPackage>1</QtyInPackage>
      <ItemPrice>1.50</ItemPrice>
      <UnitOfMeasurePrice>3</UnitOfMeasurePrice>
      <AllowDiscount>1</AllowDiscount>
      <itemStatus>1</itemStatus>
      <LastUpdateDate />
      <LastUpdateTime />
    </Product>
    <Product>
      <PriceUpdateDate>2013/11/17 10:49</PriceUpdateDate>
      <ItemCode>7290006775344</ItemCode>
      <ItemType>1</ItemType>
      <ItemName>עוגת שמרים קינמון/אגוזים 400  גר`אחוה</ItemName>
      <ManufactureName>אחדות בעמ</ManufactureName>
      <ManufactureCountry />
      <ManufactureItemDescription />
      <UnitQty>יח`</UnitQty>
      <Quantity>400</Quantity>
      <UnitMeasure>גרם</UnitMeasure>
      <BisWeighted>0</BisWeighted>
      <QtyInPackage>1</QtyInPackage>
      <ItemPrice>10</ItemPrice>
      <UnitOfMeasurePrice>2.50</UnitOfMeasurePrice>
      <AllowDiscount>0</AllowDiscount>
      <itemStatus>1</itemStatus>
      <LastUpdateDate />
      <LastUpdateTime />
    </Product>
    <Product>
      <PriceUpdateDate>2017/03/16 08:25</PriceUpdateDate>
      <ItemCode>7290006775405</ItemCode>
      <ItemType>1</ItemType>
      <ItemName>מאפינס שוקוצ`יפס 45 גר` אחוה</ItemName>
      <ManufactureName>אחדות בעמ</ManufactureName>
      <ManufactureCountry />
      <ManufactureItemDescription />
      <UnitQty>יח`</UnitQty>
      <Quantity>45</Quantity>
      <UnitMeasure>גרם</UnitMeasure>
      <BisWeighted>0</BisWeighted>
      <QtyInPackage>1</QtyInPackage>
      <ItemPrice>1.50</ItemPrice>
      <UnitOfMeasurePrice>3.33</UnitOfMeasurePrice>
      <AllowDiscount>1</AllowDiscount>
      <itemStatus>1</itemStatus>
      <LastUpdateDate />
      <LastUpdateTime />
    </Product>
    <Product>
      <PriceUpdateDate>2013/11/17 10:49</PriceUpdateDate>
      <ItemCode>7290006775795</ItemCode>
      <ItemType>1</ItemType>
      <ItemName>עוגת תפוח עץ אחוה (450 גרם)</ItemName>
      <ManufactureName>אחדות בעמ</ManufactureName>
      <ManufactureCountry />
      <ManufactureItemDescription />
      <UnitQty>יח`</UnitQty>
      <Quantity>450</Quantity>
      <UnitMeasure>גרם</UnitMeasure>
      <BisWeighted>0</BisWeighted>
      <QtyInPackage>1</QtyInPackage>
      <ItemPrice>11</ItemPrice>
      <UnitOfMeasurePrice>2.44</UnitOfMeasurePrice>
      <AllowDiscount>0</AllowDiscount>
      <itemStatus>1</itemStatus>
      <LastUpdateDate />
      <LastUpdateTime />
    </Product>
    <Product>
      <PriceUpdateDate>2016/08/04 08:35</PriceUpdateDate>
      <ItemCode>7290006775801</ItemCode>
      <ItemType>1</ItemType>
      <ItemName>רוגעלך אחוה (400 גרם)</ItemName>
      <ManufactureName>אחדות בעמ</ManufactureName>
      <ManufactureCountry />
      <ManufactureItemDescription />
      <UnitQty>יח`</UnitQty>
      <Quantity>400</Quantity>
      <UnitMeasure>גרם</UnitMeasure>
      <BisWeighted>0</BisWeighted>
      <QtyInPackage>1</QtyInPackage>
      <ItemPrice>8.90</ItemPrice>
      <UnitOfMeasurePrice>2.23</UnitOfMeasurePrice>
      <AllowDiscount>0</AllowDiscount>
      <itemStatus>1</itemStatus>
      <LastUpdateDate />
      <LastUpdateTime />
    </Product>
    <Product>
      <PriceUpdateDate>2015/12/01 18:41</PriceUpdateDate>
      <ItemCode>7290006775894</ItemCode>
      <ItemType>1</ItemType>
      <ItemName>עוגה ללא סוכר שיש 400  גר`אחווה</ItemName>
      <ManufactureName>אחדות בעמ</ManufactureName>
      <ManufactureCountry />
      <ManufactureItemDescription />
      <UnitQty>יח`</UnitQty>
      <Quantity>400</Quantity>
      <UnitMeasure>גרם</UnitMeasure>
      <BisWeighted>0</BisWeighted>
      <QtyInPackage>1</QtyInPackage>
      <ItemPrice>11.90</ItemPrice>
      <UnitOfMeasurePrice>2.98</UnitOfMeasurePrice>
      <AllowDiscount>0</AllowDiscount>
      <itemStatus>1</itemStatus>
      <LastUpdateDate />
      <LastUpdateTime />
    </Product>
    <Product>
      <PriceUpdateDate>2019/06/10 09:42</PriceUpdateDate>
      <ItemCode>7290006784322</ItemCode>
      <ItemType>1</ItemType>
      <ItemName>סנט מוריץ לניקוי נרוסטה 400מל</ItemName>
      <ManufactureName>קומפלקס כימיקלים בעמ</ManufactureName>
      <ManufactureCountry />
      <ManufactureItemDescription />
      <UnitQty>יח`</UnitQty>
      <Quantity>400</Quantity>
      <UnitMeasure>גרם</UnitMeasure>
      <BisWeighted>0</BisWeighted>
      <QtyInPackage>1</QtyInPackage>
      <ItemPrice>15.90</ItemPrice>
      <UnitOfMeasurePrice>3.98</UnitOfMeasurePrice>
      <AllowDiscount>0</AllowDiscount>
      <itemStatus>1</itemStatus>
      <LastUpdateDate />
      <LastUpdateTime />
    </Product>
    <Product>
      <PriceUpdateDate>2020/02/16 09:38</PriceUpdateDate>
      <ItemCode>7290006784360</ItemCode>
      <ItemType>1</ItemType>
      <ItemName>חלונית 1 ליטר</ItemName>
      <ManufactureName>קומפלקס כימיקלים בעמ</ManufactureName>
      <ManufactureCountry />
      <ManufactureItemDescription />
      <UnitQty>יח`</UnitQty>
      <Quantity>1000</Quantity>
      <UnitMeasure>מ"ל</UnitMeasure>
      <BisWeighted>0</BisWeighted>
      <QtyInPackage>1</QtyInPackage>
      <ItemPrice>6.90</ItemPrice>
      <UnitOfMeasurePrice>0.69</UnitOfMeasurePrice>
      <AllowDiscount>1</AllowDiscount>
      <itemStatus>1</itemStatus>
      <LastUpdateDate />
      <LastUpdateTime />
    </Product>
    <Product>
      <PriceUpdateDate>2015/11/30 12:38</PriceUpdateDate>
      <ItemCode>7290006785657</ItemCode>
      <ItemType>1</ItemType>
      <ItemName>שקית 20 פסטל רחבה</ItemName>
      <ManufactureName>שמחה זה אנחנו בעמ</ManufactureName>
      <ManufactureCountry />
      <ManufactureItemDescription />
      <UnitQty>יח`</UnitQty>
      <Quantity>1</Quantity>
      <UnitMeasure />
      <BisWeighted>0</BisWeighted>
      <QtyInPackage>1</QtyInPackage>
      <ItemPrice>5.90</ItemPrice>
      <UnitOfMeasurePrice>5.90</UnitOfMeasurePrice>
      <AllowDiscount>0</AllowDiscount>
      <itemStatus>1</itemStatus>
      <LastUpdateDate />
      <LastUpdateTime />
    </Product>
    <Product>
      <PriceUpdateDate>2019/01/30 08:31</PriceUpdateDate>
      <ItemCode>7290006788016</ItemCode>
      <ItemType>1</ItemType>
      <ItemName>שמפו 10 קרליין</ItemName>
      <ManufactureName>החברה הדרומית לשיווק בעמ</ManufactureName>
      <ManufactureCountry />
      <ManufactureItemDescription />
      <UnitQty>יח`</UnitQty>
      <Quantity>700</Quantity>
      <UnitMeasure>מ"ל</UnitMeasure>
      <BisWeighted>0</BisWeighted>
      <QtyInPackage>1</QtyInPackage>
      <ItemPrice>11.90</ItemPrice>
      <UnitOfMeasurePrice>1.70</UnitOfMeasurePrice>
      <AllowDiscount>1</AllowDiscount>
      <itemStatus>1</itemStatus>
      <LastUpdateDate />
      <LastUpdateTime />
    </Product>
    <Product>
      <PriceUpdateDate>2019/01/30 08:31</PriceUpdateDate>
      <ItemCode>7290006788023</ItemCode>
      <ItemType>1</ItemType>
      <ItemName>שמפו 10 קרליין</ItemName>
      <ManufactureName>החברה הדרומית לשיווק בעמ</ManufactureName>
      <ManufactureCountry />
      <ManufactureItemDescription />
      <UnitQty>יח`</UnitQty>
      <Quantity>700</Quantity>
      <UnitMeasure>מ"ל</UnitMeasure>
      <BisWeighted>0</BisWeighted>
      <QtyInPackage>1</QtyInPackage>
      <ItemPrice>11.90</ItemPrice>
      <UnitOfMeasurePrice>1.70</UnitOfMeasurePrice>
      <AllowDiscount>1</AllowDiscount>
      <itemStatus>1</itemStatus>
      <LastUpdateDate />
      <LastUpdateTime />
    </Product>
    <Product>
      <PriceUpdateDate>2019/01/30 08:31</PriceUpdateDate>
      <ItemCode>7290006788030</ItemCode>
      <ItemType>1</ItemType>
      <ItemName>שמפו 10 קרליין</ItemName>
      <ManufactureName>החברה הדרומית לשיווק בעמ</ManufactureName>
      <ManufactureCountry />
      <ManufactureItemDescription />
      <UnitQty>יח`</UnitQty>
      <Quantity>700</Quantity>
      <UnitMeasure>מ"ל</UnitMeasure>
      <BisWeighted>0</BisWeighted>
      <QtyInPackage>1</QtyInPackage>
      <ItemPrice>11.90</ItemPrice>
      <UnitOfMeasurePrice>1.70</UnitOfMeasurePrice>
      <AllowDiscount>1</AllowDiscount>
      <itemStatus>1</itemStatus>
      <LastUpdateDate />
      <LastUpdateTime />
    </Product>
    <Product>
      <PriceUpdateDate>2019/01/30 08:31</PriceUpdateDate>
      <ItemCode>7290006788054</ItemCode>
      <ItemType>1</ItemType>
      <ItemName>שמפו 10 קרליין</ItemName>
      <ManufactureName>החברה הדרומית לשיווק בעמ</ManufactureName>
      <ManufactureCountry />
      <ManufactureItemDescription />
      <UnitQty>יח`</UnitQty>
      <Quantity>700</Quantity>
      <UnitMeasure>מ"ל</UnitMeasure>
      <BisWeighted>0</BisWeighted>
      <QtyInPackage>1</QtyInPackage>
      <ItemPrice>11.90</ItemPrice>
      <UnitOfMeasurePrice>1.70</UnitOfMeasurePrice>
      <AllowDiscount>1</AllowDiscount>
      <itemStatus>1</itemStatus>
      <LastUpdateDate />
      <LastUpdateTime />
    </Product>
    <Product>
      <PriceUpdateDate>2019/01/30 08:31</PriceUpdateDate>
      <ItemCode>7290006788061</ItemCode>
      <ItemType>1</ItemType>
      <ItemName>מרכך 10 קרליין</ItemName>
      <ManufactureName>החברה הדרומית לשיווק בעמ</ManufactureName>
      <ManufactureCountry />
      <ManufactureItemDescription />
      <UnitQty>יח`</UnitQty>
      <Quantity>700</Quantity>
      <UnitMeasure>מ"ל</UnitMeasure>
      <BisWeighted>0</BisWeighted>
      <QtyInPackage>1</QtyInPackage>
      <ItemPrice>11.90</ItemPrice>
      <UnitOfMeasurePrice>1.70</UnitOfMeasurePrice>
      <AllowDiscount>1</AllowDiscount>
      <itemStatus>1</itemStatus>
      <LastUpdateDate />
      <LastUpdateTime />
    </Product>
    <Product>
      <PriceUpdateDate>2019/01/30 08:31</PriceUpdateDate>
      <ItemCode>7290006788078</ItemCode>
      <ItemType>1</ItemType>
      <ItemName>מרכך 10 ירוק קרליין</ItemName>
      <ManufactureName>החברה הדרומית לשיווק בעמ</ManufactureName>
      <ManufactureCountry />
      <ManufactureItemDescription />
      <UnitQty>יח`</UnitQty>
      <Quantity>700</Quantity>
      <UnitMeasure>מ"ל</UnitMeasure>
      <BisWeighted>0</BisWeighted>
      <QtyInPackage>1</QtyInPackage>
      <ItemPrice>11.90</ItemPrice>
      <UnitOfMeasurePrice>1.70</UnitOfMeasurePrice>
      <AllowDiscount>1</AllowDiscount>
      <itemStatus>1</itemStatus>
      <LastUpdateDate />
      <LastUpdateTime />
    </Product>
    <Product>
      <PriceUpdateDate>2019/01/30 08:31</PriceUpdateDate>
      <ItemCode>7290006788085</ItemCode>
      <ItemType>1</ItemType>
      <ItemName>מרכך 10 אדום קרליין</ItemName>
      <ManufactureName>החברה הדרומית לשיווק בעמ</ManufactureName>
      <ManufactureCountry />
      <ManufactureItemDescription />
      <UnitQty>יח`</UnitQty>
      <Quantity>700</Quantity>
      <UnitMeasure>מ"ל</UnitMeasure>
      <BisWeighted>0</BisWeighted>
      <QtyInPackage>1</QtyInPackage>
      <ItemPrice>11.90</ItemPrice>
      <UnitOfMeasurePrice>1.70</UnitOfMeasurePrice>
      <AllowDiscount>1</AllowDiscount>
      <itemStatus>1</itemStatus>
      <LastUpdateDate />
      <LastUpdateTime />
    </Product>
    <Product>
      <PriceUpdateDate>2019/01/30 08:31</PriceUpdateDate>
      <ItemCode>7290006788092</ItemCode>
      <ItemType>1</ItemType>
      <ItemName>מרכך 10 סגול קרליין</ItemName>
      <ManufactureName>החברה הדרומית לשיווק בעמ</ManufactureName>
      <ManufactureCountry />
      <ManufactureItemDescription />
      <UnitQty>יח`</UnitQty>
      <Quantity>700</Quantity>
      <UnitMeasure>מ"ל</UnitMeasure>
      <BisWeighted>0</BisWeighted>
      <QtyInPackage>1</QtyInPackage>
      <ItemPrice>11.90</ItemPrice>
      <UnitOfMeasurePrice>1.70</UnitOfMeasurePrice>
      <AllowDiscount>1</AllowDiscount>
      <itemStatus>1</itemStatus>
      <LastUpdateDate />
      <LastUpdateTime />
    </Product>
    <Product>
      <PriceUpdateDate>2018/01/07 07:32</PriceUpdateDate>
      <ItemCode>7290006788412</ItemCode>
      <ItemType>1</ItemType>
      <ItemName>דאו נושם רול און קרליין - כחול</ItemName>
      <ManufactureName>החברה הדרומית לשיווק בעמ</ManufactureName>
      <ManufactureCountry />
      <ManufactureItemDescription />
      <UnitQty>יח`</UnitQty>
      <Quantity>50</Quantity>
      <UnitMeasure>גרם</UnitMeasure>
      <BisWeighted>0</BisWeighted>
      <QtyInPackage>1</QtyInPackage>
      <ItemPrice>12.90</ItemPrice>
      <UnitOfMeasurePrice>25.80</UnitOfMeasurePrice>
      <AllowDiscount>1</AllowDiscount>
      <itemStatus>1</itemStatus>
      <LastUpdateDate />
      <LastUpdateTime />
    </Product>
    <Product>
      <PriceUpdateDate>2018/01/07 07:32</PriceUpdateDate>
      <ItemCode>7290006788429</ItemCode>
      <ItemType>1</ItemType>
      <ItemName>דאו נושם רול און קרליין כתום</ItemName>
      <ManufactureName>החברה הדרומית לשיווק בעמ</ManufactureName>
      <ManufactureCountry />
      <ManufactureItemDescription />
      <UnitQty>יח`</UnitQty>
      <Quantity>75</Quantity>
      <UnitMeasure>גרם</UnitMeasure>
      <BisWeighted>0</BisWeighted>
      <QtyInPackage>1</QtyInPackage>
      <ItemPrice>12.90</ItemPrice>
      <UnitOfMeasurePrice>17.20</UnitOfMeasurePrice>
      <AllowDiscount>1</AllowDiscount>
      <itemStatus>1</itemStatus>
      <LastUpdateDate />
      <LastUpdateTime />
    </Product>
    <Product>
      <PriceUpdateDate>2018/01/07 07:32</PriceUpdateDate>
      <ItemCode>7290006788504</ItemCode>
      <ItemType>1</ItemType>
      <ItemName>דאו נושם ספריי קרליין</ItemName>
      <ManufactureName>החברה הדרומית לשיווק בעמ</ManufactureName>
      <ManufactureCountry />
      <ManufactureItemDescription />
      <UnitQty>יח`</UnitQty>
      <Quantity>200</Quantity>
      <UnitMeasure>מ"ל</UnitMeasure>
      <BisWeighted>0</BisWeighted>
      <QtyInPackage>1</QtyInPackage>
      <ItemPrice>12.90</ItemPrice>
      <UnitOfMeasurePrice>6.45</UnitOfMeasurePrice>
      <AllowDiscount>1</AllowDiscount>
      <itemStatus>1</itemStatus>
      <LastUpdateDate />
      <LastUpdateTime />
    </Product>
    <Product>
      <PriceUpdateDate>2019/01/30 08:31</PriceUpdateDate>
      <ItemCode>7290006788689</ItemCode>
      <ItemType>1</ItemType>
      <ItemName>שמפו ומרכך 10 קרליין</ItemName>
      <ManufactureName>החברה הדרומית לשיווק בעמ</ManufactureName>
      <ManufactureCountry />
      <ManufactureItemDescription />
      <UnitQty>יח`</UnitQty>
      <Quantity>700</Quantity>
      <UnitMeasure>מ"ל</UnitMeasure>
      <BisWeighted>0</BisWeighted>
      <QtyInPackage>1</QtyInPackage>
      <ItemPrice>11.90</ItemPrice>
      <UnitOfMeasurePrice>1.70</UnitOfMeasurePrice>
      <AllowDiscount>1</AllowDiscount>
      <itemStatus>1</itemStatus>
      <LastUpdateDate />
      <LastUpdateTime />
    </Product>
    <Product>
      <PriceUpdateDate>2015/05/27 11:55</PriceUpdateDate>
      <ItemCode>7290006805355</ItemCode>
      <ItemType>1</ItemType>
      <ItemName>פילסברי תערובת כדורי שוקולד</ItemName>
      <ManufactureName>ליימן שליסל בעמ</ManufactureName>
      <ManufactureCountry />
      <ManufactureItemDescription />
      <UnitQty>יח`</UnitQty>
      <Quantity>500</Quantity>
      <UnitMeasure>גרם</UnitMeasure>
      <BisWeighted>0</BisWeighted>
      <QtyInPackage>1</QtyInPackage>
      <ItemPrice>18.90</ItemPrice>
      <UnitOfMeasurePrice>3.78</UnitOfMeasurePrice>
      <AllowDiscount>1</AllowDiscount>
      <itemStatus>1</itemStatus>
      <LastUpdateDate />
      <LastUpdateTime />
    </Product>
    <Product>
      <PriceUpdateDate>2018/11/11 08:17</PriceUpdateDate>
      <ItemCode>7290006822192</ItemCode>
      <ItemType>1</ItemType>
      <ItemName>פריגת אושן ספריי 1 ליטר</ItemName>
      <ManufactureName>החברה המרכזית להפצת משקאות בעמ</ManufactureName>
      <ManufactureCountry />
      <ManufactureItemDescription />
      <UnitQty>יח`</UnitQty>
      <Quantity>1</Quantity>
      <UnitMeasure>1 ליטר</UnitMeasure>
      <BisWeighted>0</BisWeighted>
      <QtyInPackage>1</QtyInPackage>
      <ItemPrice>10.90</ItemPrice>
      <UnitOfMeasurePrice>10.90</UnitOfMeasurePrice>
      <AllowDiscount>0</AllowDiscount>
      <itemStatus>1</itemStatus>
      <LastUpdateDate />
      <LastUpdateTime />
    </Product>
    <Product>
      <PriceUpdateDate>2019/09/04 10:55</PriceUpdateDate>
      <ItemCode>7290006822840</ItemCode>
      <ItemType>1</ItemType>
      <ItemName>בירה שחורה מאלטי (1.5 ליטר)</ItemName>
      <ManufactureName>החברה המרכזית להפצת משקאות בעמ</ManufactureName>
      <ManufactureCountry />
      <ManufactureItemDescription />
      <UnitQty>יח`</UnitQty>
      <Quantity>1.50</Quantity>
      <UnitMeasure>1 ליטר</UnitMeasure>
      <BisWeighted>0</BisWeighted>
      <QtyInPackage>1</QtyInPackage>
      <ItemPrice>8.50</ItemPrice>
      <UnitOfMeasurePrice>5.67</UnitOfMeasurePrice>
      <AllowDiscount>1</AllowDiscount>
      <itemStatus>1</itemStatus>
      <LastUpdateDate />
      <LastUpdateTime />
    </Product>
    <Product>
      <PriceUpdateDate>2016/02/14 09:17</PriceUpdateDate>
      <ItemCode>7290006869449</ItemCode>
      <ItemType>1</ItemType>
      <ItemName>לבן 3% טרה (150 מל)</ItemName>
      <ManufactureName>החב` המרכזית - טרה</ManufactureName>
      <ManufactureCountry />
      <ManufactureItemDescription />
      <UnitQty>יח`</UnitQty>
      <Quantity>150</Quantity>
      <UnitMeasure>מ"ל</UnitMeasure>
      <BisWeighted>0</BisWeighted>
      <QtyInPackage>1</QtyInPackage>
      <ItemPrice>1.05</ItemPrice>
      <UnitOfMeasurePrice>0.70</UnitOfMeasurePrice>
      <AllowDiscount>0</AllowDiscount>
      <itemStatus>1</itemStatus>
      <LastUpdateDate />
      <LastUpdateTime />
    </Product>
    <Product>
      <PriceUpdateDate>2015/11/09 08:07</PriceUpdateDate>
      <ItemCode>7290006908360</ItemCode>
      <ItemType>1</ItemType>
      <ItemName>שקדים קלויים פיצוחי חממה (150 גרם)</ItemName>
      <ManufactureName>בוטנת בעמ</ManufactureName>
      <ManufactureCountry />
      <ManufactureItemDescription />
      <UnitQty>יח`</UnitQty>
      <Quantity>150</Quantity>
      <UnitMeasure>גרם</UnitMeasure>
      <BisWeighted>0</BisWeighted>
      <QtyInPackage>1</QtyInPackage>
      <ItemPrice>16.90</ItemPrice>
      <UnitOfMeasurePrice>11.27</UnitOfMeasurePrice>
      <AllowDiscount>0</AllowDiscount>
      <itemStatus>1</itemStatus>
      <LastUpdateDate />
      <LastUpdateTime />
    </Product>
    <Product>
      <PriceUpdateDate>2015/11/09 08:07</PriceUpdateDate>
      <ItemCode>7290006908391</ItemCode>
      <ItemType>1</ItemType>
      <ItemName>אגוזי קשיו קלויים פיצוחי חממה (150 גרם)</ItemName>
      <ManufactureName>בוטנת בעמ</ManufactureName>
      <ManufactureCountry />
      <ManufactureItemDescription />
      <UnitQty>יח`</UnitQty>
      <Quantity>150</Quantity>
      <UnitMeasure>גרם</UnitMeasure>
      <BisWeighted>0</BisWeighted>
      <QtyInPackage>1</QtyInPackage>
      <ItemPrice>16.90</ItemPrice>
      <UnitOfMeasurePrice>11.27</UnitOfMeasurePrice>
      <AllowDiscount>1</AllowDiscount>
      <itemStatus>1</itemStatus>
      <LastUpdateDate />
      <LastUpdateTime />
    </Product>
    <Product>
      <PriceUpdateDate>2019/02/03 10:51</PriceUpdateDate>
      <ItemCode>7290006920836</ItemCode>
      <ItemType>1</ItemType>
      <ItemName>מעושן פרוס 350 גרם</ItemName>
      <ManufactureName>צ.י תעשיות מזון יבנה בעמ</ManufactureName>
      <ManufactureCountry />
      <ManufactureItemDescription />
      <UnitQty>יח`</UnitQty>
      <Quantity>350</Quantity>
      <UnitMeasure>גרם</UnitMeasure>
      <BisWeighted>0</BisWeighted>
      <QtyInPackage>1</QtyInPackage>
      <ItemPrice>14.90</ItemPrice>
      <UnitOfMeasurePrice>4.26</UnitOfMeasurePrice>
      <AllowDiscount>1</AllowDiscount>
      <itemStatus>1</itemStatus>
      <LastUpdateDate />
      <LastUpdateTime />
    </Product>
    <Product>
      <PriceUpdateDate>2014/11/09 13:55</PriceUpdateDate>
      <ItemCode>7290006983152</ItemCode>
      <ItemType>1</ItemType>
      <ItemName>קרוטונים מתובלים למרק אסם (400 גרם)</ItemName>
      <ManufactureName>קבוצת אסם סחר שות. מוגבלת</ManufactureName>
      <ManufactureCountry />
      <ManufactureItemDescription />
      <UnitQty>יח`</UnitQty>
      <Quantity>400</Quantity>
      <UnitMeasure>גרם</UnitMeasure>
      <BisWeighted>0</BisWeighted>
      <QtyInPackage>1</QtyInPackage>
      <ItemPrice>19.90</ItemPrice>
      <UnitOfMeasurePrice>4.98</UnitOfMeasurePrice>
      <AllowDiscount>0</AllowDiscount>
      <itemStatus>1</itemStatus>
      <LastUpdateDate />
      <LastUpdateTime />
    </Product>
    <Product>
      <PriceUpdateDate>2014/07/06 08:09</PriceUpdateDate>
      <ItemCode>7290006983176</ItemCode>
      <ItemType>1</ItemType>
      <ItemName>קרקר לחמית שיפון אסם (230 גרם)</ItemName>
      <ManufactureName>קבוצת אסם סחר שות. מוגבלת</ManufactureName>
      <ManufactureCountry />
      <ManufactureItemDescription />
      <UnitQty>יח`</UnitQty>
      <Quantity>230</Quantity>
      <UnitMeasure>גרם</UnitMeasure>
      <BisWeighted>0</BisWeighted>
      <QtyInPackage>1</QtyInPackage>
      <ItemPrice>8.90</ItemPrice>
      <UnitOfMeasurePrice>3.87</UnitOfMeasurePrice>
      <AllowDiscount>1</AllowDiscount>
      <itemStatus>1</itemStatus>
      <LastUpdateDate />
      <LastUpdateTime />
    </Product>
    <Product>
      <PriceUpdateDate>2015/12/01 18:43</PriceUpdateDate>
      <ItemCode>7290006983206</ItemCode>
      <ItemType>1</ItemType>
      <ItemName>פלאפל בקלי קלות 90 גר`</ItemName>
      <ManufactureName>קבוצת אסם סחר שות. מוגבלת</ManufactureName>
      <ManufactureCountry />
      <ManufactureItemDescription />
      <UnitQty>יח`</UnitQty>
      <Quantity>90</Quantity>
      <UnitMeasure>גרם</UnitMeasure>
      <BisWeighted>0</BisWeighted>
      <QtyInPackage>1</QtyInPackage>
      <ItemPrice>10.90</ItemPrice>
      <UnitOfMeasurePrice>12.11</UnitOfMeasurePrice>
      <AllowDiscount>0</AllowDiscount>
      <itemStatus>1</itemStatus>
      <LastUpdateDate />
      <LastUpdateTime />
    </Product>
    <Product>
      <PriceUpdateDate>2015/07/22 08:27</PriceUpdateDate>
      <ItemCode>7290006983763</ItemCode>
      <ItemType>1</ItemType>
      <ItemName>עוגת הבית בטעם שוקולד אסם (400 גרם)</ItemName>
      <ManufactureName>קבוצת אסם סחר שות. מוגבלת</ManufactureName>
      <ManufactureCountry />
      <ManufactureItemDescription />
      <UnitQty>יח`</UnitQty>
      <Quantity>400</Quantity>
      <UnitMeasure>גרם</UnitMeasure>
      <BisWeighted>0</BisWeighted>
      <QtyInPackage>1</QtyInPackage>
      <ItemPrice>11.90</ItemPrice>
      <UnitOfMeasurePrice>2.98</UnitOfMeasurePrice>
      <AllowDiscount>0</AllowDiscount>
      <itemStatus>1</itemStatus>
      <LastUpdateDate />
      <LastUpdateTime />
    </Product>
    <Product>
      <PriceUpdateDate>2015/07/22 08:27</PriceUpdateDate>
      <ItemCode>7290006983770</ItemCode>
      <ItemType>1</ItemType>
      <ItemName>עוגת הבית שיש אסם (400 גרם)</ItemName>
      <ManufactureName>קבוצת אסם סחר שות. מוגבלת</ManufactureName>
      <ManufactureCountry />
      <ManufactureItemDescription />
      <UnitQty>יח`</UnitQty>
      <Quantity>400</Quantity>
      <UnitMeasure>גרם</UnitMeasure>
      <BisWeighted>0</BisWeighted>
      <QtyInPackage>1</QtyInPackage>
      <ItemPrice>11.90</ItemPrice>
      <UnitOfMeasurePrice>2.98</UnitOfMeasurePrice>
      <AllowDiscount>0</AllowDiscount>
      <itemStatus>1</itemStatus>
      <LastUpdateDate />
      <LastUpdateTime />
    </Product>
    <Product>
      <PriceUpdateDate>2015/07/22 08:27</PriceUpdateDate>
      <ItemCode>7290006983787</ItemCode>
      <ItemType>1</ItemType>
      <ItemName>עוגת הבית שוקוצ`יפס אסם (400 גרם)</ItemName>
      <ManufactureName>קבוצת אסם סחר שות. מוגבלת</ManufactureName>
      <ManufactureCountry />
      <ManufactureItemDescription />
      <UnitQty>יח`</UnitQty>
      <Quantity>400</Quantity>
      <UnitMeasure>גרם</UnitMeasure>
      <BisWeighted>0</BisWeighted>
      <QtyInPackage>1</QtyInPackage>
      <ItemPrice>11.90</ItemPrice>
      <UnitOfMeasurePrice>2.98</UnitOfMeasurePrice>
      <AllowDiscount>0</AllowDiscount>
      <itemStatus>1</itemStatus>
      <LastUpdateDate />
      <LastUpdateTime />
    </Product>
    <Product>
      <PriceUpdateDate>2015/07/22 08:27</PriceUpdateDate>
      <ItemCode>7290006983794</ItemCode>
      <ItemType>1</ItemType>
      <ItemName>עוגת הבית תפוז אסם (400 גרם)</ItemName>
      <ManufactureName>קבוצת אסם סחר שות. מוגבלת</ManufactureName>
      <ManufactureCountry />
      <ManufactureItemDescription />
      <UnitQty>יח`</UnitQty>
      <Quantity>400</Quantity>
      <UnitMeasure>גרם</UnitMeasure>
      <BisWeighted>0</BisWeighted>
      <QtyInPackage>1</QtyInPackage>
      <ItemPrice>11.90</ItemPrice>
      <UnitOfMeasurePrice>2.98</UnitOfMeasurePrice>
      <AllowDiscount>0</AllowDiscount>
      <itemStatus>1</itemStatus>
      <LastUpdateDate />
      <LastUpdateTime />
    </Product>
    <Product>
      <PriceUpdateDate>2015/04/12 18:16</PriceUpdateDate>
      <ItemCode>7290006984647</ItemCode>
      <ItemType>1</ItemType>
      <ItemName>פריכונים בטעם מלוח אסם (80 גרם)</ItemName>
      <ManufactureName>קבוצת אסם סחר שות. מוגבלת</ManufactureName>
      <ManufactureCountry />
      <ManufactureItemDescription />
      <UnitQty>יח`</UnitQty>
      <Quantity>80</Quantity>
      <UnitMeasure>גרם</UnitMeasure>
      <BisWeighted>0</BisWeighted>
      <QtyInPackage>1</QtyInPackage>
      <ItemPrice>7.90</ItemPrice>
      <UnitOfMeasurePrice>9.88</UnitOfMeasurePrice>
      <AllowDiscount>0</AllowDiscount>
      <itemStatus>1</itemStatus>
      <LastUpdateDate />
      <LastUpdateTime />
    </Product>
    <Product>
      <PriceUpdateDate>2014/04/13 13:35</PriceUpdateDate>
      <ItemCode>7290006992161</ItemCode>
      <ItemType>1</ItemType>
      <ItemName>דייסת קורנפלור מטרנה (200 גרם)</ItemName>
      <ManufactureName>קבוצת אסם סחר שות. מוגבלת</ManufactureName>
      <ManufactureCountry />
      <ManufactureItemDescription />
      <UnitQty>יח`</UnitQty>
      <Quantity>200</Quantity>
      <UnitMeasure>גרם</UnitMeasure>
      <BisWeighted>0</BisWeighted>
      <QtyInPackage>1</QtyInPackage>
      <ItemPrice>12.90</ItemPrice>
      <UnitOfMeasurePrice>6.45</UnitOfMeasurePrice>
      <AllowDiscount>0</AllowDiscount>
      <itemStatus>1</itemStatus>
      <LastUpdateDate />
      <LastUpdateTime />
    </Product>
    <Product>
      <PriceUpdateDate>2014/04/13 13:35</PriceUpdateDate>
      <ItemCode>7290006992185</ItemCode>
      <ItemType>1</ItemType>
      <ItemName>דייסת אורז מטרנה (200 גרם)</ItemName>
      <ManufactureName>קבוצת אסם סחר שות. מוגבלת</ManufactureName>
      <ManufactureCountry />
      <ManufactureItemDescription />
      <UnitQty>יח`</UnitQty>
      <Quantity>200</Quantity>
      <UnitMeasure>גרם</UnitMeasure>
      <BisWeighted>0</BisWeighted>
      <QtyInPackage>1</QtyInPackage>
      <ItemPrice>12.90</ItemPrice>
      <UnitOfMeasurePrice>6.45</UnitOfMeasurePrice>
      <AllowDiscount>0</AllowDiscount>
      <itemStatus>1</itemStatus>
      <LastUpdateDate />
      <LastUpdateTime />
    </Product>
    <Product>
      <PriceUpdateDate>2014/04/13 13:35</PriceUpdateDate>
      <ItemCode>7290006992208</ItemCode>
      <ItemType>1</ItemType>
      <ItemName>דייסת דגנים מעורבים מטרנה (200 גרם)</ItemName>
      <ManufactureName>קבוצת אסם סחר שות. מוגבלת</ManufactureName>
      <ManufactureCountry />
      <ManufactureItemDescription />
      <UnitQty>יח`</UnitQty>
      <Quantity>200</Quantity>
      <UnitMeasure>גרם</UnitMeasure>
      <BisWeighted>0</BisWeighted>
      <QtyInPackage>1</QtyInPackage>
      <ItemPrice>12.90</ItemPrice>
      <UnitOfMeasurePrice>6.45</UnitOfMeasurePrice>
      <AllowDiscount>0</AllowDiscount>
      <itemStatus>1</itemStatus>
      <LastUpdateDate />
      <LastUpdateTime />
    </Product>
    <Product>
      <PriceUpdateDate>2014/04/13 13:35</PriceUpdateDate>
      <ItemCode>7290006992390</ItemCode>
      <ItemType>1</ItemType>
      <ItemName>דייסת וניל מטרנה (200 גרם)</ItemName>
      <ManufactureName>קבוצת אסם סחר שות. מוגבלת</ManufactureName>
      <ManufactureCountry />
      <ManufactureItemDescription />
      <UnitQty>יח`</UnitQty>
      <Quantity>200</Quantity>
      <UnitMeasure>גרם</UnitMeasure>
      <BisWeighted>0</BisWeighted>
      <QtyInPackage>1</QtyInPackage>
      <ItemPrice>12.90</ItemPrice>
      <UnitOfMeasurePrice>6.45</UnitOfMeasurePrice>
      <AllowDiscount>0</AllowDiscount>
      <itemStatus>1</itemStatus>
      <LastUpdateDate />
      <LastUpdateTime />
    </Product>
    <Product>
      <PriceUpdateDate>2019/06/03 08:29</PriceUpdateDate>
      <ItemCode>7290008000246</ItemCode>
      <ItemType>1</ItemType>
      <ItemName>שטיפה אינטימית אלוורה פמינה (220 מל)</ItemName>
      <ManufactureName>גורי ע.ע.ע בעמ</ManufactureName>
      <ManufactureCountry />
      <ManufactureItemDescription />
      <UnitQty>יח`</UnitQty>
      <Quantity>220</Quantity>
      <UnitMeasure>מ"ל</UnitMeasure>
      <BisWeighted>0</BisWeighted>
      <QtyInPackage>1</QtyInPackage>
      <ItemPrice>22.90</ItemPrice>
      <UnitOfMeasurePrice>10.41</UnitOfMeasurePrice>
      <AllowDiscount>0</AllowDiscount>
      <itemStatus>1</itemStatus>
      <LastUpdateDate />
      <LastUpdateTime />
    </Product>
    <Product>
      <PriceUpdateDate>2017/04/30 11:56</PriceUpdateDate>
      <ItemCode>7290008021043</ItemCode>
      <ItemType>1</ItemType>
      <ItemName>שמפו לשיער רגיל פינוק (700 מל)</ItemName>
      <ManufactureName>יוניליוור ישראל שיווק בעמ</ManufactureName>
      <ManufactureCountry />
      <ManufactureItemDescription />
      <UnitQty>יח`</UnitQty>
      <Quantity>700</Quantity>
      <UnitMeasure>מ"ל</UnitMeasure>
      <BisWeighted>0</BisWeighted>
      <QtyInPackage>1</QtyInPackage>
      <ItemPrice>12.90</ItemPrice>
      <UnitOfMeasurePrice>1.84</UnitOfMeasurePrice>
      <AllowDiscount>1</AllowDiscount>
      <itemStatus>1</itemStatus>
      <LastUpdateDate />
      <LastUpdateTime />
    </Product>
    <Product>
      <PriceUpdateDate>2017/04/30 11:56</PriceUpdateDate>
      <ItemCode>7290008021050</ItemCode>
      <ItemType>1</ItemType>
      <ItemName>שמפו לשיער יבש ופגום פינוק (700 מל)</ItemName>
      <ManufactureName>יוניליוור ישראל שיווק בעמ</ManufactureName>
      <ManufactureCountry />
      <ManufactureItemDescription />
      <UnitQty>יח`</UnitQty>
      <Quantity>700</Quantity>
      <UnitMeasure>מ"ל</UnitMeasure>
      <BisWeighted>0</BisWeighted>
      <QtyInPackage>1</QtyInPackage>
      <ItemPrice>12.90</ItemPrice>
      <UnitOfMeasurePrice>1.84</UnitOfMeasurePrice>
      <AllowDiscount>1</AllowDiscount>
      <itemStatus>1</itemStatus>
      <LastUpdateDate />
      <LastUpdateTime />
    </Product>
    <Product>
      <PriceUpdateDate>2017/04/30 11:56</PriceUpdateDate>
      <ItemCode>7290008021104</ItemCode>
      <ItemType>1</ItemType>
      <ItemName>מרכך לשיער רגיל פינוק (700 מל)</ItemName>
      <ManufactureName>יוניליוור ישראל שיווק בעמ</ManufactureName>
      <ManufactureCountry />
      <ManufactureItemDescription />
      <UnitQty>יח`</UnitQty>
      <Quantity>700</Quantity>
      <UnitMeasure>מ"ל</UnitMeasure>
      <BisWeighted>0</BisWeighted>
      <QtyInPackage>1</QtyInPackage>
      <ItemPrice>12.90</ItemPrice>
      <UnitOfMeasurePrice>1.84</UnitOfMeasurePrice>
      <AllowDiscount>1</AllowDiscount>
      <itemStatus>1</itemStatus>
      <LastUpdateDate />
      <LastUpdateTime />
    </Product>
    <Product>
      <PriceUpdateDate>2017/04/30 11:56</PriceUpdateDate>
      <ItemCode>7290008021111</ItemCode>
      <ItemType>1</ItemType>
      <ItemName>מרכך לשיער יבש פינוק (700 מל)</ItemName>
      <ManufactureName>יוניליוור ישראל שיווק בעמ</ManufactureName>
      <ManufactureCountry />
      <ManufactureItemDescription />
      <UnitQty>יח`</UnitQty>
      <Quantity>700</Quantity>
      <UnitMeasure>מ"ל</UnitMeasure>
      <BisWeighted>0</BisWeighted>
      <QtyInPackage>1</QtyInPackage>
      <ItemPrice>12.90</ItemPrice>
      <UnitOfMeasurePrice>1.84</UnitOfMeasurePrice>
      <AllowDiscount>1</AllowDiscount>
      <itemStatus>1</itemStatus>
      <LastUpdateDate />
      <LastUpdateTime />
    </Product>
    <Product>
      <PriceUpdateDate>2017/04/30 11:56</PriceUpdateDate>
      <ItemCode>7290008021135</ItemCode>
      <ItemType>1</ItemType>
      <ItemName>שמפו ומרכך לשיער רגיל פינוק (700 מל)</ItemName>
      <ManufactureName>יוניליוור ישראל שיווק בעמ</ManufactureName>
      <ManufactureCountry />
      <ManufactureItemDescription />
      <UnitQty>יח`</UnitQty>
      <Quantity>700</Quantity>
      <UnitMeasure>מ"ל</UnitMeasure>
      <BisWeighted>0</BisWeighted>
      <QtyInPackage>1</QtyInPackage>
      <ItemPrice>12.90</ItemPrice>
      <UnitOfMeasurePrice>1.84</UnitOfMeasurePrice>
      <AllowDiscount>1</AllowDiscount>
      <itemStatus>1</itemStatus>
      <LastUpdateDate />
      <LastUpdateTime />
    </Product>
    <Product>
      <PriceUpdateDate>2018/06/07 08:23</PriceUpdateDate>
      <ItemCode>7290008101257</ItemCode>
      <ItemType>1</ItemType>
      <ItemName>זרעי צ`יה 300 גר` תבליני מימון</ItemName>
      <ManufactureName>א.ל.ייצור ושיווק תבלינים בעמ</ManufactureName>
      <ManufactureCountry />
      <ManufactureItemDescription />
      <UnitQty>יח`</UnitQty>
      <Quantity>300</Quantity>
      <UnitMeasure>גרם</UnitMeasure>
      <BisWeighted>0</BisWeighted>
      <QtyInPackage>1</QtyInPackage>
      <ItemPrice>27.90</ItemPrice>
      <UnitOfMeasurePrice>9.30</UnitOfMeasurePrice>
      <AllowDiscount>1</AllowDiscount>
      <itemStatus>1</itemStatus>
      <LastUpdateDate />
      <LastUpdateTime />
    </Product>
    <Product>
      <PriceUpdateDate>2018/06/07 08:23</PriceUpdateDate>
      <ItemCode>7290008101264</ItemCode>
      <ItemType>1</ItemType>
      <ItemName>זרעי צ`יה 150 גר` תבליני מימון</ItemName>
      <ManufactureName>א.ל.ייצור ושיווק תבלינים בעמ</ManufactureName>
      <ManufactureCountry />
      <ManufactureItemDescription />
      <UnitQty>יח`</UnitQty>
      <Quantity>150</Quantity>
      <UnitMeasure>גרם</UnitMeasure>
      <BisWeighted>0</BisWeighted>
      <QtyInPackage>1</QtyInPackage>
      <ItemPrice>14.90</ItemPrice>
      <UnitOfMeasurePrice>9.93</UnitOfMeasurePrice>
      <AllowDiscount>1</AllowDiscount>
      <itemStatus>1</itemStatus>
      <LastUpdateDate />
      <LastUpdateTime />
    </Product>
    <Product>
      <PriceUpdateDate>2019/02/26 07:22</PriceUpdateDate>
      <ItemCode>7290008116541</ItemCode>
      <ItemType>1</ItemType>
      <ItemName>ליסטרין קול מינט 500 מל</ItemName>
      <ManufactureName>שקד תבל בעמ</ManufactureName>
      <ManufactureCountry />
      <ManufactureItemDescription />
      <UnitQty>יח`</UnitQty>
      <Quantity>500</Quantity>
      <UnitMeasure>מ"ל</UnitMeasure>
      <BisWeighted>0</BisWeighted>
      <QtyInPackage>1</QtyInPackage>
      <ItemPrice>19.90</ItemPrice>
      <UnitOfMeasurePrice>3.98</UnitOfMeasurePrice>
      <AllowDiscount>1</AllowDiscount>
      <itemStatus>1</itemStatus>
      <LastUpdateDate />
      <LastUpdateTime />
    </Product>
    <Product>
      <PriceUpdateDate>2019/02/26 07:22</PriceUpdateDate>
      <ItemCode>7290008116565</ItemCode>
      <ItemType>1</ItemType>
      <ItemName>ליסטרין פרש מינט 500 מל</ItemName>
      <ManufactureName>שקד תבל בעמ</ManufactureName>
      <ManufactureCountry />
      <ManufactureItemDescription />
      <UnitQty>יח`</UnitQty>
      <Quantity>500</Quantity>
      <UnitMeasure>מ"ל</UnitMeasure>
      <BisWeighted>0</BisWeighted>
      <QtyInPackage>1</QtyInPackage>
      <ItemPrice>19.90</ItemPrice>
      <UnitOfMeasurePrice>3.98</UnitOfMeasurePrice>
      <AllowDiscount>1</AllowDiscount>
      <itemStatus>1</itemStatus>
      <LastUpdateDate />
      <LastUpdateTime />
    </Product>
    <Product>
      <PriceUpdateDate>2014/01/01 08:37</PriceUpdateDate>
      <ItemCode>7290008154222</ItemCode>
      <ItemType>1</ItemType>
      <ItemName>שניצלונים 700 גר` עוף טוב</ItemName>
      <ManufactureName>קבוצת אסם סחר שות. מוגבלת</ManufactureName>
      <ManufactureCountry />
      <ManufactureItemDescription />
      <UnitQty>יח`</UnitQty>
      <Quantity>700</Quantity>
      <UnitMeasure>גרם</UnitMeasure>
      <BisWeighted>0</BisWeighted>
      <QtyInPackage>1</QtyInPackage>
      <ItemPrice>19.90</ItemPrice>
      <UnitOfMeasurePrice>2.84</UnitOfMeasurePrice>
      <AllowDiscount>0</AllowDiscount>
      <itemStatus>1</itemStatus>
      <LastUpdateDate />
      <LastUpdateTime />
    </Product>
    <Product>
      <PriceUpdateDate>2019/09/03 16:29</PriceUpdateDate>
      <ItemCode>7290008175173</ItemCode>
      <ItemType>1</ItemType>
      <ItemName>חמאה מפינלנד ללא תוספת מלח (200 גרם)</ItemName>
      <ManufactureName>ג.וילי-פוד אינטרנשיונל בעמ</ManufactureName>
      <ManufactureCountry />
      <ManufactureItemDescription />
      <UnitQty>יח`</UnitQty>
      <Quantity>200</Quantity>
      <UnitMeasure>גרם</UnitMeasure>
      <BisWeighted>0</BisWeighted>
      <QtyInPackage>1</QtyInPackage>
      <ItemPrice>11.90</ItemPrice>
      <UnitOfMeasurePrice>5.95</UnitOfMeasurePrice>
      <AllowDiscount>0</AllowDiscount>
      <itemStatus>1</itemStatus>
      <LastUpdateDate />
      <LastUpdateTime />
    </Product>
    <Product>
      <PriceUpdateDate>2014/04/30 09:44</PriceUpdateDate>
      <ItemCode>7290008175692</ItemCode>
      <ItemType>1</ItemType>
      <ItemName>איטריות נודלס 400 גר`</ItemName>
      <ManufactureName>ג.וילי-פוד אינטרנשיונל בעמ</ManufactureName>
      <ManufactureCountry />
      <ManufactureItemDescription />
      <UnitQty>יח`</UnitQty>
      <Quantity>400</Quantity>
      <UnitMeasure>גרם</UnitMeasure>
      <BisWeighted>0</BisWeighted>
      <QtyInPackage>1</QtyInPackage>
      <ItemPrice>5.90</ItemPrice>
      <UnitOfMeasurePrice>1.48</UnitOfMeasurePrice>
      <AllowDiscount>0</AllowDiscount>
      <itemStatus>1</itemStatus>
      <LastUpdateDate />
      <LastUpdateTime />
    </Product>
    <Product>
      <PriceUpdateDate>2016/05/15 08:15</PriceUpdateDate>
      <ItemCode>7290008190909</ItemCode>
      <ItemType>1</ItemType>
      <ItemName>מיני קוקיס שוקו ציפס 600ג`</ItemName>
      <ManufactureName>כרמית תעשיות ממתקים בעמ</ManufactureName>
      <ManufactureCountry />
      <ManufactureItemDescription />
      <UnitQty>יח`</UnitQty>
      <Quantity>600</Quantity>
      <UnitMeasure>גרם</UnitMeasure>
      <BisWeighted>0</BisWeighted>
      <QtyInPackage>1</QtyInPackage>
      <ItemPrice>17.90</ItemPrice>
      <UnitOfMeasurePrice>2.98</UnitOfMeasurePrice>
      <AllowDiscount>1</AllowDiscount>
      <itemStatus>1</itemStatus>
      <LastUpdateDate />
      <LastUpdateTime />
    </Product>
    <Product>
      <PriceUpdateDate>2018/01/03 11:00</PriceUpdateDate>
      <ItemCode>7290008194266</ItemCode>
      <ItemType>1</ItemType>
      <ItemName>ממתקי מארזים 350 גר`</ItemName>
      <ManufactureName>ממתקי השלום בעולם בעמ</ManufactureName>
      <ManufactureCountry />
      <ManufactureItemDescription />
      <UnitQty>יח`</UnitQty>
      <Quantity>350</Quantity>
      <UnitMeasure>גרם</UnitMeasure>
      <BisWeighted>0</BisWeighted>
      <QtyInPackage>1</QtyInPackage>
      <ItemPrice>12.90</ItemPrice>
      <UnitOfMeasurePrice>3.69</UnitOfMeasurePrice>
      <AllowDiscount>0</AllowDiscount>
      <itemStatus>1</itemStatus>
      <LastUpdateDate />
      <LastUpdateTime />
    </Product>
    <Product>
      <PriceUpdateDate>2018/10/28 10:26</PriceUpdateDate>
      <ItemCode>7290008328913</ItemCode>
      <ItemType>1</ItemType>
      <ItemName>סילאן תמרים טהור 900 גרם</ItemName>
      <ManufactureName>בני ג`ורג` שוקחה (חיפה) בעמ</ManufactureName>
      <ManufactureCountry />
      <ManufactureItemDescription />
      <UnitQty>יח`</UnitQty>
      <Quantity>900</Quantity>
      <UnitMeasure>גרם</UnitMeasure>
      <BisWeighted>0</BisWeighted>
      <QtyInPackage>1</QtyInPackage>
      <ItemPrice>16.90</ItemPrice>
      <UnitOfMeasurePrice>1.88</UnitOfMeasurePrice>
      <AllowDiscount>0</AllowDiscount>
      <itemStatus>1</itemStatus>
      <LastUpdateDate />
      <LastUpdateTime />
    </Product>
    <Product>
      <PriceUpdateDate>2015/12/01 18:43</PriceUpdateDate>
      <ItemCode>7290008330381</ItemCode>
      <ItemType>1</ItemType>
      <ItemName>בדין דפי מרכך</ItemName>
      <ManufactureName>יוניליוור ישראל שיווק בעמ</ManufactureName>
      <ManufactureCountry />
      <ManufactureItemDescription />
      <UnitQty>יח`</UnitQty>
      <Quantity>1</Quantity>
      <UnitMeasure />
      <BisWeighted>0</BisWeighted>
      <QtyInPackage>1</QtyInPackage>
      <ItemPrice>18.90</ItemPrice>
      <UnitOfMeasurePrice>18.90</UnitOfMeasurePrice>
      <AllowDiscount>1</AllowDiscount>
      <itemStatus>1</itemStatus>
      <LastUpdateDate />
      <LastUpdateTime />
    </Product>
    <Product>
      <PriceUpdateDate>2015/12/01 18:43</PriceUpdateDate>
      <ItemCode>7290008330398</ItemCode>
      <ItemType>1</ItemType>
      <ItemName>בדין דפי מרכך</ItemName>
      <ManufactureName>יוניליוור ישראל שיווק בעמ</ManufactureName>
      <ManufactureCountry />
      <ManufactureItemDescription />
      <UnitQty>יח`</UnitQty>
      <Quantity>1</Quantity>
      <UnitMeasure />
      <BisWeighted>0</BisWeighted>
      <QtyInPackage>1</QtyInPackage>
      <ItemPrice>18.90</ItemPrice>
      <UnitOfMeasurePrice>18.90</UnitOfMeasurePrice>
      <AllowDiscount>1</AllowDiscount>
      <itemStatus>1</itemStatus>
      <LastUpdateDate />
      <LastUpdateTime />
    </Product>
    <Product>
      <PriceUpdateDate>2015/01/20 08:19</PriceUpdateDate>
      <ItemCode>7290008333115</ItemCode>
      <ItemType>1</ItemType>
      <ItemName>ג`לטין דגים טהור</ItemName>
      <ManufactureName>נטו מלינדה סחר בעמ</ManufactureName>
      <ManufactureCountry />
      <ManufactureItemDescription />
      <UnitQty>יח`</UnitQty>
      <Quantity>28</Quantity>
      <UnitMeasure>גרם</UnitMeasure>
      <BisWeighted>0</BisWeighted>
      <QtyInPackage>1</QtyInPackage>
      <ItemPrice>10.90</ItemPrice>
      <UnitOfMeasurePrice>38.93</UnitOfMeasurePrice>
      <AllowDiscount>0</AllowDiscount>
      <itemStatus>1</itemStatus>
      <LastUpdateDate />
      <LastUpdateTime />
    </Product>
    <Product>
      <PriceUpdateDate>2015/03/02 16:17</PriceUpdateDate>
      <ItemCode>7290008343466</ItemCode>
      <ItemType>1</ItemType>
      <ItemName>בצק פילו שלושת האופים (500 גרם)</ItemName>
      <ManufactureName>נטו מלינדה סחר בעמ</ManufactureName>
      <ManufactureCountry />
      <ManufactureItemDescription />
      <UnitQty>יח`</UnitQty>
      <Quantity>500</Quantity>
      <UnitMeasure>גרם</UnitMeasure>
      <BisWeighted>0</BisWeighted>
      <QtyInPackage>1</QtyInPackage>
      <ItemPrice>19.90</ItemPrice>
      <UnitOfMeasurePrice>3.98</UnitOfMeasurePrice>
      <AllowDiscount>1</AllowDiscount>
      <itemStatus>1</itemStatus>
      <LastUpdateDate />
      <LastUpdateTime />
    </Product>
    <Product>
      <PriceUpdateDate>2015/01/20 08:19</PriceUpdateDate>
      <ItemCode>7290008343473</ItemCode>
      <ItemType>1</ItemType>
      <ItemName>עלי בצק לסיגרים שלושת האופים (500 גרם)</ItemName>
      <ManufactureName>נטו מלינדה סחר בעמ</ManufactureName>
      <ManufactureCountry />
      <ManufactureItemDescription />
      <UnitQty>יח`</UnitQty>
      <Quantity>500</Quantity>
      <UnitMeasure>גרם</UnitMeasure>
      <BisWeighted>0</BisWeighted>
      <QtyInPackage>1</QtyInPackage>
      <ItemPrice>11.90</ItemPrice>
      <UnitOfMeasurePrice>2.38</UnitOfMeasurePrice>
      <AllowDiscount>0</AllowDiscount>
      <itemStatus>1</itemStatus>
      <LastUpdateDate />
      <LastUpdateTime />
    </Product>
    <Product>
      <PriceUpdateDate>2015/03/02 16:17</PriceUpdateDate>
      <ItemCode>7290008343503</ItemCode>
      <ItemType>1</ItemType>
      <ItemName>ג`חנון אפוי 650 גר`</ItemName>
      <ManufactureName>נטו מלינדה סחר בעמ</ManufactureName>
      <ManufactureCountry />
      <ManufactureItemDescription />
      <UnitQty>יח`</UnitQty>
      <Quantity>650</Quantity>
      <UnitMeasure>גרם</UnitMeasure>
      <BisWeighted>0</BisWeighted>
      <QtyInPackage>1</QtyInPackage>
      <ItemPrice>21.90</ItemPrice>
      <UnitOfMeasurePrice>3.37</UnitOfMeasurePrice>
      <AllowDiscount>1</AllowDiscount>
      <itemStatus>1</itemStatus>
      <LastUpdateDate />
      <LastUpdateTime />
    </Product>
    <Product>
      <PriceUpdateDate>2018/10/10 16:23</PriceUpdateDate>
      <ItemCode>7290008343558</ItemCode>
      <ItemType>1</ItemType>
      <ItemName>סיגרים בשר 1 קג שלושת האופים</ItemName>
      <ManufactureName>נטו מלינדה סחר בעמ</ManufactureName>
      <ManufactureCountry />
      <ManufactureItemDescription />
      <UnitQty>יח`</UnitQty>
      <Quantity>1000</Quantity>
      <UnitMeasure>גרם</UnitMeasure>
      <BisWeighted>0</BisWeighted>
      <QtyInPackage>1</QtyInPackage>
      <ItemPrice>16.90</ItemPrice>
      <UnitOfMeasurePrice>1.69</UnitOfMeasurePrice>
      <AllowDiscount>0</AllowDiscount>
      <itemStatus>1</itemStatus>
      <LastUpdateDate />
      <LastUpdateTime />
    </Product>
    <Product>
      <PriceUpdateDate>2018/10/10 16:23</PriceUpdateDate>
      <ItemCode>7290008343565</ItemCode>
      <ItemType>1</ItemType>
      <ItemName>סיגרים תפוא 1 קג שלושת האופים</ItemName>
      <ManufactureName>נטו מלינדה סחר בעמ</ManufactureName>
      <ManufactureCountry />
      <ManufactureItemDescription />
      <UnitQty>יח`</UnitQty>
      <Quantity>1000</Quantity>
      <UnitMeasure>גרם</UnitMeasure>
      <BisWeighted>0</BisWeighted>
      <QtyInPackage>1</QtyInPackage>
      <ItemPrice>16.90</ItemPrice>
      <UnitOfMeasurePrice>1.69</UnitOfMeasurePrice>
      <AllowDiscount>0</AllowDiscount>
      <itemStatus>1</itemStatus>
      <LastUpdateDate />
      <LastUpdateTime />
    </Product>
    <Product>
      <PriceUpdateDate>2018/10/10 16:23</PriceUpdateDate>
      <ItemCode>7290008343572</ItemCode>
      <ItemType>1</ItemType>
      <ItemName>אגרול סיני 1 קג-שלושת  האופים</ItemName>
      <ManufactureName>נטו מלינדה סחר בעמ</ManufactureName>
      <ManufactureCountry />
      <ManufactureItemDescription />
      <UnitQty>יח`</UnitQty>
      <Quantity>1000</Quantity>
      <UnitMeasure>גרם</UnitMeasure>
      <BisWeighted>0</BisWeighted>
      <QtyInPackage>1</QtyInPackage>
      <ItemPrice>16.90</ItemPrice>
      <UnitOfMeasurePrice>1.69</UnitOfMeasurePrice>
      <AllowDiscount>0</AllowDiscount>
      <itemStatus>1</itemStatus>
      <LastUpdateDate />
      <LastUpdateTime />
    </Product>
    <Product>
      <PriceUpdateDate>2018/10/10 16:23</PriceUpdateDate>
      <ItemCode>7290008343602</ItemCode>
      <ItemType>1</ItemType>
      <ItemName>קובה בשר מטוגן 1 קג</ItemName>
      <ManufactureName>נטו מלינדה סחר בעמ</ManufactureName>
      <ManufactureCountry />
      <ManufactureItemDescription />
      <UnitQty>יח`</UnitQty>
      <Quantity>1000</Quantity>
      <UnitMeasure>גרם</UnitMeasure>
      <BisWeighted>0</BisWeighted>
      <QtyInPackage>1</QtyInPackage>
      <ItemPrice>16.90</ItemPrice>
      <UnitOfMeasurePrice>1.69</UnitOfMeasurePrice>
      <AllowDiscount>0</AllowDiscount>
      <itemStatus>1</itemStatus>
      <LastUpdateDate />
      <LastUpdateTime />
    </Product>
    <Product>
      <PriceUpdateDate>2018/10/10 16:23</PriceUpdateDate>
      <ItemCode>7290008343619</ItemCode>
      <ItemType>1</ItemType>
      <ItemName>פסטלים תפוא 1 קג שלושת האופים</ItemName>
      <ManufactureName>נטו מלינדה סחר בעמ</ManufactureName>
      <ManufactureCountry />
      <ManufactureItemDescription />
      <UnitQty>יח`</UnitQty>
      <Quantity>1000</Quantity>
      <UnitMeasure>גרם</UnitMeasure>
      <BisWeighted>0</BisWeighted>
      <QtyInPackage>1</QtyInPackage>
      <ItemPrice>16.90</ItemPrice>
      <UnitOfMeasurePrice>1.69</UnitOfMeasurePrice>
      <AllowDiscount>0</AllowDiscount>
      <itemStatus>1</itemStatus>
      <LastUpdateDate />
      <LastUpdateTime />
    </Product>
    <Product>
      <PriceUpdateDate>2019/01/30 08:43</PriceUpdateDate>
      <ItemCode>7290008344258</ItemCode>
      <ItemType>1</ItemType>
      <ItemName>המבורגר מיזרחי 400 גר` טיבונוויל</ItemName>
      <ManufactureName>נטו מלינדה סחר בעמ</ManufactureName>
      <ManufactureCountry />
      <ManufactureItemDescription />
      <UnitQty>יח`</UnitQty>
      <Quantity>400</Quantity>
      <UnitMeasure>גרם</UnitMeasure>
      <BisWeighted>0</BisWeighted>
      <QtyInPackage>1</QtyInPackage>
      <ItemPrice>20.90</ItemPrice>
      <UnitOfMeasurePrice>5.23</UnitOfMeasurePrice>
      <AllowDiscount>1</AllowDiscount>
      <itemStatus>1</itemStatus>
      <LastUpdateDate />
      <LastUpdateTime />
    </Product>
    <Product>
      <PriceUpdateDate>2019/01/30 08:43</PriceUpdateDate>
      <ItemCode>7290008344272</ItemCode>
      <ItemType>1</ItemType>
      <ItemName>המבורגר 100% 400 גר` טיבונוויל</ItemName>
      <ManufactureName>נטו מלינדה סחר בעמ</ManufactureName>
      <ManufactureCountry />
      <ManufactureItemDescription />
      <UnitQty>יח`</UnitQty>
      <Quantity>400</Quantity>
      <UnitMeasure>גרם</UnitMeasure>
      <BisWeighted>0</BisWeighted>
      <QtyInPackage>1</QtyInPackage>
      <ItemPrice>20.90</ItemPrice>
      <UnitOfMeasurePrice>5.23</UnitOfMeasurePrice>
      <AllowDiscount>1</AllowDiscount>
      <itemStatus>1</itemStatus>
      <LastUpdateDate />
      <LastUpdateTime />
    </Product>
    <Product>
      <PriceUpdateDate>2020/05/03 16:57</PriceUpdateDate>
      <ItemCode>7290008345576</ItemCode>
      <ItemType>1</ItemType>
      <ItemName>300 איקרה ביתית</ItemName>
      <ManufactureName>נטו מלינדה סחר בעמ</ManufactureName>
      <ManufactureCountry />
      <ManufactureItemDescription />
      <UnitQty>יח`</UnitQty>
      <Quantity>300</Quantity>
      <UnitMeasure>גרם</UnitMeasure>
      <BisWeighted>0</BisWeighted>
      <QtyInPackage>1</QtyInPackage>
      <ItemPrice>15.90</ItemPrice>
      <UnitOfMeasurePrice>5.30</UnitOfMeasurePrice>
      <AllowDiscount>0</AllowDiscount>
      <itemStatus>1</itemStatus>
      <LastUpdateDate />
      <LastUpdateTime />
    </Product>
    <Product>
      <PriceUpdateDate>2020/05/03 16:57</PriceUpdateDate>
      <ItemCode>7290008345583</ItemCode>
      <ItemType>1</ItemType>
      <ItemName>סלט איקרה ביתית ורודה דלידג (300 גרם)</ItemName>
      <ManufactureName>נטו מלינדה סחר בעמ</ManufactureName>
      <ManufactureCountry />
      <ManufactureItemDescription />
      <UnitQty>יח`</UnitQty>
      <Quantity>300</Quantity>
      <UnitMeasure>גרם</UnitMeasure>
      <BisWeighted>0</BisWeighted>
      <QtyInPackage>1</QtyInPackage>
      <ItemPrice>15.90</ItemPrice>
      <UnitOfMeasurePrice>5.30</UnitOfMeasurePrice>
      <AllowDiscount>0</AllowDiscount>
      <itemStatus>1</itemStatus>
      <LastUpdateDate />
      <LastUpdateTime />
    </Product>
    <Product>
      <PriceUpdateDate>2016/09/01 09:46</PriceUpdateDate>
      <ItemCode>7290008347211</ItemCode>
      <ItemType>1</ItemType>
      <ItemName>אצבעות דג מצופות דלידג (700 גרם)</ItemName>
      <ManufactureName>נטו מלינדה סחר בעמ</ManufactureName>
      <ManufactureCountry />
      <ManufactureItemDescription />
      <UnitQty>יח`</UnitQty>
      <Quantity>700</Quantity>
      <UnitMeasure>גרם</UnitMeasure>
      <BisWeighted>0</BisWeighted>
      <QtyInPackage>1</QtyInPackage>
      <ItemPrice>22.90</ItemPrice>
      <UnitOfMeasurePrice>3.27</UnitOfMeasurePrice>
      <AllowDiscount>0</AllowDiscount>
      <itemStatus>1</itemStatus>
      <LastUpdateDate />
      <LastUpdateTime />
    </Product>
    <Product>
      <PriceUpdateDate>2016/12/12 08:18</PriceUpdateDate>
      <ItemCode>7290008409049</ItemCode>
      <ItemType>1</ItemType>
      <ItemName>מיני מיני דק שניצלונים בציפוי שומשום מאמ</ItemName>
      <ManufactureName>תנובה קפואים</ManufactureName>
      <ManufactureCountry />
      <ManufactureItemDescription />
      <UnitQty>יח`</UnitQty>
      <Quantity>500</Quantity>
      <UnitMeasure>גרם</UnitMeasure>
      <BisWeighted>0</BisWeighted>
      <QtyInPackage>1</QtyInPackage>
      <ItemPrice>26.90</ItemPrice>
      <UnitOfMeasurePrice>5.38</UnitOfMeasurePrice>
      <AllowDiscount>0</AllowDiscount>
      <itemStatus>1</itemStatus>
      <LastUpdateDate />
      <LastUpdateTime />
    </Product>
    <Product>
      <PriceUpdateDate>2015/11/29 14:59</PriceUpdateDate>
      <ItemCode>7290008409100</ItemCode>
      <ItemType>1</ItemType>
      <ItemName>אצבעות שניצל שומשום מאמא עוף (700 גרם)</ItemName>
      <ManufactureName>תנובה קפואים</ManufactureName>
      <ManufactureCountry />
      <ManufactureItemDescription />
      <UnitQty>יח`</UnitQty>
      <Quantity>600</Quantity>
      <UnitMeasure>גרם</UnitMeasure>
      <BisWeighted>0</BisWeighted>
      <QtyInPackage>1</QtyInPackage>
      <ItemPrice>36</ItemPrice>
      <UnitOfMeasurePrice>6</UnitOfMeasurePrice>
      <AllowDiscount>1</AllowDiscount>
      <itemStatus>1</itemStatus>
      <LastUpdateDate />
      <LastUpdateTime />
    </Product>
    <Product>
      <PriceUpdateDate>2015/11/29 14:59</PriceUpdateDate>
      <ItemCode>7290008409124</ItemCode>
      <ItemType>1</ItemType>
      <ItemName>שניצל ג`ונגל מאמא עוף (700 גרם)</ItemName>
      <ManufactureName>תנובה קפואים</ManufactureName>
      <ManufactureCountry />
      <ManufactureItemDescription />
      <UnitQty>יח`</UnitQty>
      <Quantity>700</Quantity>
      <UnitMeasure>גרם</UnitMeasure>
      <BisWeighted>0</BisWeighted>
      <QtyInPackage>1</QtyInPackage>
      <ItemPrice>36</ItemPrice>
      <UnitOfMeasurePrice>5.14</UnitOfMeasurePrice>
      <AllowDiscount>1</AllowDiscount>
      <itemStatus>1</itemStatus>
      <LastUpdateDate />
      <LastUpdateTime />
    </Product>
    <Product>
      <PriceUpdateDate>2015/05/27 18:21</PriceUpdateDate>
      <ItemCode>7290008409216</ItemCode>
      <ItemType>1</ItemType>
      <ItemName>שניצל דק דק פריך מאמא עוף (700 גרם)</ItemName>
      <ManufactureName>תנובה קפואים</ManufactureName>
      <ManufactureCountry />
      <ManufactureItemDescription />
      <UnitQty>יח`</UnitQty>
      <Quantity>700</Quantity>
      <UnitMeasure>גרם</UnitMeasure>
      <BisWeighted>0</BisWeighted>
      <QtyInPackage>1</QtyInPackage>
      <ItemPrice>42.90</ItemPrice>
      <UnitOfMeasurePrice>6.13</UnitOfMeasurePrice>
      <AllowDiscount>0</AllowDiscount>
      <itemStatus>1</itemStatus>
      <LastUpdateDate />
      <LastUpdateTime />
    </Product>
    <Product>
      <PriceUpdateDate>2015/05/27 18:21</PriceUpdateDate>
      <ItemCode>7290008409223</ItemCode>
      <ItemType>1</ItemType>
      <ItemName>שניצל דק דק מתובל מאמא עוף (700 גרם)</ItemName>
      <ManufactureName>תנובה קפואים</ManufactureName>
      <ManufactureCountry />
      <ManufactureItemDescription />
      <UnitQty>יח`</UnitQty>
      <Quantity>700</Quantity>
      <UnitMeasure>גרם</UnitMeasure>
      <BisWeighted>0</BisWeighted>
      <QtyInPackage>1</QtyInPackage>
      <ItemPrice>42.90</ItemPrice>
      <UnitOfMeasurePrice>6.13</UnitOfMeasurePrice>
      <AllowDiscount>0</AllowDiscount>
      <itemStatus>1</itemStatus>
      <LastUpdateDate />
      <LastUpdateTime />
    </Product>
    <Product>
      <PriceUpdateDate>2016/12/12 08:18</PriceUpdateDate>
      <ItemCode>7290008409315</ItemCode>
      <ItemType>1</ItemType>
      <ItemName>מיני מינידק שניצלונים בציפוי פריך 500 גר</ItemName>
      <ManufactureName>תנובה קפואים</ManufactureName>
      <ManufactureCountry />
      <ManufactureItemDescription />
      <UnitQty>יח`</UnitQty>
      <Quantity>500</Quantity>
      <UnitMeasure>גרם</UnitMeasure>
      <BisWeighted>0</BisWeighted>
      <QtyInPackage>1</QtyInPackage>
      <ItemPrice>26.90</ItemPrice>
      <UnitOfMeasurePrice>5.38</UnitOfMeasurePrice>
      <AllowDiscount>0</AllowDiscount>
      <itemStatus>1</itemStatus>
      <LastUpdateDate />
      <LastUpdateTime />
    </Product>
    <Product>
      <PriceUpdateDate>2015/05/27 18:21</PriceUpdateDate>
      <ItemCode>7290008409407</ItemCode>
      <ItemType>1</ItemType>
      <ItemName>שניצל דק דק צ`יפס מאמא עוף (700 גרם)</ItemName>
      <ManufactureName>תנובה קפואים</ManufactureName>
      <ManufactureCountry />
      <ManufactureItemDescription />
      <UnitQty>יח`</UnitQty>
      <Quantity>100</Quantity>
      <UnitMeasure>גרם</UnitMeasure>
      <BisWeighted>0</BisWeighted>
      <QtyInPackage>1</QtyInPackage>
      <ItemPrice>42.90</ItemPrice>
      <UnitOfMeasurePrice>42.90</UnitOfMeasurePrice>
      <AllowDiscount>0</AllowDiscount>
      <itemStatus>1</itemStatus>
      <LastUpdateDate />
      <LastUpdateTime />
    </Product>
    <Product>
      <PriceUpdateDate>2015/01/29 12:20</PriceUpdateDate>
      <ItemCode>7290008409544</ItemCode>
      <ItemType>1</ItemType>
      <ItemName>שניצל עוף אמיתי מאמא עוף (700 גרם)</ItemName>
      <ManufactureName>תנובה קפואים</ManufactureName>
      <ManufactureCountry />
      <ManufactureItemDescription />
      <UnitQty>יח`</UnitQty>
      <Quantity>700</Quantity>
      <UnitMeasure>גרם</UnitMeasure>
      <BisWeighted>0</BisWeighted>
      <QtyInPackage>1</QtyInPackage>
      <ItemPrice>42.90</ItemPrice>
      <UnitOfMeasurePrice>6.13</UnitOfMeasurePrice>
      <AllowDiscount>1</AllowDiscount>
      <itemStatus>1</itemStatus>
      <LastUpdateDate />
      <LastUpdateTime />
    </Product>
    <Product>
      <PriceUpdateDate>2017/06/07 08:53</PriceUpdateDate>
      <ItemCode>7290008409551</ItemCode>
      <ItemType>1</ItemType>
      <ItemName>שניצל עוף ציפוי מעודן מאמא עוף</ItemName>
      <ManufactureName>תנובה קפואים</ManufactureName>
      <ManufactureCountry />
      <ManufactureItemDescription />
      <UnitQty>יח`</UnitQty>
      <Quantity>700</Quantity>
      <UnitMeasure>גרם</UnitMeasure>
      <BisWeighted>0</BisWeighted>
      <QtyInPackage>1</QtyInPackage>
      <ItemPrice>42.90</ItemPrice>
      <UnitOfMeasurePrice>6.13</UnitOfMeasurePrice>
      <AllowDiscount>1</AllowDiscount>
      <itemStatus>1</itemStatus>
      <LastUpdateDate />
      <LastUpdateTime />
    </Product>
    <Product>
      <PriceUpdateDate>2015/01/29 12:20</PriceUpdateDate>
      <ItemCode>7290008409568</ItemCode>
      <ItemType>1</ItemType>
      <ItemName>שניצל צ`יפס אמיתי מאמא עוף (700 גרם)</ItemName>
      <ManufactureName>תנובה קפואים</ManufactureName>
      <ManufactureCountry />
      <ManufactureItemDescription />
      <UnitQty>יח`</UnitQty>
      <Quantity>700</Quantity>
      <UnitMeasure>גרם</UnitMeasure>
      <BisWeighted>0</BisWeighted>
      <QtyInPackage>1</QtyInPackage>
      <ItemPrice>42.90</ItemPrice>
      <UnitOfMeasurePrice>6.13</UnitOfMeasurePrice>
      <AllowDiscount>1</AllowDiscount>
      <itemStatus>1</itemStatus>
      <LastUpdateDate />
      <LastUpdateTime />
    </Product>
    <Product>
      <PriceUpdateDate>2017/06/07 08:53</PriceUpdateDate>
      <ItemCode>7290008409582</ItemCode>
      <ItemType>1</ItemType>
      <ItemName>שניצל עוף אמיתי ביתי מאמא עוף</ItemName>
      <ManufactureName>תנובה קפואים</ManufactureName>
      <ManufactureCountry />
      <ManufactureItemDescription />
      <UnitQty>יח`</UnitQty>
      <Quantity>700</Quantity>
      <UnitMeasure>גרם</UnitMeasure>
      <BisWeighted>0</BisWeighted>
      <QtyInPackage>1</QtyInPackage>
      <ItemPrice>42.90</ItemPrice>
      <UnitOfMeasurePrice>6.13</UnitOfMeasurePrice>
      <AllowDiscount>1</AllowDiscount>
      <itemStatus>1</itemStatus>
      <LastUpdateDate />
      <LastUpdateTime />
    </Product>
    <Product>
      <PriceUpdateDate>2015/03/03 08:12</PriceUpdateDate>
      <ItemCode>7290008409605</ItemCode>
      <ItemType>1</ItemType>
      <ItemName>כוכבי עוף בציפוי מעודן 700 גר` מאמא עוף</ItemName>
      <ManufactureName>תנובה קפואים</ManufactureName>
      <ManufactureCountry />
      <ManufactureItemDescription />
      <UnitQty>יח`</UnitQty>
      <Quantity>700</Quantity>
      <UnitMeasure>גרם</UnitMeasure>
      <BisWeighted>0</BisWeighted>
      <QtyInPackage>1</QtyInPackage>
      <ItemPrice>36</ItemPrice>
      <UnitOfMeasurePrice>5.14</UnitOfMeasurePrice>
      <AllowDiscount>1</AllowDiscount>
      <itemStatus>1</itemStatus>
      <LastUpdateDate />
      <LastUpdateTime />
    </Product>
    <Product>
      <PriceUpdateDate>2015/05/27 18:21</PriceUpdateDate>
      <ItemCode>7290008409773</ItemCode>
      <ItemType>1</ItemType>
      <ItemName>קציצות עוף ביתי 700  גר`מאמא עוף</ItemName>
      <ManufactureName>תנובה קפואים</ManufactureName>
      <ManufactureCountry />
      <ManufactureItemDescription />
      <UnitQty>יח`</UnitQty>
      <Quantity>700</Quantity>
      <UnitMeasure>גרם</UnitMeasure>
      <BisWeighted>0</BisWeighted>
      <QtyInPackage>1</QtyInPackage>
      <ItemPrice>32</ItemPrice>
      <UnitOfMeasurePrice>4.57</UnitOfMeasurePrice>
      <AllowDiscount>0</AllowDiscount>
      <itemStatus>1</itemStatus>
      <LastUpdateDate />
      <LastUpdateTime />
    </Product>
    <Product>
      <PriceUpdateDate>2018/02/07 10:44</PriceUpdateDate>
      <ItemCode>7290008415071</ItemCode>
      <ItemType>1</ItemType>
      <ItemName>חומוס עם טחינה צבר (150 גרם)</ItemName>
      <ManufactureName>קבוצת אסם סחר שות. מוגבלת</ManufactureName>
      <ManufactureCountry />
      <ManufactureItemDescription />
      <UnitQty>יח`</UnitQty>
      <Quantity>150</Quantity>
      <UnitMeasure>גרם</UnitMeasure>
      <BisWeighted>0</BisWeighted>
      <QtyInPackage>1</QtyInPackage>
      <ItemPrice>4.90</ItemPrice>
      <UnitOfMeasurePrice>3.27</UnitOfMeasurePrice>
      <AllowDiscount>0</AllowDiscount>
      <itemStatus>1</itemStatus>
      <LastUpdateDate />
      <LastUpdateTime />
    </Product>
    <Product>
      <PriceUpdateDate>2018/02/07 10:44</PriceUpdateDate>
      <ItemCode>7290008415514</ItemCode>
      <ItemType>1</ItemType>
      <ItemName>צבר חומוס+חריף 150</ItemName>
      <ManufactureName>קבוצת אסם סחר שות. מוגבלת</ManufactureName>
      <ManufactureCountry />
      <ManufactureItemDescription />
      <UnitQty>יח`</UnitQty>
      <Quantity>150</Quantity>
      <UnitMeasure>גרם</UnitMeasure>
      <BisWeighted>0</BisWeighted>
      <QtyInPackage>1</QtyInPackage>
      <ItemPrice>4.90</ItemPrice>
      <UnitOfMeasurePrice>3.27</UnitOfMeasurePrice>
      <AllowDiscount>0</AllowDiscount>
      <itemStatus>1</itemStatus>
      <LastUpdateDate />
      <LastUpdateTime />
    </Product>
    <Product>
      <PriceUpdateDate>2019/01/31 09:52</PriceUpdateDate>
      <ItemCode>7290008443616</ItemCode>
      <ItemType>1</ItemType>
      <ItemName>נקה 7 מרכך 750 מל ורוד</ItemName>
      <ManufactureName>החברה הדרומית לשיווק בעמ</ManufactureName>
      <ManufactureCountry />
      <ManufactureItemDescription />
      <UnitQty>יח`</UnitQty>
      <Quantity>750</Quantity>
      <UnitMeasure>מ"ל</UnitMeasure>
      <BisWeighted>0</BisWeighted>
      <QtyInPackage>1</QtyInPackage>
      <ItemPrice>10.90</ItemPrice>
      <UnitOfMeasurePrice>1.45</UnitOfMeasurePrice>
      <AllowDiscount>1</AllowDiscount>
      <itemStatus>1</itemStatus>
      <LastUpdateDate />
      <LastUpdateTime />
    </Product>
    <Product>
      <PriceUpdateDate>2019/01/31 09:52</PriceUpdateDate>
      <ItemCode>7290008443630</ItemCode>
      <ItemType>1</ItemType>
      <ItemName>נקה 7 שמפו 750 מל סגול</ItemName>
      <ManufactureName>החברה הדרומית לשיווק בעמ</ManufactureName>
      <ManufactureCountry />
      <ManufactureItemDescription />
      <UnitQty>יח`</UnitQty>
      <Quantity>750</Quantity>
      <UnitMeasure>מ"ל</UnitMeasure>
      <BisWeighted>0</BisWeighted>
      <QtyInPackage>1</QtyInPackage>
      <ItemPrice>10.90</ItemPrice>
      <UnitOfMeasurePrice>1.45</UnitOfMeasurePrice>
      <AllowDiscount>1</AllowDiscount>
      <itemStatus>1</itemStatus>
      <LastUpdateDate />
      <LastUpdateTime />
    </Product>
    <Product>
      <PriceUpdateDate>2019/01/31 09:52</PriceUpdateDate>
      <ItemCode>7290008443647</ItemCode>
      <ItemType>1</ItemType>
      <ItemName>נקה 7 מרכך 750 מל</ItemName>
      <ManufactureName>החברה הדרומית לשיווק בעמ</ManufactureName>
      <ManufactureCountry />
      <ManufactureItemDescription />
      <UnitQty>יח`</UnitQty>
      <Quantity>750</Quantity>
      <UnitMeasure>מ"ל</UnitMeasure>
      <BisWeighted>0</BisWeighted>
      <QtyInPackage>1</QtyInPackage>
      <ItemPrice>10.90</ItemPrice>
      <UnitOfMeasurePrice>1.45</UnitOfMeasurePrice>
      <AllowDiscount>1</AllowDiscount>
      <itemStatus>1</itemStatus>
      <LastUpdateDate />
      <LastUpdateTime />
    </Product>
    <Product>
      <PriceUpdateDate>2014/09/10 11:42</PriceUpdateDate>
      <ItemCode>7290008453868</ItemCode>
      <ItemType>1</ItemType>
      <ItemName>מארז פרנה</ItemName>
      <ManufactureName>מגוון שיווק והפצת מאפים בעמ</ManufactureName>
      <ManufactureCountry />
      <ManufactureItemDescription />
      <UnitQty>יח`</UnitQty>
      <Quantity>1</Quantity>
      <UnitMeasure />
      <BisWeighted>0</BisWeighted>
      <QtyInPackage>1</QtyInPackage>
      <ItemPrice>12</ItemPrice>
      <UnitOfMeasurePrice>12</UnitOfMeasurePrice>
      <AllowDiscount>0</AllowDiscount>
      <itemStatus>1</itemStatus>
      <LastUpdateDate />
      <LastUpdateTime />
    </Product>
    <Product>
      <PriceUpdateDate>2015/12/01 18:39</PriceUpdateDate>
      <ItemCode>7290008461238</ItemCode>
      <ItemType>1</ItemType>
      <ItemName>סרדינים בשמן חריף רוברט (115 גרם)</ItemName>
      <ManufactureName>נטו מלינדה סחר בעמ</ManufactureName>
      <ManufactureCountry />
      <ManufactureItemDescription />
      <UnitQty>יח`</UnitQty>
      <Quantity>115</Quantity>
      <UnitMeasure>גרם</UnitMeasure>
      <BisWeighted>0</BisWeighted>
      <QtyInPackage>1</QtyInPackage>
      <ItemPrice>7.90</ItemPrice>
      <UnitOfMeasurePrice>6.87</UnitOfMeasurePrice>
      <AllowDiscount>0</AllowDiscount>
      <itemStatus>1</itemStatus>
      <LastUpdateDate />
      <LastUpdateTime />
    </Product>
    <Product>
      <PriceUpdateDate>2014/10/28 12:50</PriceUpdateDate>
      <ItemCode>7290008462204</ItemCode>
      <ItemType>1</ItemType>
      <ItemName>חרדל דיז`ון מקורי מאיי (380 גרם)</ItemName>
      <ManufactureName>נטו מלינדה סחר בעמ</ManufactureName>
      <ManufactureCountry />
      <ManufactureItemDescription />
      <UnitQty>יח`</UnitQty>
      <Quantity>380</Quantity>
      <UnitMeasure>גרם</UnitMeasure>
      <BisWeighted>0</BisWeighted>
      <QtyInPackage>1</QtyInPackage>
      <ItemPrice>14.90</ItemPrice>
      <UnitOfMeasurePrice>3.92</UnitOfMeasurePrice>
      <AllowDiscount>1</AllowDiscount>
      <itemStatus>1</itemStatus>
      <LastUpdateDate />
      <LastUpdateTime />
    </Product>
    <Product>
      <PriceUpdateDate>2020/01/19 10:13</PriceUpdateDate>
      <ItemCode>7290008464000</ItemCode>
      <ItemType>1</ItemType>
      <ItemName>משקה מוגז בטעם ליים סבן אפ (1.5x6 ליטר)</ItemName>
      <ManufactureName>טמפו משקאות בעמ</ManufactureName>
      <ManufactureCountry />
      <ManufactureItemDescription />
      <UnitQty>יח`</UnitQty>
      <Quantity>9</Quantity>
      <UnitMeasure>1 ליטר</UnitMeasure>
      <BisWeighted>0</BisWeighted>
      <QtyInPackage>1</QtyInPackage>
      <ItemPrice>25.90</ItemPrice>
      <UnitOfMeasurePrice>2.88</UnitOfMeasurePrice>
      <AllowDiscount>0</AllowDiscount>
      <itemStatus>1</itemStatus>
      <LastUpdateDate />
      <LastUpdateTime />
    </Product>
    <Product>
      <PriceUpdateDate>2019/02/18 11:45</PriceUpdateDate>
      <ItemCode>7290008464024</ItemCode>
      <ItemType>1</ItemType>
      <ItemName>בירה לא מסוננת גולדסטאר (500 מל)</ItemName>
      <ManufactureName>טמפו משקאות בעמ</ManufactureName>
      <ManufactureCountry />
      <ManufactureItemDescription />
      <UnitQty>יח`</UnitQty>
      <Quantity>500</Quantity>
      <UnitMeasure>מ"ל</UnitMeasure>
      <BisWeighted>0</BisWeighted>
      <QtyInPackage>1</QtyInPackage>
      <ItemPrice>8.50</ItemPrice>
      <UnitOfMeasurePrice>1.64</UnitOfMeasurePrice>
      <AllowDiscount>0</AllowDiscount>
      <itemStatus>1</itemStatus>
      <LastUpdateDate />
      <LastUpdateTime />
    </Product>
    <Product>
      <PriceUpdateDate>2019/10/02 11:23</PriceUpdateDate>
      <ItemCode>7290008464130</ItemCode>
      <ItemType>1</ItemType>
      <ItemName>בירה לא מסוננת גולדסטאר (330x6 מל)</ItemName>
      <ManufactureName>טמפו משקאות בעמ</ManufactureName>
      <ManufactureCountry />
      <ManufactureItemDescription />
      <UnitQty>יח`</UnitQty>
      <Quantity>1980</Quantity>
      <UnitMeasure>מ"ל</UnitMeasure>
      <BisWeighted>0</BisWeighted>
      <QtyInPackage>1</QtyInPackage>
      <ItemPrice>40.90</ItemPrice>
      <UnitOfMeasurePrice>1.97</UnitOfMeasurePrice>
      <AllowDiscount>1</AllowDiscount>
      <itemStatus>1</itemStatus>
      <LastUpdateDate />
      <LastUpdateTime />
    </Product>
    <Product>
      <PriceUpdateDate>2014/01/01 08:37</PriceUpdateDate>
      <ItemCode>7290008464345</ItemCode>
      <ItemType>1</ItemType>
      <ItemName>בקבוק גולדסטאר 330 מל</ItemName>
      <ManufactureName>טמפו משקאות בעמ</ManufactureName>
      <ManufactureCountry />
      <ManufactureItemDescription />
      <UnitQty>יח`</UnitQty>
      <Quantity>330</Quantity>
      <UnitMeasure>מ"ל</UnitMeasure>
      <BisWeighted>0</BisWeighted>
      <QtyInPackage>1</QtyInPackage>
      <ItemPrice>6.60</ItemPrice>
      <UnitOfMeasurePrice>1.91</UnitOfMeasurePrice>
      <AllowDiscount>0</AllowDiscount>
      <itemStatus>1</itemStatus>
      <LastUpdateDate />
      <LastUpdateTime />
    </Product>
    <Product>
      <PriceUpdateDate>2019/02/18 11:45</PriceUpdateDate>
      <ItemCode>7290008464468</ItemCode>
      <ItemType>1</ItemType>
      <ItemName>בירה בפחית גולדסטאר (500 מל)</ItemName>
      <ManufactureName>טמפו משקאות בעמ</ManufactureName>
      <ManufactureCountry />
      <ManufactureItemDescription />
      <UnitQty>יח`</UnitQty>
      <Quantity>500</Quantity>
      <UnitMeasure>מ"ל</UnitMeasure>
      <BisWeighted>0</BisWeighted>
      <QtyInPackage>1</QtyInPackage>
      <ItemPrice>7.90</ItemPrice>
      <UnitOfMeasurePrice>1.52</UnitOfMeasurePrice>
      <AllowDiscount>0</AllowDiscount>
      <itemStatus>1</itemStatus>
      <LastUpdateDate />
      <LastUpdateTime />
    </Product>
    <Product>
      <PriceUpdateDate>2019/02/17 08:23</PriceUpdateDate>
      <ItemCode>7290008464475</ItemCode>
      <ItemType>1</ItemType>
      <ItemName>בירה מכבי פחית 500 מל</ItemName>
      <ManufactureName>טמפו משקאות בעמ</ManufactureName>
      <ManufactureCountry />
      <ManufactureItemDescription />
      <UnitQty>יח`</UnitQty>
      <Quantity>500</Quantity>
      <UnitMeasure>מ"ל</UnitMeasure>
      <BisWeighted>0</BisWeighted>
      <QtyInPackage>1</QtyInPackage>
      <ItemPrice>6.90</ItemPrice>
      <UnitOfMeasurePrice>1.32</UnitOfMeasurePrice>
      <AllowDiscount>0</AllowDiscount>
      <itemStatus>1</itemStatus>
      <LastUpdateDate />
      <LastUpdateTime />
    </Product>
    <Product>
      <PriceUpdateDate>2019/02/18 11:45</PriceUpdateDate>
      <ItemCode>7290008464604</ItemCode>
      <ItemType>1</ItemType>
      <ItemName>הייניקן פחית 500 מל</ItemName>
      <ManufactureName>טמפו משקאות בעמ</ManufactureName>
      <ManufactureCountry />
      <ManufactureItemDescription />
      <UnitQty>יח`</UnitQty>
      <Quantity>500</Quantity>
      <UnitMeasure>מ"ל</UnitMeasure>
      <BisWeighted>0</BisWeighted>
      <QtyInPackage>1</QtyInPackage>
      <ItemPrice>11.90</ItemPrice>
      <UnitOfMeasurePrice>2.32</UnitOfMeasurePrice>
      <AllowDiscount>0</AllowDiscount>
      <itemStatus>1</itemStatus>
      <LastUpdateDate />
      <LastUpdateTime />
    </Product>
    <Product>
      <PriceUpdateDate>2016/11/14 08:21</PriceUpdateDate>
      <ItemCode>7290008464697</ItemCode>
      <ItemType>1</ItemType>
      <ItemName>בירה 7.9% אלכוהול מכבי (330x6 מל)</ItemName>
      <ManufactureName>טמפו משקאות בעמ</ManufactureName>
      <ManufactureCountry />
      <ManufactureItemDescription />
      <UnitQty>יח`</UnitQty>
      <Quantity>1.98</Quantity>
      <UnitMeasure>1 ליטר</UnitMeasure>
      <BisWeighted>0</BisWeighted>
      <QtyInPackage>1</QtyInPackage>
      <ItemPrice>34.90</ItemPrice>
      <UnitOfMeasurePrice>16.72</UnitOfMeasurePrice>
      <AllowDiscount>1</AllowDiscount>
      <itemStatus>1</itemStatus>
      <LastUpdateDate />
      <LastUpdateTime />
    </Product>
    <Product>
      <PriceUpdateDate>2016/12/14 08:15</PriceUpdateDate>
      <ItemCode>7290008464734</ItemCode>
      <ItemType>1</ItemType>
      <ItemName>גולדסטאר סלו ברו שישייה בקבוק 330 מל.</ItemName>
      <ManufactureName>טמפו משקאות בעמ</ManufactureName>
      <ManufactureCountry />
      <ManufactureItemDescription />
      <UnitQty>יח`</UnitQty>
      <Quantity>1.98</Quantity>
      <UnitMeasure>1 ליטר</UnitMeasure>
      <BisWeighted>0</BisWeighted>
      <QtyInPackage>1</QtyInPackage>
      <ItemPrice>40.90</ItemPrice>
      <UnitOfMeasurePrice>19.75</UnitOfMeasurePrice>
      <AllowDiscount>1</AllowDiscount>
      <itemStatus>1</itemStatus>
      <LastUpdateDate />
      <LastUpdateTime />
    </Product>
    <Product>
      <PriceUpdateDate>2019/06/10 09:40</PriceUpdateDate>
      <ItemCode>7290008464741</ItemCode>
      <ItemType>1</ItemType>
      <ItemName>בירה גולדסטאר 330 מל בקבוק שישייה</ItemName>
      <ManufactureName>טמפו משקאות בעמ</ManufactureName>
      <ManufactureCountry />
      <ManufactureItemDescription />
      <UnitQty>יח`</UnitQty>
      <Quantity>1980</Quantity>
      <UnitMeasure>מ"ל</UnitMeasure>
      <BisWeighted>0</BisWeighted>
      <QtyInPackage>1</QtyInPackage>
      <ItemPrice>37.90</ItemPrice>
      <UnitOfMeasurePrice>1.82</UnitOfMeasurePrice>
      <AllowDiscount>1</AllowDiscount>
      <itemStatus>1</itemStatus>
      <LastUpdateDate />
      <LastUpdateTime />
    </Product>
    <Product>
      <PriceUpdateDate>2019/10/02 11:23</PriceUpdateDate>
      <ItemCode>7290008464796</ItemCode>
      <ItemType>1</ItemType>
      <ItemName>בירה היינקן (330x6 מל) שישייה</ItemName>
      <ManufactureName>טמפו משקאות בעמ</ManufactureName>
      <ManufactureCountry />
      <ManufactureItemDescription />
      <UnitQty>יח`</UnitQty>
      <Quantity>1980</Quantity>
      <UnitMeasure>מ"ל</UnitMeasure>
      <BisWeighted>0</BisWeighted>
      <QtyInPackage>1</QtyInPackage>
      <ItemPrice>32.90</ItemPrice>
      <UnitOfMeasurePrice>1.57</UnitOfMeasurePrice>
      <AllowDiscount>0</AllowDiscount>
      <itemStatus>1</itemStatus>
      <LastUpdateDate />
      <LastUpdateTime />
    </Product>
    <Product>
      <PriceUpdateDate>2015/04/29 10:59</PriceUpdateDate>
      <ItemCode>7290008464987</ItemCode>
      <ItemType>1</ItemType>
      <ItemName>מי סודה טמפו (1.5x6 ליטר)</ItemName>
      <ManufactureName>טמפו משקאות בעמ</ManufactureName>
      <ManufactureCountry />
      <ManufactureItemDescription />
      <UnitQty>יח`</UnitQty>
      <Quantity>9</Quantity>
      <UnitMeasure>1 ליטר</UnitMeasure>
      <BisWeighted>0</BisWeighted>
      <QtyInPackage>1</QtyInPackage>
      <ItemPrice>15.90</ItemPrice>
      <UnitOfMeasurePrice>1.77</UnitOfMeasurePrice>
      <AllowDiscount>1</AllowDiscount>
      <itemStatus>1</itemStatus>
      <LastUpdateDate />
      <LastUpdateTime />
    </Product>
    <Product>
      <PriceUpdateDate>2014/01/01 08:37</PriceUpdateDate>
      <ItemCode>7290008470735</ItemCode>
      <ItemType>1</ItemType>
      <ItemName>מסטיק שמינייה FIVE אבטיח</ItemName>
      <ManufactureName>מרס ריגלי ישראל בעמ</ManufactureName>
      <ManufactureCountry />
      <ManufactureItemDescription />
      <UnitQty>יח`</UnitQty>
      <Quantity>1</Quantity>
      <UnitMeasure />
      <BisWeighted>0</BisWeighted>
      <QtyInPackage>1</QtyInPackage>
      <ItemPrice>17</ItemPrice>
      <UnitOfMeasurePrice>17</UnitOfMeasurePrice>
      <AllowDiscount>0</AllowDiscount>
      <itemStatus>1</itemStatus>
      <LastUpdateDate />
      <LastUpdateTime />
    </Product>
    <Product>
      <PriceUpdateDate>2014/01/01 08:37</PriceUpdateDate>
      <ItemCode>7290008470742</ItemCode>
      <ItemType>1</ItemType>
      <ItemName>מסטיק שמינייה FIVE ספירמינט</ItemName>
      <ManufactureName>מרס ריגלי ישראל בעמ</ManufactureName>
      <ManufactureCountry />
      <ManufactureItemDescription />
      <UnitQty>יח`</UnitQty>
      <Quantity>1</Quantity>
      <UnitMeasure />
      <BisWeighted>0</BisWeighted>
      <QtyInPackage>1</QtyInPackage>
      <ItemPrice>17</ItemPrice>
      <UnitOfMeasurePrice>17</UnitOfMeasurePrice>
      <AllowDiscount>0</AllowDiscount>
      <itemStatus>1</itemStatus>
      <LastUpdateDate />
      <LastUpdateTime />
    </Product>
    <Product>
      <PriceUpdateDate>2015/11/30 13:18</PriceUpdateDate>
      <ItemCode>7290008493413</ItemCode>
      <ItemType>1</ItemType>
      <ItemName>פירורי גריסיני מאיר בייגל (200 גרם)</ItemName>
      <ManufactureName>דיפלומט היינץ</ManufactureName>
      <ManufactureCountry />
      <ManufactureItemDescription />
      <UnitQty>יח`</UnitQty>
      <Quantity>200</Quantity>
      <UnitMeasure>גרם</UnitMeasure>
      <BisWeighted>0</BisWeighted>
      <QtyInPackage>1</QtyInPackage>
      <ItemPrice>5.90</ItemPrice>
      <UnitOfMeasurePrice>2.95</UnitOfMeasurePrice>
      <AllowDiscount>1</AllowDiscount>
      <itemStatus>1</itemStatus>
      <LastUpdateDate />
      <LastUpdateTime />
    </Product>
    <Product>
      <PriceUpdateDate>2017/05/14 07:05</PriceUpdateDate>
      <ItemCode>7290008493710</ItemCode>
      <ItemType>1</ItemType>
      <ItemName>מאיר בייגל פרורי גרסיני זהב 200גר</ItemName>
      <ManufactureName>דיפלומט היינץ</ManufactureName>
      <ManufactureCountry />
      <ManufactureItemDescription />
      <UnitQty>יח`</UnitQty>
      <Quantity>200</Quantity>
      <UnitMeasure>גרם</UnitMeasure>
      <BisWeighted>0</BisWeighted>
      <QtyInPackage>1</QtyInPackage>
      <ItemPrice>5.90</ItemPrice>
      <UnitOfMeasurePrice>2.95</UnitOfMeasurePrice>
      <AllowDiscount>1</AllowDiscount>
      <itemStatus>1</itemStatus>
      <LastUpdateDate />
      <LastUpdateTime />
    </Product>
    <Product>
      <PriceUpdateDate>2015/11/30 12:49</PriceUpdateDate>
      <ItemCode>7290008634045</ItemCode>
      <ItemType>1</ItemType>
      <ItemName>פלסטר 30</ItemName>
      <ManufactureName>אינטרסן 1996 בעמ</ManufactureName>
      <ManufactureCountry />
      <ManufactureItemDescription />
      <UnitQty>יח`</UnitQty>
      <Quantity>30</Quantity>
      <UnitMeasure>יח`</UnitMeasure>
      <BisWeighted>0</BisWeighted>
      <QtyInPackage>1</QtyInPackage>
      <ItemPrice>6.90</ItemPrice>
      <UnitOfMeasurePrice>0.23</UnitOfMeasurePrice>
      <AllowDiscount>0</AllowDiscount>
      <itemStatus>1</itemStatus>
      <LastUpdateDate />
      <LastUpdateTime />
    </Product>
    <Product>
      <PriceUpdateDate>2015/03/03 10:33</PriceUpdateDate>
      <ItemCode>7290008636957</ItemCode>
      <ItemType>1</ItemType>
      <ItemName>שקדים מולבנים גרוסים 100 גר`</ItemName>
      <ManufactureName>מיה תעשיות מזון מ.ת.מ. בעמ</ManufactureName>
      <ManufactureCountry />
      <ManufactureItemDescription />
      <UnitQty>יח`</UnitQty>
      <Quantity>100</Quantity>
      <UnitMeasure>גרם</UnitMeasure>
      <BisWeighted>0</BisWeighted>
      <QtyInPackage>1</QtyInPackage>
      <ItemPrice>11.90</ItemPrice>
      <UnitOfMeasurePrice>11.90</UnitOfMeasurePrice>
      <AllowDiscount>1</AllowDiscount>
      <itemStatus>1</itemStatus>
      <LastUpdateDate />
      <LastUpdateTime />
    </Product>
    <Product>
      <PriceUpdateDate>2015/03/03 10:33</PriceUpdateDate>
      <ItemCode>7290008636988</ItemCode>
      <ItemType>1</ItemType>
      <ItemName>גרעיני חמניה קלופים 100 גר`</ItemName>
      <ManufactureName>מיה תעשיות מזון מ.ת.מ. בעמ</ManufactureName>
      <ManufactureCountry />
      <ManufactureItemDescription />
      <UnitQty>יח`</UnitQty>
      <Quantity>100</Quantity>
      <UnitMeasure>גרם</UnitMeasure>
      <BisWeighted>0</BisWeighted>
      <QtyInPackage>1</QtyInPackage>
      <ItemPrice>4.90</ItemPrice>
      <UnitOfMeasurePrice>4.90</UnitOfMeasurePrice>
      <AllowDiscount>0</AllowDiscount>
      <itemStatus>1</itemStatus>
      <LastUpdateDate />
      <LastUpdateTime />
    </Product>
    <Product>
      <PriceUpdateDate>2015/03/03 10:33</PriceUpdateDate>
      <ItemCode>7290008636995</ItemCode>
      <ItemType>1</ItemType>
      <ItemName>גרעיני דלעת קלופים 100 גר`</ItemName>
      <ManufactureName>מיה תעשיות מזון מ.ת.מ. בעמ</ManufactureName>
      <ManufactureCountry />
      <ManufactureItemDescription />
      <UnitQty>יח`</UnitQty>
      <Quantity>100</Quantity>
      <UnitMeasure>גרם</UnitMeasure>
      <BisWeighted>0</BisWeighted>
      <QtyInPackage>1</QtyInPackage>
      <ItemPrice>8.90</ItemPrice>
      <UnitOfMeasurePrice>8.90</UnitOfMeasurePrice>
      <AllowDiscount>0</AllowDiscount>
      <itemStatus>1</itemStatus>
      <LastUpdateDate />
      <LastUpdateTime />
    </Product>
    <Product>
      <PriceUpdateDate>2013/12/04 11:05</PriceUpdateDate>
      <ItemCode>7290008644112</ItemCode>
      <ItemType>1</ItemType>
      <ItemName>מטבוחה 125אחלה יום יום</ItemName>
      <ManufactureName>שטראוס גרופ בעמ/מצונן</ManufactureName>
      <ManufactureCountry />
      <ManufactureItemDescription />
      <UnitQty>יח`</UnitQty>
      <Quantity>125</Quantity>
      <UnitMeasure>גרם</UnitMeasure>
      <BisWeighted>0</BisWeighted>
      <QtyInPackage>1</QtyInPackage>
      <ItemPrice>4.90</ItemPrice>
      <UnitOfMeasurePrice>3.92</UnitOfMeasurePrice>
      <AllowDiscount>0</AllowDiscount>
      <itemStatus>1</itemStatus>
      <LastUpdateDate />
      <LastUpdateTime />
    </Product>
    <Product>
      <PriceUpdateDate>2016/04/19 09:24</PriceUpdateDate>
      <ItemCode>7290008644235</ItemCode>
      <ItemType>1</ItemType>
      <ItemName>מבחר עלי בייבי 120 גרם-טעם הטבע</ItemName>
      <ManufactureName>שטראוס גרופ בעמ/מצונן</ManufactureName>
      <ManufactureCountry />
      <ManufactureItemDescription />
      <UnitQty>יח`</UnitQty>
      <Quantity>120</Quantity>
      <UnitMeasure>גרם</UnitMeasure>
      <BisWeighted>0</BisWeighted>
      <QtyInPackage>1</QtyInPackage>
      <ItemPrice>9.90</ItemPrice>
      <UnitOfMeasurePrice>8.25</UnitOfMeasurePrice>
      <AllowDiscount>1</AllowDiscount>
      <itemStatus>1</itemStatus>
      <LastUpdateDate />
      <LastUpdateTime />
    </Product>
    <Product>
      <PriceUpdateDate>2014/01/01 08:37</PriceUpdateDate>
      <ItemCode>7290008644839</ItemCode>
      <ItemType>1</ItemType>
      <ItemName>חסה ערבית אייסברג 300 גרם שטראוס טעם הטב</ItemName>
      <ManufactureName>שטראוס גרופ בעמ/מצונן</ManufactureName>
      <ManufactureCountry />
      <ManufactureItemDescription />
      <UnitQty>יח`</UnitQty>
      <Quantity>300</Quantity>
      <UnitMeasure>גרם</UnitMeasure>
      <BisWeighted>0</BisWeighted>
      <QtyInPackage>1</QtyInPackage>
      <ItemPrice>9.10</ItemPrice>
      <UnitOfMeasurePrice>3.03</UnitOfMeasurePrice>
      <AllowDiscount>0</AllowDiscount>
      <itemStatus>1</itemStatus>
      <LastUpdateDate />
      <LastUpdateTime />
    </Product>
    <Product>
      <PriceUpdateDate>2015/04/13 10:34</PriceUpdateDate>
      <ItemCode>7290008644945</ItemCode>
      <ItemType>1</ItemType>
      <ItemName>סלט המושבה שטראוס 450 גר`-טעם הטבע</ItemName>
      <ManufactureName>שטראוס גרופ בעמ/מצונן</ManufactureName>
      <ManufactureCountry />
      <ManufactureItemDescription />
      <UnitQty>יח`</UnitQty>
      <Quantity>450</Quantity>
      <UnitMeasure>גרם</UnitMeasure>
      <BisWeighted>0</BisWeighted>
      <QtyInPackage>1</QtyInPackage>
      <ItemPrice>10.90</ItemPrice>
      <UnitOfMeasurePrice>2.42</UnitOfMeasurePrice>
      <AllowDiscount>0</AllowDiscount>
      <itemStatus>1</itemStatus>
      <LastUpdateDate />
      <LastUpdateTime />
    </Product>
    <Product>
      <PriceUpdateDate>2016/11/13 08:15</PriceUpdateDate>
      <ItemCode>7290008645935</ItemCode>
      <ItemType>1</ItemType>
      <ItemName>חומוס אחלה (750 גרם)</ItemName>
      <ManufactureName>שטראוס גרופ בעמ/מצונן</ManufactureName>
      <ManufactureCountry />
      <ManufactureItemDescription />
      <UnitQty>יח`</UnitQty>
      <Quantity>750</Quantity>
      <UnitMeasure>גרם</UnitMeasure>
      <BisWeighted>0</BisWeighted>
      <QtyInPackage>1</QtyInPackage>
      <ItemPrice>9.90</ItemPrice>
      <UnitOfMeasurePrice>1.32</UnitOfMeasurePrice>
      <AllowDiscount>0</AllowDiscount>
      <itemStatus>1</itemStatus>
      <LastUpdateDate />
      <LastUpdateTime />
    </Product>
    <Product>
      <PriceUpdateDate>2017/09/03 08:26</PriceUpdateDate>
      <ItemCode>7290008670142</ItemCode>
      <ItemType>1</ItemType>
      <ItemName>יסמין אדום רקנאטי 750 מל</ItemName>
      <ManufactureName>היכל היין שקד גולן בעמ</ManufactureName>
      <ManufactureCountry />
      <ManufactureItemDescription />
      <UnitQty>יח`</UnitQty>
      <Quantity>750</Quantity>
      <UnitMeasure>מ"ל</UnitMeasure>
      <BisWeighted>0</BisWeighted>
      <QtyInPackage>1</QtyInPackage>
      <ItemPrice>34.90</ItemPrice>
      <UnitOfMeasurePrice>4.61</UnitOfMeasurePrice>
      <AllowDiscount>1</AllowDiscount>
      <itemStatus>1</itemStatus>
      <LastUpdateDate />
      <LastUpdateTime />
    </Product>
    <Product>
      <PriceUpdateDate>2014/12/14 12:07</PriceUpdateDate>
      <ItemCode>7290008690362</ItemCode>
      <ItemType>1</ItemType>
      <ItemName>קוקה קולה שישיה 1.75</ItemName>
      <ManufactureName>החברה המרכזית להפצת משקאות בעמ</ManufactureName>
      <ManufactureCountry />
      <ManufactureItemDescription />
      <UnitQty>יח`</UnitQty>
      <Quantity>10.50</Quantity>
      <UnitMeasure>1 ליטר</UnitMeasure>
      <BisWeighted>0</BisWeighted>
      <QtyInPackage>1</QtyInPackage>
      <ItemPrice>34.90</ItemPrice>
      <UnitOfMeasurePrice>3.32</UnitOfMeasurePrice>
      <AllowDiscount>0</AllowDiscount>
      <itemStatus>1</itemStatus>
      <LastUpdateDate />
      <LastUpdateTime />
    </Product>
    <Product>
      <PriceUpdateDate>2018/11/11 08:17</PriceUpdateDate>
      <ItemCode>7290008690713</ItemCode>
      <ItemType>1</ItemType>
      <ItemName>נקטר חמוציות אושן ספריי פריגת (1 ליטר)</ItemName>
      <ManufactureName>החברה המרכזית להפצת משקאות בעמ</ManufactureName>
      <ManufactureCountry />
      <ManufactureItemDescription />
      <UnitQty>יח`</UnitQty>
      <Quantity>1</Quantity>
      <UnitMeasure>1 ליטר</UnitMeasure>
      <BisWeighted>0</BisWeighted>
      <QtyInPackage>1</QtyInPackage>
      <ItemPrice>10.90</ItemPrice>
      <UnitOfMeasurePrice>10.90</UnitOfMeasurePrice>
      <AllowDiscount>0</AllowDiscount>
      <itemStatus>1</itemStatus>
      <LastUpdateDate />
      <LastUpdateTime />
    </Product>
    <Product>
      <PriceUpdateDate>2014/01/01 08:37</PriceUpdateDate>
      <ItemCode>7290008693134</ItemCode>
      <ItemType>1</ItemType>
      <ItemName>דניאלה מעדן בטעם תות שטראוס (88 גרם)</ItemName>
      <ManufactureName>שטראוס גרופ בעמ/מצונן</ManufactureName>
      <ManufactureCountry />
      <ManufactureItemDescription />
      <UnitQty>יח`</UnitQty>
      <Quantity>150</Quantity>
      <UnitMeasure>מ"ל</UnitMeasure>
      <BisWeighted>0</BisWeighted>
      <QtyInPackage>1</QtyInPackage>
      <ItemPrice>4</ItemPrice>
      <UnitOfMeasurePrice>2.67</UnitOfMeasurePrice>
      <AllowDiscount>0</AllowDiscount>
      <itemStatus>1</itemStatus>
      <LastUpdateDate />
      <LastUpdateTime />
    </Product>
    <Product>
      <PriceUpdateDate>2018/02/05 11:28</PriceUpdateDate>
      <ItemCode>7290008713016</ItemCode>
      <ItemType>1</ItemType>
      <ItemName>לחם שבעה דגנים קל פרוס אנג`ל (500 גרם)</ItemName>
      <ManufactureName>שלמה א. אנג`ל בעמ</ManufactureName>
      <ManufactureCountry />
      <ManufactureItemDescription />
      <UnitQty>יח`</UnitQty>
      <Quantity>500</Quantity>
      <UnitMeasure>גרם</UnitMeasure>
      <BisWeighted>0</BisWeighted>
      <QtyInPackage>1</QtyInPackage>
      <ItemPrice>13.90</ItemPrice>
      <UnitOfMeasurePrice>2.78</UnitOfMeasurePrice>
      <AllowDiscount>0</AllowDiscount>
      <itemStatus>1</itemStatus>
      <LastUpdateDate />
      <LastUpdateTime />
    </Product>
    <Product>
      <PriceUpdateDate>2017/11/07 13:14</PriceUpdateDate>
      <ItemCode>7290008713900</ItemCode>
      <ItemType>1</ItemType>
      <ItemName>לחם שיפון עגול פרוס אחדות (750 גרם)</ItemName>
      <ManufactureName>שלמה א. אנג`ל בעמ</ManufactureName>
      <ManufactureCountry />
      <ManufactureItemDescription />
      <UnitQty>יח`</UnitQty>
      <Quantity>750</Quantity>
      <UnitMeasure>גרם</UnitMeasure>
      <BisWeighted>0</BisWeighted>
      <QtyInPackage>1</QtyInPackage>
      <ItemPrice>11.90</ItemPrice>
      <UnitOfMeasurePrice>1.59</UnitOfMeasurePrice>
      <AllowDiscount>0</AllowDiscount>
      <itemStatus>1</itemStatus>
      <LastUpdateDate />
      <LastUpdateTime />
    </Product>
    <Product>
      <PriceUpdateDate>2017/11/07 13:14</PriceUpdateDate>
      <ItemCode>7290008713917</ItemCode>
      <ItemType>1</ItemType>
      <ItemName>לחם שיפון כהה פרוס אחדות (750 גרם)</ItemName>
      <ManufactureName>שלמה א. אנג`ל בעמ</ManufactureName>
      <ManufactureCountry />
      <ManufactureItemDescription />
      <UnitQty>יח`</UnitQty>
      <Quantity>750</Quantity>
      <UnitMeasure>גרם</UnitMeasure>
      <BisWeighted>0</BisWeighted>
      <QtyInPackage>1</QtyInPackage>
      <ItemPrice>11.90</ItemPrice>
      <UnitOfMeasurePrice>1.59</UnitOfMeasurePrice>
      <AllowDiscount>0</AllowDiscount>
      <itemStatus>1</itemStatus>
      <LastUpdateDate />
      <LastUpdateTime />
    </Product>
    <Product>
      <PriceUpdateDate>2017/03/27 12:24</PriceUpdateDate>
      <ItemCode>7290008745239</ItemCode>
      <ItemType>1</ItemType>
      <ItemName>תפוצ`יפס 50 גר קראנץ`</ItemName>
      <ManufactureName>שטראוס פריטו ליי בעמ</ManufactureName>
      <ManufactureCountry />
      <ManufactureItemDescription />
      <UnitQty>יח`</UnitQty>
      <Quantity>55</Quantity>
      <UnitMeasure>גרם</UnitMeasure>
      <BisWeighted>0</BisWeighted>
      <QtyInPackage>1</QtyInPackage>
      <ItemPrice>3.90</ItemPrice>
      <UnitOfMeasurePrice>7.09</UnitOfMeasurePrice>
      <AllowDiscount>0</AllowDiscount>
      <itemStatus>1</itemStatus>
      <LastUpdateDate />
      <LastUpdateTime />
    </Product>
    <Product>
      <PriceUpdateDate>2017/03/30 07:47</PriceUpdateDate>
      <ItemCode>7290008747424</ItemCode>
      <ItemType>1</ItemType>
      <ItemName>טבלאות פרה במילוי תות</ItemName>
      <ManufactureName>שטראוס גרופ בעמ</ManufactureName>
      <ManufactureCountry />
      <ManufactureItemDescription />
      <UnitQty>יח`</UnitQty>
      <Quantity>100</Quantity>
      <UnitMeasure>גרם</UnitMeasure>
      <BisWeighted>0</BisWeighted>
      <QtyInPackage>1</QtyInPackage>
      <ItemPrice>4.90</ItemPrice>
      <UnitOfMeasurePrice>4.90</UnitOfMeasurePrice>
      <AllowDiscount>1</AllowDiscount>
      <itemStatus>1</itemStatus>
      <LastUpdateDate />
      <LastUpdateTime />
    </Product>
    <Product>
      <PriceUpdateDate>2018/02/05 11:15</PriceUpdateDate>
      <ItemCode>7290008747431</ItemCode>
      <ItemType>1</ItemType>
      <ItemName>שוקולד ממולדה</ItemName>
      <ManufactureName>שטראוס גרופ בעמ</ManufactureName>
      <ManufactureCountry />
      <ManufactureItemDescription />
      <UnitQty>יח`</UnitQty>
      <Quantity>50</Quantity>
      <UnitMeasure>גרם</UnitMeasure>
      <BisWeighted>0</BisWeighted>
      <QtyInPackage>1</QtyInPackage>
      <ItemPrice>4.90</ItemPrice>
      <UnitOfMeasurePrice>9.80</UnitOfMeasurePrice>
      <AllowDiscount>1</AllowDiscount>
      <itemStatus>1</itemStatus>
      <LastUpdateDate />
      <LastUpdateTime />
    </Product>
    <Product>
      <PriceUpdateDate>2013/12/18 11:59</PriceUpdateDate>
      <ItemCode>7290008747547</ItemCode>
      <ItemType>1</ItemType>
      <ItemName>תפוצ`יפס 200 גר` קראנץ`</ItemName>
      <ManufactureName>שטראוס פריטו ליי בעמ</ManufactureName>
      <ManufactureCountry />
      <ManufactureItemDescription />
      <UnitQty>יח`</UnitQty>
      <Quantity>200</Quantity>
      <UnitMeasure>גרם</UnitMeasure>
      <BisWeighted>0</BisWeighted>
      <QtyInPackage>1</QtyInPackage>
      <ItemPrice>10.90</ItemPrice>
      <UnitOfMeasurePrice>5.45</UnitOfMeasurePrice>
      <AllowDiscount>1</AllowDiscount>
      <itemStatus>1</itemStatus>
      <LastUpdateDate />
      <LastUpdateTime />
    </Product>
    <Product>
      <PriceUpdateDate>2015/09/29 15:29</PriceUpdateDate>
      <ItemCode>7290008748384</ItemCode>
      <ItemType>1</ItemType>
      <ItemName>שוקולד מריר 70% ספלנדיד (100 גרם)</ItemName>
      <ManufactureName>שטראוס גרופ בעמ</ManufactureName>
      <ManufactureCountry />
      <ManufactureItemDescription />
      <UnitQty>יח`</UnitQty>
      <Quantity>100</Quantity>
      <UnitMeasure>גרם</UnitMeasure>
      <BisWeighted>0</BisWeighted>
      <QtyInPackage>1</QtyInPackage>
      <ItemPrice>10.90</ItemPrice>
      <UnitOfMeasurePrice>10.90</UnitOfMeasurePrice>
      <AllowDiscount>0</AllowDiscount>
      <itemStatus>1</itemStatus>
      <LastUpdateDate />
      <LastUpdateTime />
    </Product>
    <Product>
      <PriceUpdateDate>2015/12/01 12:47</PriceUpdateDate>
      <ItemCode>7290008749343</ItemCode>
      <ItemType>1</ItemType>
      <ItemName>בפלות 400  גר`שחור לבן</ItemName>
      <ManufactureName>שטראוס גרופ בעמ</ManufactureName>
      <ManufactureCountry />
      <ManufactureItemDescription />
      <UnitQty>יח`</UnitQty>
      <Quantity>400</Quantity>
      <UnitMeasure>גרם</UnitMeasure>
      <BisWeighted>0</BisWeighted>
      <QtyInPackage>1</QtyInPackage>
      <ItemPrice>16.90</ItemPrice>
      <UnitOfMeasurePrice>4.23</UnitOfMeasurePrice>
      <AllowDiscount>0</AllowDiscount>
      <itemStatus>1</itemStatus>
      <LastUpdateDate />
      <LastUpdateTime />
    </Product>
    <Product>
      <PriceUpdateDate>2013/06/09 19:11</PriceUpdateDate>
      <ItemCode>7290008749954</ItemCode>
      <ItemType>1</ItemType>
      <ItemName>חטיף ופל טוב טעם עלית (30x20 גרם)</ItemName>
      <ManufactureName>שטראוס גרופ בעמ</ManufactureName>
      <ManufactureCountry />
      <ManufactureItemDescription />
      <UnitQty>יח`</UnitQty>
      <Quantity>600</Quantity>
      <UnitMeasure>גרם</UnitMeasure>
      <BisWeighted>0</BisWeighted>
      <QtyInPackage>1</QtyInPackage>
      <ItemPrice>25.90</ItemPrice>
      <UnitOfMeasurePrice>4.32</UnitOfMeasurePrice>
      <AllowDiscount>0</AllowDiscount>
      <itemStatus>1</itemStatus>
      <LastUpdateDate />
      <LastUpdateTime />
    </Product>
    <Product>
      <PriceUpdateDate>2017/03/30 07:47</PriceUpdateDate>
      <ItemCode>7290008750400</ItemCode>
      <ItemType>1</ItemType>
      <ItemName>שוקולד פרה לבן עם עוגיות עלית (100 גרם)</ItemName>
      <ManufactureName>שטראוס גרופ בעמ</ManufactureName>
      <ManufactureCountry />
      <ManufactureItemDescription />
      <UnitQty>יח`</UnitQty>
      <Quantity>100</Quantity>
      <UnitMeasure>גרם</UnitMeasure>
      <BisWeighted>0</BisWeighted>
      <QtyInPackage>1</QtyInPackage>
      <ItemPrice>4.90</ItemPrice>
      <UnitOfMeasurePrice>4.90</UnitOfMeasurePrice>
      <AllowDiscount>1</AllowDiscount>
      <itemStatus>1</itemStatus>
      <LastUpdateDate />
      <LastUpdateTime />
    </Product>
    <Product>
      <PriceUpdateDate>2017/03/30 07:47</PriceUpdateDate>
      <ItemCode>7290008750677</ItemCode>
      <ItemType>1</ItemType>
      <ItemName>טבלאות פרה ממולא תות מגדים</ItemName>
      <ManufactureName>שטראוס גרופ בעמ</ManufactureName>
      <ManufactureCountry />
      <ManufactureItemDescription />
      <UnitQty>יח`</UnitQty>
      <Quantity>100</Quantity>
      <UnitMeasure>גרם</UnitMeasure>
      <BisWeighted>0</BisWeighted>
      <QtyInPackage>1</QtyInPackage>
      <ItemPrice>4.90</ItemPrice>
      <UnitOfMeasurePrice>4.90</UnitOfMeasurePrice>
      <AllowDiscount>1</AllowDiscount>
      <itemStatus>1</itemStatus>
      <LastUpdateDate />
      <LastUpdateTime />
    </Product>
    <Product>
      <PriceUpdateDate>2017/03/27 12:24</PriceUpdateDate>
      <ItemCode>7290008752244</ItemCode>
      <ItemType>1</ItemType>
      <ItemName>תפוצ`יפס 50 גר קראנץ` גריל</ItemName>
      <ManufactureName>שטראוס פריטו ליי בעמ</ManufactureName>
      <ManufactureCountry />
      <ManufactureItemDescription />
      <UnitQty>יח`</UnitQty>
      <Quantity>50</Quantity>
      <UnitMeasure>גרם</UnitMeasure>
      <BisWeighted>0</BisWeighted>
      <QtyInPackage>1</QtyInPackage>
      <ItemPrice>3.90</ItemPrice>
      <UnitOfMeasurePrice>7.80</UnitOfMeasurePrice>
      <AllowDiscount>0</AllowDiscount>
      <itemStatus>1</itemStatus>
      <LastUpdateDate />
      <LastUpdateTime />
    </Product>
    <Product>
      <PriceUpdateDate>2017/03/27 12:24</PriceUpdateDate>
      <ItemCode>7290008753111</ItemCode>
      <ItemType>1</ItemType>
      <ItemName>תפוצ`יפס 50 גר קראנץ` מקסיקני</ItemName>
      <ManufactureName>שטראוס פריטו ליי בעמ</ManufactureName>
      <ManufactureCountry />
      <ManufactureItemDescription />
      <UnitQty>יח`</UnitQty>
      <Quantity>50</Quantity>
      <UnitMeasure>גרם</UnitMeasure>
      <BisWeighted>0</BisWeighted>
      <QtyInPackage>1</QtyInPackage>
      <ItemPrice>3.90</ItemPrice>
      <UnitOfMeasurePrice>7.80</UnitOfMeasurePrice>
      <AllowDiscount>0</AllowDiscount>
      <itemStatus>1</itemStatus>
      <LastUpdateDate />
      <LastUpdateTime />
    </Product>
    <Product>
      <PriceUpdateDate>2019/01/30 09:04</PriceUpdateDate>
      <ItemCode>7290008753883</ItemCode>
      <ItemType>1</ItemType>
      <ItemName>בפלות 350  גר`טראפלס ופירורים</ItemName>
      <ManufactureName>שטראוס גרופ בעמ</ManufactureName>
      <ManufactureCountry />
      <ManufactureItemDescription />
      <UnitQty>יח`</UnitQty>
      <Quantity>350</Quantity>
      <UnitMeasure>גרם</UnitMeasure>
      <BisWeighted>0</BisWeighted>
      <QtyInPackage>1</QtyInPackage>
      <ItemPrice>15.40</ItemPrice>
      <UnitOfMeasurePrice>4.40</UnitOfMeasurePrice>
      <AllowDiscount>0</AllowDiscount>
      <itemStatus>1</itemStatus>
      <LastUpdateDate />
      <LastUpdateTime />
    </Product>
    <Product>
      <PriceUpdateDate>2017/03/30 07:47</PriceUpdateDate>
      <ItemCode>7290008753982</ItemCode>
      <ItemType>1</ItemType>
      <ItemName>שוקולד פרה חלב אוורירי עלית (85 גרם)</ItemName>
      <ManufactureName>שטראוס גרופ בעמ</ManufactureName>
      <ManufactureCountry />
      <ManufactureItemDescription />
      <UnitQty>יח`</UnitQty>
      <Quantity>100</Quantity>
      <UnitMeasure>גרם</UnitMeasure>
      <BisWeighted>0</BisWeighted>
      <QtyInPackage>1</QtyInPackage>
      <ItemPrice>4.90</ItemPrice>
      <UnitOfMeasurePrice>4.90</UnitOfMeasurePrice>
      <AllowDiscount>1</AllowDiscount>
      <itemStatus>1</itemStatus>
      <LastUpdateDate />
      <LastUpdateTime />
    </Product>
    <Product>
      <PriceUpdateDate>2014/04/13 19:46</PriceUpdateDate>
      <ItemCode>7290008754040</ItemCode>
      <ItemType>1</ItemType>
      <ItemName>ממרח פרה 850  גר`מגדים</ItemName>
      <ManufactureName>שטראוס גרופ בעמ</ManufactureName>
      <ManufactureCountry />
      <ManufactureItemDescription />
      <UnitQty>יח`</UnitQty>
      <Quantity>850</Quantity>
      <UnitMeasure>גרם</UnitMeasure>
      <BisWeighted>0</BisWeighted>
      <QtyInPackage>1</QtyInPackage>
      <ItemPrice>17.90</ItemPrice>
      <UnitOfMeasurePrice>2.11</UnitOfMeasurePrice>
      <AllowDiscount>0</AllowDiscount>
      <itemStatus>1</itemStatus>
      <LastUpdateDate />
      <LastUpdateTime />
    </Product>
    <Product>
      <PriceUpdateDate>2014/04/13 19:46</PriceUpdateDate>
      <ItemCode>7290008754415</ItemCode>
      <ItemType>1</ItemType>
      <ItemName>מסטיק מאסט מנטה עדין 28 גרם</ItemName>
      <ManufactureName>שטראוס גרופ בעמ</ManufactureName>
      <ManufactureCountry />
      <ManufactureItemDescription />
      <UnitQty>יח`</UnitQty>
      <Quantity>28</Quantity>
      <UnitMeasure>גרם</UnitMeasure>
      <BisWeighted>0</BisWeighted>
      <QtyInPackage>1</QtyInPackage>
      <ItemPrice>4.90</ItemPrice>
      <UnitOfMeasurePrice>17.50</UnitOfMeasurePrice>
      <AllowDiscount>0</AllowDiscount>
      <itemStatus>1</itemStatus>
      <LastUpdateDate />
      <LastUpdateTime />
    </Product>
    <Product>
      <PriceUpdateDate>2014/11/02 12:04</PriceUpdateDate>
      <ItemCode>7290008754613</ItemCode>
      <ItemType>1</ItemType>
      <ItemName>רולדה שוקולד מצופה</ItemName>
      <ManufactureName>שטראוס גרופ בעמ</ManufactureName>
      <ManufactureCountry />
      <ManufactureItemDescription />
      <UnitQty>יח`</UnitQty>
      <Quantity>350</Quantity>
      <UnitMeasure>גרם</UnitMeasure>
      <BisWeighted>0</BisWeighted>
      <QtyInPackage>1</QtyInPackage>
      <ItemPrice>13.90</ItemPrice>
      <UnitOfMeasurePrice>3.97</UnitOfMeasurePrice>
      <AllowDiscount>1</AllowDiscount>
      <itemStatus>1</itemStatus>
      <LastUpdateDate />
      <LastUpdateTime />
    </Product>
    <Product>
      <PriceUpdateDate>2018/05/13 10:35</PriceUpdateDate>
      <ItemCode>7290008754682</ItemCode>
      <ItemType>1</ItemType>
      <ItemName>רולדת קוקוס חגיגה עלית (350 גרם)</ItemName>
      <ManufactureName>שטראוס גרופ בעמ</ManufactureName>
      <ManufactureCountry />
      <ManufactureItemDescription />
      <UnitQty>יח`</UnitQty>
      <Quantity>350</Quantity>
      <UnitMeasure>גרם</UnitMeasure>
      <BisWeighted>0</BisWeighted>
      <QtyInPackage>1</QtyInPackage>
      <ItemPrice>15.90</ItemPrice>
      <UnitOfMeasurePrice>4.54</UnitOfMeasurePrice>
      <AllowDiscount>1</AllowDiscount>
      <itemStatus>1</itemStatus>
      <LastUpdateDate />
      <LastUpdateTime />
    </Product>
    <Product>
      <PriceUpdateDate>2015/11/30 14:34</PriceUpdateDate>
      <ItemCode>7290008757980</ItemCode>
      <ItemType>1</ItemType>
      <ItemName>נקטר רימונים ספרינג (1 ליטר)</ItemName>
      <ManufactureName>יפאורה</ManufactureName>
      <ManufactureCountry />
      <ManufactureItemDescription />
      <UnitQty>יח`</UnitQty>
      <Quantity>1000</Quantity>
      <UnitMeasure>מ"ל</UnitMeasure>
      <BisWeighted>0</BisWeighted>
      <QtyInPackage>1</QtyInPackage>
      <ItemPrice>5.50</ItemPrice>
      <UnitOfMeasurePrice>0.55</UnitOfMeasurePrice>
      <AllowDiscount>1</AllowDiscount>
      <itemStatus>1</itemStatus>
      <LastUpdateDate />
      <LastUpdateTime />
    </Product>
    <Product>
      <PriceUpdateDate>2014/07/10 12:05</PriceUpdateDate>
      <ItemCode>7290008775816</ItemCode>
      <ItemType>1</ItemType>
      <ItemName>ערגליות שוקו אסם (300 גרם)</ItemName>
      <ManufactureName>קבוצת אסם סחר שות. מוגבלת</ManufactureName>
      <ManufactureCountry />
      <ManufactureItemDescription />
      <UnitQty>יח`</UnitQty>
      <Quantity>300</Quantity>
      <UnitMeasure>גרם</UnitMeasure>
      <BisWeighted>0</BisWeighted>
      <QtyInPackage>1</QtyInPackage>
      <ItemPrice>10.90</ItemPrice>
      <UnitOfMeasurePrice>3.63</UnitOfMeasurePrice>
      <AllowDiscount>0</AllowDiscount>
      <itemStatus>1</itemStatus>
      <LastUpdateDate />
      <LastUpdateTime />
    </Product>
    <Product>
      <PriceUpdateDate>2014/07/10 12:05</PriceUpdateDate>
      <ItemCode>7290008775823</ItemCode>
      <ItemType>1</ItemType>
      <ItemName>ערגליות תות אסם (300 גרם)</ItemName>
      <ManufactureName>קבוצת אסם סחר שות. מוגבלת</ManufactureName>
      <ManufactureCountry />
      <ManufactureItemDescription />
      <UnitQty>יח`</UnitQty>
      <Quantity>300</Quantity>
      <UnitMeasure>גרם</UnitMeasure>
      <BisWeighted>0</BisWeighted>
      <QtyInPackage>1</QtyInPackage>
      <ItemPrice>10.90</ItemPrice>
      <UnitOfMeasurePrice>3.63</UnitOfMeasurePrice>
      <AllowDiscount>0</AllowDiscount>
      <itemStatus>1</itemStatus>
      <LastUpdateDate />
      <LastUpdateTime />
    </Product>
    <Product>
      <PriceUpdateDate>2020/03/29 11:23</PriceUpdateDate>
      <ItemCode>7290008792226</ItemCode>
      <ItemType>1</ItemType>
      <ItemName>נייר טואלט טאצ` 32 גלילים</ItemName>
      <ManufactureName>שניב תעשיות נייר בעמ</ManufactureName>
      <ManufactureCountry />
      <ManufactureItemDescription />
      <UnitQty>יח`</UnitQty>
      <Quantity>1</Quantity>
      <UnitMeasure />
      <BisWeighted>0</BisWeighted>
      <QtyInPackage>1</QtyInPackage>
      <ItemPrice>24.90</ItemPrice>
      <UnitOfMeasurePrice>24.90</UnitOfMeasurePrice>
      <AllowDiscount>0</AllowDiscount>
      <itemStatus>1</itemStatus>
      <LastUpdateDate />
      <LastUpdateTime />
    </Product>
    <Product>
      <PriceUpdateDate>2017/04/30 13:35</PriceUpdateDate>
      <ItemCode>7290008801157</ItemCode>
      <ItemType>1</ItemType>
      <ItemName>סלקטד מרלו יקבי כרמל (750 מל)</ItemName>
      <ManufactureName>אגודת הכורמים</ManufactureName>
      <ManufactureCountry />
      <ManufactureItemDescription />
      <UnitQty>יח`</UnitQty>
      <Quantity>750</Quantity>
      <UnitMeasure>מ"ל</UnitMeasure>
      <BisWeighted>0</BisWeighted>
      <QtyInPackage>1</QtyInPackage>
      <ItemPrice>26.90</ItemPrice>
      <UnitOfMeasurePrice>3.55</UnitOfMeasurePrice>
      <AllowDiscount>1</AllowDiscount>
      <itemStatus>1</itemStatus>
      <LastUpdateDate />
      <LastUpdateTime />
    </Product>
    <Product>
      <PriceUpdateDate>2019/01/03 10:24</PriceUpdateDate>
      <ItemCode>7290008801522</ItemCode>
      <ItemType>1</ItemType>
      <ItemName>קונקורד אדום מתוק 750 מל קינג דיוויד</ItemName>
      <ManufactureName>אגודת הכורמים</ManufactureName>
      <ManufactureCountry />
      <ManufactureItemDescription />
      <UnitQty>יח`</UnitQty>
      <Quantity>750</Quantity>
      <UnitMeasure>מ"ל</UnitMeasure>
      <BisWeighted>0</BisWeighted>
      <QtyInPackage>1</QtyInPackage>
      <ItemPrice>19.90</ItemPrice>
      <UnitOfMeasurePrice>2.61</UnitOfMeasurePrice>
      <AllowDiscount>0</AllowDiscount>
      <itemStatus>1</itemStatus>
      <LastUpdateDate />
      <LastUpdateTime />
    </Product>
    <Product>
      <PriceUpdateDate>2017/04/30 13:35</PriceUpdateDate>
      <ItemCode>7290008801843</ItemCode>
      <ItemType>1</ItemType>
      <ItemName>סלקטד קברנה סובניון יקבי כרמל (750 מל)</ItemName>
      <ManufactureName>אגודת הכורמים</ManufactureName>
      <ManufactureCountry />
      <ManufactureItemDescription />
      <UnitQty>יח`</UnitQty>
      <Quantity>750</Quantity>
      <UnitMeasure>מ"ל</UnitMeasure>
      <BisWeighted>0</BisWeighted>
      <QtyInPackage>1</QtyInPackage>
      <ItemPrice>26.90</ItemPrice>
      <UnitOfMeasurePrice>3.55</UnitOfMeasurePrice>
      <AllowDiscount>1</AllowDiscount>
      <itemStatus>1</itemStatus>
      <LastUpdateDate />
      <LastUpdateTime />
    </Product>
    <Product>
      <PriceUpdateDate>2017/04/30 13:35</PriceUpdateDate>
      <ItemCode>7290008801850</ItemCode>
      <ItemType>1</ItemType>
      <ItemName>סלקטד אמרלד ריזלינג יקבי כרמל (750 מל)</ItemName>
      <ManufactureName>אגודת הכורמים</ManufactureName>
      <ManufactureCountry />
      <ManufactureItemDescription />
      <UnitQty>יח`</UnitQty>
      <Quantity>750</Quantity>
      <UnitMeasure>מ"ל</UnitMeasure>
      <BisWeighted>0</BisWeighted>
      <QtyInPackage>1</QtyInPackage>
      <ItemPrice>26.90</ItemPrice>
      <UnitOfMeasurePrice>3.55</UnitOfMeasurePrice>
      <AllowDiscount>1</AllowDiscount>
      <itemStatus>1</itemStatus>
      <LastUpdateDate />
      <LastUpdateTime />
    </Product>
    <Product>
      <PriceUpdateDate>2016/03/01 09:08</PriceUpdateDate>
      <ItemCode>7290008802291</ItemCode>
      <ItemType>1</ItemType>
      <ItemName>מרלו פי.סי אדום יבש 750 מל</ItemName>
      <ManufactureName>אגודת הכורמים</ManufactureName>
      <ManufactureCountry />
      <ManufactureItemDescription />
      <UnitQty>יח`</UnitQty>
      <Quantity>750</Quantity>
      <UnitMeasure>מ"ל</UnitMeasure>
      <BisWeighted>0</BisWeighted>
      <QtyInPackage>1</QtyInPackage>
      <ItemPrice>44.90</ItemPrice>
      <UnitOfMeasurePrice>5.95</UnitOfMeasurePrice>
      <AllowDiscount>1</AllowDiscount>
      <itemStatus>1</itemStatus>
      <LastUpdateDate />
      <LastUpdateTime />
    </Product>
    <Product>
      <PriceUpdateDate>2019/01/03 10:24</PriceUpdateDate>
      <ItemCode>7290008802512</ItemCode>
      <ItemType>1</ItemType>
      <ItemName>וינו אדום 750 מל</ItemName>
      <ManufactureName>אגודת הכורמים</ManufactureName>
      <ManufactureCountry />
      <ManufactureItemDescription />
      <UnitQty>יח`</UnitQty>
      <Quantity>750</Quantity>
      <UnitMeasure>מ"ל</UnitMeasure>
      <BisWeighted>0</BisWeighted>
      <QtyInPackage>1</QtyInPackage>
      <ItemPrice>19.90</ItemPrice>
      <UnitOfMeasurePrice>2.61</UnitOfMeasurePrice>
      <AllowDiscount>1</AllowDiscount>
      <itemStatus>1</itemStatus>
      <LastUpdateDate />
      <LastUpdateTime />
    </Product>
    <Product>
      <PriceUpdateDate>2019/01/03 10:24</PriceUpdateDate>
      <ItemCode>7290008802529</ItemCode>
      <ItemType>1</ItemType>
      <ItemName>וינו לבן 750 מל</ItemName>
      <ManufactureName>אגודת הכורמים</ManufactureName>
      <ManufactureCountry />
      <ManufactureItemDescription />
      <UnitQty>יח`</UnitQty>
      <Quantity>750</Quantity>
      <UnitMeasure>מ"ל</UnitMeasure>
      <BisWeighted>0</BisWeighted>
      <QtyInPackage>1</QtyInPackage>
      <ItemPrice>19.90</ItemPrice>
      <UnitOfMeasurePrice>2.61</UnitOfMeasurePrice>
      <AllowDiscount>1</AllowDiscount>
      <itemStatus>1</itemStatus>
      <LastUpdateDate />
      <LastUpdateTime />
    </Product>
    <Product>
      <PriceUpdateDate>2016/03/01 09:08</PriceUpdateDate>
      <ItemCode>7290008802895</ItemCode>
      <ItemType>1</ItemType>
      <ItemName>קברנה סוביניון פי.סי אדום יבש 750 מל</ItemName>
      <ManufactureName>אגודת הכורמים</ManufactureName>
      <ManufactureCountry />
      <ManufactureItemDescription />
      <UnitQty>יח`</UnitQty>
      <Quantity>750</Quantity>
      <UnitMeasure>מ"ל</UnitMeasure>
      <BisWeighted>0</BisWeighted>
      <QtyInPackage>1</QtyInPackage>
      <ItemPrice>44.90</ItemPrice>
      <UnitOfMeasurePrice>5.95</UnitOfMeasurePrice>
      <AllowDiscount>1</AllowDiscount>
      <itemStatus>1</itemStatus>
      <LastUpdateDate />
      <LastUpdateTime />
    </Product>
    <Product>
      <PriceUpdateDate>2015/04/29 12:31</PriceUpdateDate>
      <ItemCode>7290008803090</ItemCode>
      <ItemType>1</ItemType>
      <ItemName>מרלו אזורית אדום יבש 750 מל</ItemName>
      <ManufactureName>אגודת הכורמים</ManufactureName>
      <ManufactureCountry />
      <ManufactureItemDescription />
      <UnitQty>יח`</UnitQty>
      <Quantity>750</Quantity>
      <UnitMeasure>מ"ל</UnitMeasure>
      <BisWeighted>0</BisWeighted>
      <QtyInPackage>1</QtyInPackage>
      <ItemPrice>71.90</ItemPrice>
      <UnitOfMeasurePrice>9.55</UnitOfMeasurePrice>
      <AllowDiscount>1</AllowDiscount>
      <itemStatus>1</itemStatus>
      <LastUpdateDate />
      <LastUpdateTime />
    </Product>
    <Product>
      <PriceUpdateDate>2017/04/30 13:35</PriceUpdateDate>
      <ItemCode>7290008805520</ItemCode>
      <ItemType>1</ItemType>
      <ItemName>קברנה מרלו סלקטד אדום יבש 750 מל</ItemName>
      <ManufactureName>אגודת הכורמים</ManufactureName>
      <ManufactureCountry />
      <ManufactureItemDescription />
      <UnitQty>יח`</UnitQty>
      <Quantity>750</Quantity>
      <UnitMeasure>מ"ל</UnitMeasure>
      <BisWeighted>0</BisWeighted>
      <QtyInPackage>1</QtyInPackage>
      <ItemPrice>26.90</ItemPrice>
      <UnitOfMeasurePrice>3.55</UnitOfMeasurePrice>
      <AllowDiscount>1</AllowDiscount>
      <itemStatus>1</itemStatus>
      <LastUpdateDate />
      <LastUpdateTime />
    </Product>
    <Product>
      <PriceUpdateDate>2015/06/29 08:29</PriceUpdateDate>
      <ItemCode>7290008806961</ItemCode>
      <ItemType>1</ItemType>
      <ItemName>שטראוס קרמיסימו שוקולד ציפ</ItemName>
      <ManufactureName>גלידות שטראוס בעמ</ManufactureName>
      <ManufactureCountry />
      <ManufactureItemDescription />
      <UnitQty>יח`</UnitQty>
      <Quantity>1.33</Quantity>
      <UnitMeasure>1 ליטר</UnitMeasure>
      <BisWeighted>0</BisWeighted>
      <QtyInPackage>1</QtyInPackage>
      <ItemPrice>18.90</ItemPrice>
      <UnitOfMeasurePrice>14.21</UnitOfMeasurePrice>
      <AllowDiscount>1</AllowDiscount>
      <itemStatus>1</itemStatus>
      <LastUpdateDate />
      <LastUpdateTime />
    </Product>
    <Product>
      <PriceUpdateDate>2015/06/29 08:29</PriceUpdateDate>
      <ItemCode>7290008806985</ItemCode>
      <ItemType>1</ItemType>
      <ItemName>שטראוס גלידונית 60 יח` פרווה</ItemName>
      <ManufactureName>גלידות שטראוס בעמ</ManufactureName>
      <ManufactureCountry />
      <ManufactureItemDescription />
      <UnitQty>יח`</UnitQty>
      <Quantity>630</Quantity>
      <UnitMeasure>גרם</UnitMeasure>
      <BisWeighted>0</BisWeighted>
      <QtyInPackage>1</QtyInPackage>
      <ItemPrice>47.90</ItemPrice>
      <UnitOfMeasurePrice>7.60</UnitOfMeasurePrice>
      <AllowDiscount>1</AllowDiscount>
      <itemStatus>1</itemStatus>
      <LastUpdateDate />
      <LastUpdateTime />
    </Product>
    <Product>
      <PriceUpdateDate>2014/04/27 16:01</PriceUpdateDate>
      <ItemCode>7290008836005</ItemCode>
      <ItemType>1</ItemType>
      <ItemName>ישראלי קריניאן אפרת (750 מל)</ItemName>
      <ManufactureName>יקב טפרברג 1870 בעמ (יינות ומש</ManufactureName>
      <ManufactureCountry />
      <ManufactureItemDescription />
      <UnitQty>יח`</UnitQty>
      <Quantity>750</Quantity>
      <UnitMeasure>מ"ל</UnitMeasure>
      <BisWeighted>0</BisWeighted>
      <QtyInPackage>1</QtyInPackage>
      <ItemPrice>19.50</ItemPrice>
      <UnitOfMeasurePrice>2.56</UnitOfMeasurePrice>
      <AllowDiscount>1</AllowDiscount>
      <itemStatus>1</itemStatus>
      <LastUpdateDate />
      <LastUpdateTime />
    </Product>
    <Product>
      <PriceUpdateDate>2014/04/27 16:01</PriceUpdateDate>
      <ItemCode>7290008836036</ItemCode>
      <ItemType>1</ItemType>
      <ItemName>גרנאש רוזה אפרת (750 מל)</ItemName>
      <ManufactureName>יקב טפרברג 1870 בעמ (יינות ומש</ManufactureName>
      <ManufactureCountry />
      <ManufactureItemDescription />
      <UnitQty>יח`</UnitQty>
      <Quantity>750</Quantity>
      <UnitMeasure>מ"ל</UnitMeasure>
      <BisWeighted>0</BisWeighted>
      <QtyInPackage>1</QtyInPackage>
      <ItemPrice>19.50</ItemPrice>
      <UnitOfMeasurePrice>2.56</UnitOfMeasurePrice>
      <AllowDiscount>1</AllowDiscount>
      <itemStatus>1</itemStatus>
      <LastUpdateDate />
      <LastUpdateTime />
    </Product>
    <Product>
      <PriceUpdateDate>2014/07/27 12:56</PriceUpdateDate>
      <ItemCode>7290008836494</ItemCode>
      <ItemType>1</ItemType>
      <ItemName>תירוש ענבים אפרת (1 ליטר)</ItemName>
      <ManufactureName>יקב טפרברג 1870 בעמ (יינות ומש</ManufactureName>
      <ManufactureCountry />
      <ManufactureItemDescription />
      <UnitQty>יח`</UnitQty>
      <Quantity>1000</Quantity>
      <UnitMeasure>מ"ל</UnitMeasure>
      <BisWeighted>0</BisWeighted>
      <QtyInPackage>1</QtyInPackage>
      <ItemPrice>12.90</ItemPrice>
      <UnitOfMeasurePrice>1.26</UnitOfMeasurePrice>
      <AllowDiscount>0</AllowDiscount>
      <itemStatus>1</itemStatus>
      <LastUpdateDate />
      <LastUpdateTime />
    </Product>
    <Product>
      <PriceUpdateDate>2018/11/11 08:17</PriceUpdateDate>
      <ItemCode>7290008909167</ItemCode>
      <ItemType>1</ItemType>
      <ItemName>פריגת 1.5 ליטר</ItemName>
      <ManufactureName>החברה המרכזית להפצת משקאות בעמ</ManufactureName>
      <ManufactureCountry />
      <ManufactureItemDescription />
      <UnitQty>יח`</UnitQty>
      <Quantity>1.50</Quantity>
      <UnitMeasure>1 ליטר</UnitMeasure>
      <BisWeighted>0</BisWeighted>
      <QtyInPackage>1</QtyInPackage>
      <ItemPrice>7.20</ItemPrice>
      <UnitOfMeasurePrice>4.80</UnitOfMeasurePrice>
      <AllowDiscount>1</AllowDiscount>
      <itemStatus>1</itemStatus>
      <LastUpdateDate />
      <LastUpdateTime />
    </Product>
    <Product>
      <PriceUpdateDate>2018/11/11 08:17</PriceUpdateDate>
      <ItemCode>7290008909440</ItemCode>
      <ItemType>1</ItemType>
      <ItemName>משקה אורנג` מנגו פאנטה (1.5 ליטר)</ItemName>
      <ManufactureName>החברה המרכזית להפצת משקאות בעמ</ManufactureName>
      <ManufactureCountry />
      <ManufactureItemDescription />
      <UnitQty>יח`</UnitQty>
      <Quantity>1.50</Quantity>
      <UnitMeasure>1 ליטר</UnitMeasure>
      <BisWeighted>0</BisWeighted>
      <QtyInPackage>1</QtyInPackage>
      <ItemPrice>7.70</ItemPrice>
      <UnitOfMeasurePrice>5.13</UnitOfMeasurePrice>
      <AllowDiscount>0</AllowDiscount>
      <itemStatus>1</itemStatus>
      <LastUpdateDate />
      <LastUpdateTime />
    </Product>
    <Product>
      <PriceUpdateDate>2019/06/30 08:28</PriceUpdateDate>
      <ItemCode>7290008909723</ItemCode>
      <ItemType>1</ItemType>
      <ItemName>בירה רד לייבל טובורג (330x6 מל)</ItemName>
      <ManufactureName>החברה המרכזית להפצת משקאות בעמ</ManufactureName>
      <ManufactureCountry />
      <ManufactureItemDescription />
      <UnitQty>יח`</UnitQty>
      <Quantity>1.98</Quantity>
      <UnitMeasure>1 ליטר</UnitMeasure>
      <BisWeighted>0</BisWeighted>
      <QtyInPackage>1</QtyInPackage>
      <ItemPrice>40.90</ItemPrice>
      <UnitOfMeasurePrice>19.75</UnitOfMeasurePrice>
      <AllowDiscount>1</AllowDiscount>
      <itemStatus>1</itemStatus>
      <LastUpdateDate />
      <LastUpdateTime />
    </Product>
    <Product>
      <PriceUpdateDate>2014/04/03 09:01</PriceUpdateDate>
      <ItemCode>7290008909860</ItemCode>
      <ItemType>1</ItemType>
      <ItemName>בקבוק זירו קוקה-קולה (1.5 ליטר)</ItemName>
      <ManufactureName>החברה המרכזית להפצת משקאות בעמ</ManufactureName>
      <ManufactureCountry />
      <ManufactureItemDescription />
      <UnitQty>יח`</UnitQty>
      <Quantity>1.50</Quantity>
      <UnitMeasure>1 ליטר</UnitMeasure>
      <BisWeighted>0</BisWeighted>
      <QtyInPackage>1</QtyInPackage>
      <ItemPrice>6.90</ItemPrice>
      <UnitOfMeasurePrice>4.60</UnitOfMeasurePrice>
      <AllowDiscount>0</AllowDiscount>
      <itemStatus>1</itemStatus>
      <LastUpdateDate />
      <LastUpdateTime />
    </Product>
    <Product>
      <PriceUpdateDate>2018/11/11 08:17</PriceUpdateDate>
      <ItemCode>7290008909877</ItemCode>
      <ItemType>1</ItemType>
      <ItemName>מארז זירו קוקה-קולה (1.5x6 ליטר)</ItemName>
      <ManufactureName>החברה המרכזית להפצת משקאות בעמ</ManufactureName>
      <ManufactureCountry />
      <ManufactureItemDescription />
      <UnitQty>יח`</UnitQty>
      <Quantity>9</Quantity>
      <UnitMeasure>1 ליטר</UnitMeasure>
      <BisWeighted>0</BisWeighted>
      <QtyInPackage>1</QtyInPackage>
      <ItemPrice>37.90</ItemPrice>
      <UnitOfMeasurePrice>4.21</UnitOfMeasurePrice>
      <AllowDiscount>0</AllowDiscount>
      <itemStatus>1</itemStatus>
      <LastUpdateDate />
      <LastUpdateTime />
    </Product>
    <Product>
      <PriceUpdateDate>2019/05/06 14:59</PriceUpdateDate>
      <ItemCode>7290008975551</ItemCode>
      <ItemType>1</ItemType>
      <ItemName>תחליף חלב שלב 3 מהדרין מטרנה (700 גרם)</ItemName>
      <ManufactureName>קבוצת אסם סחר שות. מוגבלת</ManufactureName>
      <ManufactureCountry />
      <ManufactureItemDescription />
      <UnitQty>יח`</UnitQty>
      <Quantity>700</Quantity>
      <UnitMeasure>גרם</UnitMeasure>
      <BisWeighted>0</BisWeighted>
      <QtyInPackage>1</QtyInPackage>
      <ItemPrice>49.90</ItemPrice>
      <UnitOfMeasurePrice>7.13</UnitOfMeasurePrice>
      <AllowDiscount>1</AllowDiscount>
      <itemStatus>1</itemStatus>
      <LastUpdateDate />
      <LastUpdateTime />
    </Product>
    <Product>
      <PriceUpdateDate>2019/08/29 16:43</PriceUpdateDate>
      <ItemCode>7290008975780</ItemCode>
      <ItemType>1</ItemType>
      <ItemName>בונזו כופתיות קטנות קג 3</ItemName>
      <ManufactureName>דיפלומט היינץ</ManufactureName>
      <ManufactureCountry />
      <ManufactureItemDescription />
      <UnitQty>יח`</UnitQty>
      <Quantity>3</Quantity>
      <UnitMeasure>ק"ג</UnitMeasure>
      <BisWeighted>0</BisWeighted>
      <QtyInPackage>1</QtyInPackage>
      <ItemPrice>39.90</ItemPrice>
      <UnitOfMeasurePrice>13.30</UnitOfMeasurePrice>
      <AllowDiscount>0</AllowDiscount>
      <itemStatus>1</itemStatus>
      <LastUpdateDate />
      <LastUpdateTime />
    </Product>
    <Product>
      <PriceUpdateDate>2016/03/03 08:24</PriceUpdateDate>
      <ItemCode>7290008989091</ItemCode>
      <ItemType>1</ItemType>
      <ItemName>פריכיות אורז שלישיה</ItemName>
      <ManufactureName>בטר אנד דיפרנט בעמ</ManufactureName>
      <ManufactureCountry />
      <ManufactureItemDescription />
      <UnitQty>יח`</UnitQty>
      <Quantity>300</Quantity>
      <UnitMeasure>גרם</UnitMeasure>
      <BisWeighted>0</BisWeighted>
      <QtyInPackage>1</QtyInPackage>
      <ItemPrice>12.90</ItemPrice>
      <UnitOfMeasurePrice>4.30</UnitOfMeasurePrice>
      <AllowDiscount>0</AllowDiscount>
      <itemStatus>1</itemStatus>
      <LastUpdateDate />
      <LastUpdateTime />
    </Product>
    <Product>
      <PriceUpdateDate>2015/12/01 18:41</PriceUpdateDate>
      <ItemCode>7290008989473</ItemCode>
      <ItemType>1</ItemType>
      <ItemName>ממרח חרובים 350 גר`</ItemName>
      <ManufactureName>בטר אנד דיפרנט בעמ</ManufactureName>
      <ManufactureCountry />
      <ManufactureItemDescription />
      <UnitQty>יח`</UnitQty>
      <Quantity>350</Quantity>
      <UnitMeasure>גרם</UnitMeasure>
      <BisWeighted>0</BisWeighted>
      <QtyInPackage>1</QtyInPackage>
      <ItemPrice>12.90</ItemPrice>
      <UnitOfMeasurePrice>3.69</UnitOfMeasurePrice>
      <AllowDiscount>0</AllowDiscount>
      <itemStatus>1</itemStatus>
      <LastUpdateDate />
      <LastUpdateTime />
    </Product>
    <Product>
      <PriceUpdateDate>2015/12/01 18:41</PriceUpdateDate>
      <ItemCode>7290008989695</ItemCode>
      <ItemType>1</ItemType>
      <ItemName>שלווה מצופה בדבש בשקית</ItemName>
      <ManufactureName>בטר אנד דיפרנט בעמ</ManufactureName>
      <ManufactureCountry />
      <ManufactureItemDescription />
      <UnitQty>יח`</UnitQty>
      <Quantity>400</Quantity>
      <UnitMeasure>גרם</UnitMeasure>
      <BisWeighted>0</BisWeighted>
      <QtyInPackage>1</QtyInPackage>
      <ItemPrice>12.90</ItemPrice>
      <UnitOfMeasurePrice>3.23</UnitOfMeasurePrice>
      <AllowDiscount>0</AllowDiscount>
      <itemStatus>1</itemStatus>
      <LastUpdateDate />
      <LastUpdateTime />
    </Product>
    <Product>
      <PriceUpdateDate>2018/02/06 12:05</PriceUpdateDate>
      <ItemCode>7290010002023</ItemCode>
      <ItemType>1</ItemType>
      <ItemName>כורכום תבליני מימון (100 גרם)</ItemName>
      <ManufactureName>א.ל.ייצור ושיווק תבלינים בעמ</ManufactureName>
      <ManufactureCountry />
      <ManufactureItemDescription />
      <UnitQty>יח`</UnitQty>
      <Quantity>100</Quantity>
      <UnitMeasure>גרם</UnitMeasure>
      <BisWeighted>0</BisWeighted>
      <QtyInPackage>1</QtyInPackage>
      <ItemPrice>11.90</ItemPrice>
      <UnitOfMeasurePrice>11.90</UnitOfMeasurePrice>
      <AllowDiscount>0</AllowDiscount>
      <itemStatus>1</itemStatus>
      <LastUpdateDate />
      <LastUpdateTime />
    </Product>
    <Product>
      <PriceUpdateDate>2018/02/06 12:05</PriceUpdateDate>
      <ItemCode>7290010002030</ItemCode>
      <ItemType>1</ItemType>
      <ItemName>כמון טחון תבליני מימון (100 גרם)</ItemName>
      <ManufactureName>א.ל.ייצור ושיווק תבלינים בעמ</ManufactureName>
      <ManufactureCountry />
      <ManufactureItemDescription />
      <UnitQty>יח`</UnitQty>
      <Quantity>100</Quantity>
      <UnitMeasure>גרם</UnitMeasure>
      <BisWeighted>0</BisWeighted>
      <QtyInPackage>1</QtyInPackage>
      <ItemPrice>11.90</ItemPrice>
      <UnitOfMeasurePrice>11.90</UnitOfMeasurePrice>
      <AllowDiscount>0</AllowDiscount>
      <itemStatus>1</itemStatus>
      <LastUpdateDate />
      <LastUpdateTime />
    </Product>
    <Product>
      <PriceUpdateDate>2018/02/06 12:05</PriceUpdateDate>
      <ItemCode>7290010002122</ItemCode>
      <ItemType>1</ItemType>
      <ItemName>פפריקה הונגרית מתוקה 100 גר`</ItemName>
      <ManufactureName>א.ל.ייצור ושיווק תבלינים בעמ</ManufactureName>
      <ManufactureCountry />
      <ManufactureItemDescription />
      <UnitQty>יח`</UnitQty>
      <Quantity>100</Quantity>
      <UnitMeasure>גרם</UnitMeasure>
      <BisWeighted>0</BisWeighted>
      <QtyInPackage>1</QtyInPackage>
      <ItemPrice>11.90</ItemPrice>
      <UnitOfMeasurePrice>11.90</UnitOfMeasurePrice>
      <AllowDiscount>0</AllowDiscount>
      <itemStatus>1</itemStatus>
      <LastUpdateDate />
      <LastUpdateTime />
    </Product>
    <Product>
      <PriceUpdateDate>2018/02/06 12:05</PriceUpdateDate>
      <ItemCode>7290010002146</ItemCode>
      <ItemType>1</ItemType>
      <ItemName>פפריקה מרוקאית מתוקה 100 גר`</ItemName>
      <ManufactureName>א.ל.ייצור ושיווק תבלינים בעמ</ManufactureName>
      <ManufactureCountry />
      <ManufactureItemDescription />
      <UnitQty>יח`</UnitQty>
      <Quantity>100</Quantity>
      <UnitMeasure>גרם</UnitMeasure>
      <BisWeighted>0</BisWeighted>
      <QtyInPackage>1</QtyInPackage>
      <ItemPrice>11.90</ItemPrice>
      <UnitOfMeasurePrice>11.90</UnitOfMeasurePrice>
      <AllowDiscount>0</AllowDiscount>
      <itemStatus>1</itemStatus>
      <LastUpdateDate />
      <LastUpdateTime />
    </Product>
    <Product>
      <PriceUpdateDate>2015/12/01 18:41</PriceUpdateDate>
      <ItemCode>7290010002191</ItemCode>
      <ItemType>1</ItemType>
      <ItemName>מקלות קינמון תבליני מימון (50 גרם)</ItemName>
      <ManufactureName>א.ל.ייצור ושיווק תבלינים בעמ</ManufactureName>
      <ManufactureCountry />
      <ManufactureItemDescription />
      <UnitQty>יח`</UnitQty>
      <Quantity>50</Quantity>
      <UnitMeasure>גרם</UnitMeasure>
      <BisWeighted>0</BisWeighted>
      <QtyInPackage>1</QtyInPackage>
      <ItemPrice>10.90</ItemPrice>
      <UnitOfMeasurePrice>21.80</UnitOfMeasurePrice>
      <AllowDiscount>0</AllowDiscount>
      <itemStatus>1</itemStatus>
      <LastUpdateDate />
      <LastUpdateTime />
    </Product>
    <Product>
      <PriceUpdateDate>2018/02/06 12:05</PriceUpdateDate>
      <ItemCode>7290010002214</ItemCode>
      <ItemType>1</ItemType>
      <ItemName>צ`ילי גרוס תבליני מימון (70 גרם)</ItemName>
      <ManufactureName>א.ל.ייצור ושיווק תבלינים בעמ</ManufactureName>
      <ManufactureCountry />
      <ManufactureItemDescription />
      <UnitQty>יח`</UnitQty>
      <Quantity>70</Quantity>
      <UnitMeasure>גרם</UnitMeasure>
      <BisWeighted>0</BisWeighted>
      <QtyInPackage>1</QtyInPackage>
      <ItemPrice>11.90</ItemPrice>
      <UnitOfMeasurePrice>17</UnitOfMeasurePrice>
      <AllowDiscount>0</AllowDiscount>
      <itemStatus>1</itemStatus>
      <LastUpdateDate />
      <LastUpdateTime />
    </Product>
    <Product>
      <PriceUpdateDate>2018/02/06 12:05</PriceUpdateDate>
      <ItemCode>7290010002283</ItemCode>
      <ItemType>1</ItemType>
      <ItemName>תיבול על האש 100 גר`</ItemName>
      <ManufactureName>א.ל.ייצור ושיווק תבלינים בעמ</ManufactureName>
      <ManufactureCountry />
      <ManufactureItemDescription />
      <UnitQty>יח`</UnitQty>
      <Quantity>100</Quantity>
      <UnitMeasure>גרם</UnitMeasure>
      <BisWeighted>0</BisWeighted>
      <QtyInPackage>1</QtyInPackage>
      <ItemPrice>11.90</ItemPrice>
      <UnitOfMeasurePrice>11.90</UnitOfMeasurePrice>
      <AllowDiscount>0</AllowDiscount>
      <itemStatus>1</itemStatus>
      <LastUpdateDate />
      <LastUpdateTime />
    </Product>
    <Product>
      <PriceUpdateDate>2018/02/06 12:05</PriceUpdateDate>
      <ItemCode>7290010002320</ItemCode>
      <ItemType>1</ItemType>
      <ItemName>תבלין לגריל עוף תבליני מימון (100 גרם)</ItemName>
      <ManufactureName>א.ל.ייצור ושיווק תבלינים בעמ</ManufactureName>
      <ManufactureCountry />
      <ManufactureItemDescription />
      <UnitQty>יח`</UnitQty>
      <Quantity>100</Quantity>
      <UnitMeasure>גרם</UnitMeasure>
      <BisWeighted>0</BisWeighted>
      <QtyInPackage>1</QtyInPackage>
      <ItemPrice>11.90</ItemPrice>
      <UnitOfMeasurePrice>11.90</UnitOfMeasurePrice>
      <AllowDiscount>0</AllowDiscount>
      <itemStatus>1</itemStatus>
      <LastUpdateDate />
      <LastUpdateTime />
    </Product>
    <Product>
      <PriceUpdateDate>2018/02/06 12:05</PriceUpdateDate>
      <ItemCode>7290010002344</ItemCode>
      <ItemType>1</ItemType>
      <ItemName>תיבול לדג 100 גר`</ItemName>
      <ManufactureName>א.ל.ייצור ושיווק תבלינים בעמ</ManufactureName>
      <ManufactureCountry />
      <ManufactureItemDescription />
      <UnitQty>יח`</UnitQty>
      <Quantity>100</Quantity>
      <UnitMeasure>גרם</UnitMeasure>
      <BisWeighted>0</BisWeighted>
      <QtyInPackage>1</QtyInPackage>
      <ItemPrice>11.90</ItemPrice>
      <UnitOfMeasurePrice>11.90</UnitOfMeasurePrice>
      <AllowDiscount>0</AllowDiscount>
      <itemStatus>1</itemStatus>
      <LastUpdateDate />
      <LastUpdateTime />
    </Product>
    <Product>
      <PriceUpdateDate>2018/02/06 12:05</PriceUpdateDate>
      <ItemCode>7290010002351</ItemCode>
      <ItemType>1</ItemType>
      <ItemName>זעתר ושומשום בלדי תבליני מימון (100 גרם)</ItemName>
      <ManufactureName>א.ל.ייצור ושיווק תבלינים בעמ</ManufactureName>
      <ManufactureCountry />
      <ManufactureItemDescription />
      <UnitQty>יח`</UnitQty>
      <Quantity>100</Quantity>
      <UnitMeasure>גרם</UnitMeasure>
      <BisWeighted>0</BisWeighted>
      <QtyInPackage>1</QtyInPackage>
      <ItemPrice>11.90</ItemPrice>
      <UnitOfMeasurePrice>11.90</UnitOfMeasurePrice>
      <AllowDiscount>0</AllowDiscount>
      <itemStatus>1</itemStatus>
      <LastUpdateDate />
      <LastUpdateTime />
    </Product>
    <Product>
      <PriceUpdateDate>2018/02/06 12:05</PriceUpdateDate>
      <ItemCode>7290010002375</ItemCode>
      <ItemType>1</ItemType>
      <ItemName>תבלין מדראס קארי תבליני מימון (100 גרם)</ItemName>
      <ManufactureName>א.ל.ייצור ושיווק תבלינים בעמ</ManufactureName>
      <ManufactureCountry />
      <ManufactureItemDescription />
      <UnitQty>יח`</UnitQty>
      <Quantity>100</Quantity>
      <UnitMeasure>גרם</UnitMeasure>
      <BisWeighted>0</BisWeighted>
      <QtyInPackage>1</QtyInPackage>
      <ItemPrice>11.90</ItemPrice>
      <UnitOfMeasurePrice>11.90</UnitOfMeasurePrice>
      <AllowDiscount>0</AllowDiscount>
      <itemStatus>1</itemStatus>
      <LastUpdateDate />
      <LastUpdateTime />
    </Product>
    <Product>
      <PriceUpdateDate>2015/12/01 18:41</PriceUpdateDate>
      <ItemCode>7290010002382</ItemCode>
      <ItemType>1</ItemType>
      <ItemName>אורגנו תבליני מימון (40 גרם)</ItemName>
      <ManufactureName>א.ל.ייצור ושיווק תבלינים בעמ</ManufactureName>
      <ManufactureCountry />
      <ManufactureItemDescription />
      <UnitQty>יח`</UnitQty>
      <Quantity>40</Quantity>
      <UnitMeasure>גרם</UnitMeasure>
      <BisWeighted>0</BisWeighted>
      <QtyInPackage>1</QtyInPackage>
      <ItemPrice>10.90</ItemPrice>
      <UnitOfMeasurePrice>27.25</UnitOfMeasurePrice>
      <AllowDiscount>0</AllowDiscount>
      <itemStatus>1</itemStatus>
      <LastUpdateDate />
      <LastUpdateTime />
    </Product>
    <Product>
      <PriceUpdateDate>2015/12/01 18:41</PriceUpdateDate>
      <ItemCode>7290010002405</ItemCode>
      <ItemType>1</ItemType>
      <ItemName>טימין הררי תבליני מימון (40 גרם)</ItemName>
      <ManufactureName>א.ל.ייצור ושיווק תבלינים בעמ</ManufactureName>
      <ManufactureCountry />
      <ManufactureItemDescription />
      <UnitQty>יח`</UnitQty>
      <Quantity>50</Quantity>
      <UnitMeasure>גרם</UnitMeasure>
      <BisWeighted>0</BisWeighted>
      <QtyInPackage>1</QtyInPackage>
      <ItemPrice>10.90</ItemPrice>
      <UnitOfMeasurePrice>21.80</UnitOfMeasurePrice>
      <AllowDiscount>0</AllowDiscount>
      <itemStatus>1</itemStatus>
      <LastUpdateDate />
      <LastUpdateTime />
    </Product>
    <Product>
      <PriceUpdateDate>2015/12/01 18:41</PriceUpdateDate>
      <ItemCode>7290010002429</ItemCode>
      <ItemType>1</ItemType>
      <ItemName>עלי דפנה תבליני מימון (20 גרם)</ItemName>
      <ManufactureName>א.ל.ייצור ושיווק תבלינים בעמ</ManufactureName>
      <ManufactureCountry />
      <ManufactureItemDescription />
      <UnitQty>יח`</UnitQty>
      <Quantity>20</Quantity>
      <UnitMeasure>גרם</UnitMeasure>
      <BisWeighted>0</BisWeighted>
      <QtyInPackage>1</QtyInPackage>
      <ItemPrice>10.90</ItemPrice>
      <UnitOfMeasurePrice>54.50</UnitOfMeasurePrice>
      <AllowDiscount>0</AllowDiscount>
      <itemStatus>1</itemStatus>
      <LastUpdateDate />
      <LastUpdateTime />
    </Product>
    <Product>
      <PriceUpdateDate>2015/12/01 18:41</PriceUpdateDate>
      <ItemCode>7290010002436</ItemCode>
      <ItemType>1</ItemType>
      <ItemName>פטרוזיליה 25 גר`</ItemName>
      <ManufactureName>א.ל.ייצור ושיווק תבלינים בעמ</ManufactureName>
      <ManufactureCountry />
      <ManufactureItemDescription />
      <UnitQty>יח`</UnitQty>
      <Quantity>25</Quantity>
      <UnitMeasure>גרם</UnitMeasure>
      <BisWeighted>0</BisWeighted>
      <QtyInPackage>1</QtyInPackage>
      <ItemPrice>10.90</ItemPrice>
      <UnitOfMeasurePrice>43.60</UnitOfMeasurePrice>
      <AllowDiscount>0</AllowDiscount>
      <itemStatus>1</itemStatus>
      <LastUpdateDate />
      <LastUpdateTime />
    </Product>
    <Product>
      <PriceUpdateDate>2015/12/01 18:41</PriceUpdateDate>
      <ItemCode>7290010002450</ItemCode>
      <ItemType>1</ItemType>
      <ItemName>שמיר 25 גר`</ItemName>
      <ManufactureName>א.ל.ייצור ושיווק תבלינים בעמ</ManufactureName>
      <ManufactureCountry />
      <ManufactureItemDescription />
      <UnitQty>יח`</UnitQty>
      <Quantity>25</Quantity>
      <UnitMeasure>גרם</UnitMeasure>
      <BisWeighted>0</BisWeighted>
      <QtyInPackage>1</QtyInPackage>
      <ItemPrice>10.90</ItemPrice>
      <UnitOfMeasurePrice>43.60</UnitOfMeasurePrice>
      <AllowDiscount>0</AllowDiscount>
      <itemStatus>1</itemStatus>
      <LastUpdateDate />
      <LastUpdateTime />
    </Product>
    <Product>
      <PriceUpdateDate>2016/11/13 09:13</PriceUpdateDate>
      <ItemCode>7290010002481</ItemCode>
      <ItemType>1</ItemType>
      <ItemName>שום טחון תבליני מימון (100 גרם)</ItemName>
      <ManufactureName>א.ל.ייצור ושיווק תבלינים בעמ</ManufactureName>
      <ManufactureCountry />
      <ManufactureItemDescription />
      <UnitQty>יח`</UnitQty>
      <Quantity>100</Quantity>
      <UnitMeasure>גרם</UnitMeasure>
      <BisWeighted>0</BisWeighted>
      <QtyInPackage>1</QtyInPackage>
      <ItemPrice>14.90</ItemPrice>
      <UnitOfMeasurePrice>14.90</UnitOfMeasurePrice>
      <AllowDiscount>0</AllowDiscount>
      <itemStatus>1</itemStatus>
      <LastUpdateDate />
      <LastUpdateTime />
    </Product>
    <Product>
      <PriceUpdateDate>2016/11/13 09:13</PriceUpdateDate>
      <ItemCode>7290010002498</ItemCode>
      <ItemType>1</ItemType>
      <ItemName>שום גבישי תבליני מימון (120 גרם)</ItemName>
      <ManufactureName>א.ל.ייצור ושיווק תבלינים בעמ</ManufactureName>
      <ManufactureCountry />
      <ManufactureItemDescription />
      <UnitQty>יח`</UnitQty>
      <Quantity>120</Quantity>
      <UnitMeasure>גרם</UnitMeasure>
      <BisWeighted>0</BisWeighted>
      <QtyInPackage>1</QtyInPackage>
      <ItemPrice>14.90</ItemPrice>
      <UnitOfMeasurePrice>12.42</UnitOfMeasurePrice>
      <AllowDiscount>0</AllowDiscount>
      <itemStatus>1</itemStatus>
      <LastUpdateDate />
      <LastUpdateTime />
    </Product>
    <Product>
      <PriceUpdateDate>2015/12/01 18:41</PriceUpdateDate>
      <ItemCode>7290010002597</ItemCode>
      <ItemType>1</ItemType>
      <ItemName>כוסברה ירוקה תבליני מימון (20 גרם)</ItemName>
      <ManufactureName>א.ל.ייצור ושיווק תבלינים בעמ</ManufactureName>
      <ManufactureCountry />
      <ManufactureItemDescription />
      <UnitQty>יח`</UnitQty>
      <Quantity>30</Quantity>
      <UnitMeasure>גרם</UnitMeasure>
      <BisWeighted>0</BisWeighted>
      <QtyInPackage>1</QtyInPackage>
      <ItemPrice>10.90</ItemPrice>
      <UnitOfMeasurePrice>36.33</UnitOfMeasurePrice>
      <AllowDiscount>0</AllowDiscount>
      <itemStatus>1</itemStatus>
      <LastUpdateDate />
      <LastUpdateTime />
    </Product>
    <Product>
      <PriceUpdateDate>2018/02/06 12:05</PriceUpdateDate>
      <ItemCode>7290010002726</ItemCode>
      <ItemType>1</ItemType>
      <ItemName>תבלין לפרגיות 100 גר`</ItemName>
      <ManufactureName>א.ל.ייצור ושיווק תבלינים בעמ</ManufactureName>
      <ManufactureCountry />
      <ManufactureItemDescription />
      <UnitQty>יח`</UnitQty>
      <Quantity>100</Quantity>
      <UnitMeasure>גרם</UnitMeasure>
      <BisWeighted>0</BisWeighted>
      <QtyInPackage>1</QtyInPackage>
      <ItemPrice>11.90</ItemPrice>
      <UnitOfMeasurePrice>11.90</UnitOfMeasurePrice>
      <AllowDiscount>0</AllowDiscount>
      <itemStatus>1</itemStatus>
      <LastUpdateDate />
      <LastUpdateTime />
    </Product>
    <Product>
      <PriceUpdateDate>2015/11/30 13:30</PriceUpdateDate>
      <ItemCode>7290010003693</ItemCode>
      <ItemType>1</ItemType>
      <ItemName>פפריקה מתוקה תבליני מימון (80 גרם)</ItemName>
      <ManufactureName>א.ל.ייצור ושיווק תבלינים בעמ</ManufactureName>
      <ManufactureCountry />
      <ManufactureItemDescription />
      <UnitQty>יח`</UnitQty>
      <Quantity>80</Quantity>
      <UnitMeasure>גרם</UnitMeasure>
      <BisWeighted>0</BisWeighted>
      <QtyInPackage>1</QtyInPackage>
      <ItemPrice>5.90</ItemPrice>
      <UnitOfMeasurePrice>7.38</UnitOfMeasurePrice>
      <AllowDiscount>0</AllowDiscount>
      <itemStatus>1</itemStatus>
      <LastUpdateDate />
      <LastUpdateTime />
    </Product>
    <Product>
      <PriceUpdateDate>2015/11/30 13:30</PriceUpdateDate>
      <ItemCode>7290010003709</ItemCode>
      <ItemType>1</ItemType>
      <ItemName>פלפל שחור טחון תבליני מימון (50 גרם)</ItemName>
      <ManufactureName>א.ל.ייצור ושיווק תבלינים בעמ</ManufactureName>
      <ManufactureCountry />
      <ManufactureItemDescription />
      <UnitQty>יח`</UnitQty>
      <Quantity>50</Quantity>
      <UnitMeasure>גרם</UnitMeasure>
      <BisWeighted>0</BisWeighted>
      <QtyInPackage>1</QtyInPackage>
      <ItemPrice>7.90</ItemPrice>
      <UnitOfMeasurePrice>15.80</UnitOfMeasurePrice>
      <AllowDiscount>0</AllowDiscount>
      <itemStatus>1</itemStatus>
      <LastUpdateDate />
      <LastUpdateTime />
    </Product>
    <Product>
      <PriceUpdateDate>2015/11/30 13:30</PriceUpdateDate>
      <ItemCode>7290010003754</ItemCode>
      <ItemType>1</ItemType>
      <ItemName>כמון טחון תבליני מימון (50 גרם)</ItemName>
      <ManufactureName>א.ל.ייצור ושיווק תבלינים בעמ</ManufactureName>
      <ManufactureCountry />
      <ManufactureItemDescription />
      <UnitQty>יח`</UnitQty>
      <Quantity>50</Quantity>
      <UnitMeasure>גרם</UnitMeasure>
      <BisWeighted>0</BisWeighted>
      <QtyInPackage>1</QtyInPackage>
      <ItemPrice>5.90</ItemPrice>
      <UnitOfMeasurePrice>11.80</UnitOfMeasurePrice>
      <AllowDiscount>0</AllowDiscount>
      <itemStatus>1</itemStatus>
      <LastUpdateDate />
      <LastUpdateTime />
    </Product>
    <Product>
      <PriceUpdateDate>2015/11/30 13:30</PriceUpdateDate>
      <ItemCode>7290010003778</ItemCode>
      <ItemType>1</ItemType>
      <ItemName>תבלין לגריל עוף תבליני מימון (80 גרם)</ItemName>
      <ManufactureName>א.ל.ייצור ושיווק תבלינים בעמ</ManufactureName>
      <ManufactureCountry />
      <ManufactureItemDescription />
      <UnitQty>יח`</UnitQty>
      <Quantity>80</Quantity>
      <UnitMeasure>גרם</UnitMeasure>
      <BisWeighted>0</BisWeighted>
      <QtyInPackage>1</QtyInPackage>
      <ItemPrice>5.90</ItemPrice>
      <UnitOfMeasurePrice>7.38</UnitOfMeasurePrice>
      <AllowDiscount>0</AllowDiscount>
      <itemStatus>1</itemStatus>
      <LastUpdateDate />
      <LastUpdateTime />
    </Product>
    <Product>
      <PriceUpdateDate>2018/02/06 12:05</PriceUpdateDate>
      <ItemCode>7290010003785</ItemCode>
      <ItemType>1</ItemType>
      <ItemName>פירורי לחם זהוב 200 גר`</ItemName>
      <ManufactureName>א.ל.ייצור ושיווק תבלינים בעמ</ManufactureName>
      <ManufactureCountry />
      <ManufactureItemDescription />
      <UnitQty>יח`</UnitQty>
      <Quantity>200</Quantity>
      <UnitMeasure>גרם</UnitMeasure>
      <BisWeighted>0</BisWeighted>
      <QtyInPackage>1</QtyInPackage>
      <ItemPrice>6.90</ItemPrice>
      <UnitOfMeasurePrice>3.45</UnitOfMeasurePrice>
      <AllowDiscount>1</AllowDiscount>
      <itemStatus>1</itemStatus>
      <LastUpdateDate />
      <LastUpdateTime />
    </Product>
    <Product>
      <PriceUpdateDate>2015/11/30 13:30</PriceUpdateDate>
      <ItemCode>7290010003792</ItemCode>
      <ItemType>1</ItemType>
      <ItemName>מלח לימון תבליני מימון (100 גרם)</ItemName>
      <ManufactureName>א.ל.ייצור ושיווק תבלינים בעמ</ManufactureName>
      <ManufactureCountry />
      <ManufactureItemDescription />
      <UnitQty>יח`</UnitQty>
      <Quantity>100</Quantity>
      <UnitMeasure>גרם</UnitMeasure>
      <BisWeighted>0</BisWeighted>
      <QtyInPackage>1</QtyInPackage>
      <ItemPrice>5.90</ItemPrice>
      <UnitOfMeasurePrice>5.90</UnitOfMeasurePrice>
      <AllowDiscount>0</AllowDiscount>
      <itemStatus>1</itemStatus>
      <LastUpdateDate />
      <LastUpdateTime />
    </Product>
    <Product>
      <PriceUpdateDate>2015/11/30 13:30</PriceUpdateDate>
      <ItemCode>7290010003808</ItemCode>
      <ItemType>1</ItemType>
      <ItemName>זעתר ושומשום בשקית תבליני מימון (80 גרם)</ItemName>
      <ManufactureName>א.ל.ייצור ושיווק תבלינים בעמ</ManufactureName>
      <ManufactureCountry />
      <ManufactureItemDescription />
      <UnitQty>יח`</UnitQty>
      <Quantity>80</Quantity>
      <UnitMeasure>גרם</UnitMeasure>
      <BisWeighted>0</BisWeighted>
      <QtyInPackage>1</QtyInPackage>
      <ItemPrice>5.90</ItemPrice>
      <UnitOfMeasurePrice>7.38</UnitOfMeasurePrice>
      <AllowDiscount>0</AllowDiscount>
      <itemStatus>1</itemStatus>
      <LastUpdateDate />
      <LastUpdateTime />
    </Product>
    <Product>
      <PriceUpdateDate>2015/11/30 13:30</PriceUpdateDate>
      <ItemCode>7290010003822</ItemCode>
      <ItemType>1</ItemType>
      <ItemName>פפריקה חריפה בשקית תבליני מימון (80 גרם)</ItemName>
      <ManufactureName>א.ל.ייצור ושיווק תבלינים בעמ</ManufactureName>
      <ManufactureCountry />
      <ManufactureItemDescription />
      <UnitQty>יח`</UnitQty>
      <Quantity>80</Quantity>
      <UnitMeasure>גרם</UnitMeasure>
      <BisWeighted>0</BisWeighted>
      <QtyInPackage>1</QtyInPackage>
      <ItemPrice>5.90</ItemPrice>
      <UnitOfMeasurePrice>7.38</UnitOfMeasurePrice>
      <AllowDiscount>0</AllowDiscount>
      <itemStatus>1</itemStatus>
      <LastUpdateDate />
      <LastUpdateTime />
    </Product>
    <Product>
      <PriceUpdateDate>2015/11/30 13:30</PriceUpdateDate>
      <ItemCode>7290010003839</ItemCode>
      <ItemType>1</ItemType>
      <ItemName>קינמון טחון תבליני מימון (80 גרם)</ItemName>
      <ManufactureName>א.ל.ייצור ושיווק תבלינים בעמ</ManufactureName>
      <ManufactureCountry />
      <ManufactureItemDescription />
      <UnitQty>יח`</UnitQty>
      <Quantity>80</Quantity>
      <UnitMeasure>גרם</UnitMeasure>
      <BisWeighted>0</BisWeighted>
      <QtyInPackage>1</QtyInPackage>
      <ItemPrice>5.90</ItemPrice>
      <UnitOfMeasurePrice>7.38</UnitOfMeasurePrice>
      <AllowDiscount>0</AllowDiscount>
      <itemStatus>1</itemStatus>
      <LastUpdateDate />
      <LastUpdateTime />
    </Product>
    <Product>
      <PriceUpdateDate>2015/11/30 13:30</PriceUpdateDate>
      <ItemCode>7290010003846</ItemCode>
      <ItemType>1</ItemType>
      <ItemName>אורגנו תבליני מימון (20 גרם)</ItemName>
      <ManufactureName>א.ל.ייצור ושיווק תבלינים בעמ</ManufactureName>
      <ManufactureCountry />
      <ManufactureItemDescription />
      <UnitQty>יח`</UnitQty>
      <Quantity>20</Quantity>
      <UnitMeasure>גרם</UnitMeasure>
      <BisWeighted>0</BisWeighted>
      <QtyInPackage>1</QtyInPackage>
      <ItemPrice>5.90</ItemPrice>
      <UnitOfMeasurePrice>29.50</UnitOfMeasurePrice>
      <AllowDiscount>0</AllowDiscount>
      <itemStatus>1</itemStatus>
      <LastUpdateDate />
      <LastUpdateTime />
    </Product>
    <Product>
      <PriceUpdateDate>2020/02/04 11:03</PriceUpdateDate>
      <ItemCode>7290010016211</ItemCode>
      <ItemType>1</ItemType>
      <ItemName>מארז גליליות מיני 200 גר`</ItemName>
      <ManufactureName>לייבוביץ</ManufactureName>
      <ManufactureCountry />
      <ManufactureItemDescription />
      <UnitQty>יח`</UnitQty>
      <Quantity>200</Quantity>
      <UnitMeasure>גרם</UnitMeasure>
      <BisWeighted>0</BisWeighted>
      <QtyInPackage>1</QtyInPackage>
      <ItemPrice>19.90</ItemPrice>
      <UnitOfMeasurePrice>9.95</UnitOfMeasurePrice>
      <AllowDiscount>0</AllowDiscount>
      <itemStatus>1</itemStatus>
      <LastUpdateDate />
      <LastUpdateTime />
    </Product>
    <Product>
      <PriceUpdateDate>2020/02/04 11:03</PriceUpdateDate>
      <ItemCode>7290010016389</ItemCode>
      <ItemType>1</ItemType>
      <ItemName>פס ארוז 500 גר`</ItemName>
      <ManufactureName>לייבוביץ</ManufactureName>
      <ManufactureCountry />
      <ManufactureItemDescription />
      <UnitQty>יח`</UnitQty>
      <Quantity>500</Quantity>
      <UnitMeasure>גרם</UnitMeasure>
      <BisWeighted>0</BisWeighted>
      <QtyInPackage>1</QtyInPackage>
      <ItemPrice>34.90</ItemPrice>
      <UnitOfMeasurePrice>6.98</UnitOfMeasurePrice>
      <AllowDiscount>0</AllowDiscount>
      <itemStatus>1</itemStatus>
      <LastUpdateDate />
      <LastUpdateTime />
    </Product>
    <Product>
      <PriceUpdateDate>2018/02/05 13:08</PriceUpdateDate>
      <ItemCode>7290010018017</ItemCode>
      <ItemType>1</ItemType>
      <ItemName>ממרח כבד עם שום</ItemName>
      <ManufactureName>יורוסטנדרט בעמ</ManufactureName>
      <ManufactureCountry />
      <ManufactureItemDescription />
      <UnitQty>יח`</UnitQty>
      <Quantity>140</Quantity>
      <UnitMeasure>גרם</UnitMeasure>
      <BisWeighted>0</BisWeighted>
      <QtyInPackage>1</QtyInPackage>
      <ItemPrice>4.90</ItemPrice>
      <UnitOfMeasurePrice>3.50</UnitOfMeasurePrice>
      <AllowDiscount>0</AllowDiscount>
      <itemStatus>1</itemStatus>
      <LastUpdateDate />
      <LastUpdateTime />
    </Product>
    <Product>
      <PriceUpdateDate>2018/02/05 13:08</PriceUpdateDate>
      <ItemCode>7290010018024</ItemCode>
      <ItemType>1</ItemType>
      <ItemName>ממרח כבד עם פיטריות</ItemName>
      <ManufactureName>יורוסטנדרט בעמ</ManufactureName>
      <ManufactureCountry />
      <ManufactureItemDescription />
      <UnitQty>יח`</UnitQty>
      <Quantity>140</Quantity>
      <UnitMeasure>גרם</UnitMeasure>
      <BisWeighted>0</BisWeighted>
      <QtyInPackage>1</QtyInPackage>
      <ItemPrice>4.90</ItemPrice>
      <UnitOfMeasurePrice>3.50</UnitOfMeasurePrice>
      <AllowDiscount>0</AllowDiscount>
      <itemStatus>1</itemStatus>
      <LastUpdateDate />
      <LastUpdateTime />
    </Product>
    <Product>
      <PriceUpdateDate>2018/02/05 13:08</PriceUpdateDate>
      <ItemCode>7290010018055</ItemCode>
      <ItemType>1</ItemType>
      <ItemName>ממרח כבד קלאסי 140ג</ItemName>
      <ManufactureName>יורוסטנדרט בעמ</ManufactureName>
      <ManufactureCountry />
      <ManufactureItemDescription />
      <UnitQty>יח`</UnitQty>
      <Quantity>140</Quantity>
      <UnitMeasure>גרם</UnitMeasure>
      <BisWeighted>0</BisWeighted>
      <QtyInPackage>1</QtyInPackage>
      <ItemPrice>4.90</ItemPrice>
      <UnitOfMeasurePrice>3.50</UnitOfMeasurePrice>
      <AllowDiscount>0</AllowDiscount>
      <itemStatus>1</itemStatus>
      <LastUpdateDate />
      <LastUpdateTime />
    </Product>
    <Product>
      <PriceUpdateDate>2019/02/06 08:59</PriceUpdateDate>
      <ItemCode>7290010023622</ItemCode>
      <ItemType>1</ItemType>
      <ItemName>תה מעודן עם נגיעות נענע ויסוצקי) (100</ItemName>
      <ManufactureName>תה ויסוצקי (ישראל) בעמ</ManufactureName>
      <ManufactureCountry />
      <ManufactureItemDescription />
      <UnitQty>יח`</UnitQty>
      <Quantity>100</Quantity>
      <UnitMeasure>גרם</UnitMeasure>
      <BisWeighted>0</BisWeighted>
      <QtyInPackage>1</QtyInPackage>
      <ItemPrice>17.70</ItemPrice>
      <UnitOfMeasurePrice>17.70</UnitOfMeasurePrice>
      <AllowDiscount>0</AllowDiscount>
      <itemStatus>1</itemStatus>
      <LastUpdateDate />
      <LastUpdateTime />
    </Product>
    <Product>
      <PriceUpdateDate>2019/07/07 10:03</PriceUpdateDate>
      <ItemCode>7290010045037</ItemCode>
      <ItemType>1</ItemType>
      <ItemName>עוגיות שוקולד צ`יפס לחמי (220 גרם)</ItemName>
      <ManufactureName>תה ויסוצקי (ישראל) בעמ</ManufactureName>
      <ManufactureCountry />
      <ManufactureItemDescription />
      <UnitQty>יח`</UnitQty>
      <Quantity>220</Quantity>
      <UnitMeasure>גרם</UnitMeasure>
      <BisWeighted>0</BisWeighted>
      <QtyInPackage>1</QtyInPackage>
      <ItemPrice>17.90</ItemPrice>
      <UnitOfMeasurePrice>8.14</UnitOfMeasurePrice>
      <AllowDiscount>0</AllowDiscount>
      <itemStatus>1</itemStatus>
      <LastUpdateDate />
      <LastUpdateTime />
    </Product>
    <Product>
      <PriceUpdateDate>2019/07/07 10:03</PriceUpdateDate>
      <ItemCode>7290010045051</ItemCode>
      <ItemType>1</ItemType>
      <ItemName>עוגיות מלבן שקדים לחמי (250 גרם)</ItemName>
      <ManufactureName>תה ויסוצקי (ישראל) בעמ</ManufactureName>
      <ManufactureCountry />
      <ManufactureItemDescription />
      <UnitQty>יח`</UnitQty>
      <Quantity>280</Quantity>
      <UnitMeasure>גרם</UnitMeasure>
      <BisWeighted>0</BisWeighted>
      <QtyInPackage>1</QtyInPackage>
      <ItemPrice>17.90</ItemPrice>
      <UnitOfMeasurePrice>6.39</UnitOfMeasurePrice>
      <AllowDiscount>0</AllowDiscount>
      <itemStatus>1</itemStatus>
      <LastUpdateDate />
      <LastUpdateTime />
    </Product>
    <Product>
      <PriceUpdateDate>2019/07/07 10:03</PriceUpdateDate>
      <ItemCode>7290010045068</ItemCode>
      <ItemType>1</ItemType>
      <ItemName>עוגיות נסיכה לחמי (250 גרם)</ItemName>
      <ManufactureName>תה ויסוצקי (ישראל) בעמ</ManufactureName>
      <ManufactureCountry />
      <ManufactureItemDescription />
      <UnitQty>יח`</UnitQty>
      <Quantity>250</Quantity>
      <UnitMeasure>גרם</UnitMeasure>
      <BisWeighted>0</BisWeighted>
      <QtyInPackage>1</QtyInPackage>
      <ItemPrice>17.90</ItemPrice>
      <UnitOfMeasurePrice>7.16</UnitOfMeasurePrice>
      <AllowDiscount>0</AllowDiscount>
      <itemStatus>1</itemStatus>
      <LastUpdateDate />
      <LastUpdateTime />
    </Product>
    <Product>
      <PriceUpdateDate>2019/10/27 12:09</PriceUpdateDate>
      <ItemCode>7290010049066</ItemCode>
      <ItemType>1</ItemType>
      <ItemName>מרמולייט עוגיות</ItemName>
      <ManufactureName>דנשר (1963) בעמ</ManufactureName>
      <ManufactureCountry />
      <ManufactureItemDescription />
      <UnitQty>יח`</UnitQty>
      <Quantity>200</Quantity>
      <UnitMeasure>גרם</UnitMeasure>
      <BisWeighted>0</BisWeighted>
      <QtyInPackage>1</QtyInPackage>
      <ItemPrice>18.90</ItemPrice>
      <UnitOfMeasurePrice>9.45</UnitOfMeasurePrice>
      <AllowDiscount>0</AllowDiscount>
      <itemStatus>1</itemStatus>
      <LastUpdateDate />
      <LastUpdateTime />
    </Product>
    <Product>
      <PriceUpdateDate>2018/08/12 10:21</PriceUpdateDate>
      <ItemCode>7290010051021</ItemCode>
      <ItemType>1</ItemType>
      <ItemName>בזיליקום א.אדמה</ItemName>
      <ManufactureName>א.אדמה (2007) בעמ</ManufactureName>
      <ManufactureCountry />
      <ManufactureItemDescription />
      <UnitQty>יח`</UnitQty>
      <Quantity>1</Quantity>
      <UnitMeasure />
      <BisWeighted>0</BisWeighted>
      <QtyInPackage>1</QtyInPackage>
      <ItemPrice>4.90</ItemPrice>
      <UnitOfMeasurePrice>4.90</UnitOfMeasurePrice>
      <AllowDiscount>1</AllowDiscount>
      <itemStatus>1</itemStatus>
      <LastUpdateDate />
      <LastUpdateTime />
    </Product>
    <Product>
      <PriceUpdateDate>2018/08/12 10:21</PriceUpdateDate>
      <ItemCode>7290010051045</ItemCode>
      <ItemType>1</ItemType>
      <ItemName>סלט ביבי מיקס בנספק</ItemName>
      <ManufactureName>א.אדמה (2007) בעמ</ManufactureName>
      <ManufactureCountry />
      <ManufactureItemDescription />
      <UnitQty>יח`</UnitQty>
      <Quantity>1</Quantity>
      <UnitMeasure />
      <BisWeighted>0</BisWeighted>
      <QtyInPackage>1</QtyInPackage>
      <ItemPrice>7.90</ItemPrice>
      <UnitOfMeasurePrice>7.90</UnitOfMeasurePrice>
      <AllowDiscount>1</AllowDiscount>
      <itemStatus>1</itemStatus>
      <LastUpdateDate />
      <LastUpdateTime />
    </Product>
    <Product>
      <PriceUpdateDate>2015/10/03 22:21</PriceUpdateDate>
      <ItemCode>7290010051076</ItemCode>
      <ItemType>1</ItemType>
      <ItemName>לבבות חסה קיסר</ItemName>
      <ManufactureName>א.אדמה (2007) בעמ</ManufactureName>
      <ManufactureCountry />
      <ManufactureItemDescription />
      <UnitQty>יח`</UnitQty>
      <Quantity>1</Quantity>
      <UnitMeasure />
      <BisWeighted>0</BisWeighted>
      <QtyInPackage>1</QtyInPackage>
      <ItemPrice>9.90</ItemPrice>
      <UnitOfMeasurePrice>9.90</UnitOfMeasurePrice>
      <AllowDiscount>1</AllowDiscount>
      <itemStatus>1</itemStatus>
      <LastUpdateDate />
      <LastUpdateTime />
    </Product>
    <Product>
      <PriceUpdateDate>2014/01/01 08:37</PriceUpdateDate>
      <ItemCode>7290010051090</ItemCode>
      <ItemType>1</ItemType>
      <ItemName>רוזמרין ארוז</ItemName>
      <ManufactureName>א.אדמה (2007) בעמ</ManufactureName>
      <ManufactureCountry />
      <ManufactureItemDescription />
      <UnitQty>יח`</UnitQty>
      <Quantity>1</Quantity>
      <UnitMeasure />
      <BisWeighted>0</BisWeighted>
      <QtyInPackage>1</QtyInPackage>
      <ItemPrice>4</ItemPrice>
      <UnitOfMeasurePrice>4</UnitOfMeasurePrice>
      <AllowDiscount>1</AllowDiscount>
      <itemStatus>1</itemStatus>
      <LastUpdateDate />
      <LastUpdateTime />
    </Product>
    <Product>
      <PriceUpdateDate>2018/08/12 10:21</PriceUpdateDate>
      <ItemCode>7290010051113</ItemCode>
      <ItemType>1</ItemType>
      <ItemName>טימין / קורנית</ItemName>
      <ManufactureName>א.אדמה (2007) בעמ</ManufactureName>
      <ManufactureCountry />
      <ManufactureItemDescription />
      <UnitQty>יח`</UnitQty>
      <Quantity>1</Quantity>
      <UnitMeasure />
      <BisWeighted>0</BisWeighted>
      <QtyInPackage>1</QtyInPackage>
      <ItemPrice>4.90</ItemPrice>
      <UnitOfMeasurePrice>4.90</UnitOfMeasurePrice>
      <AllowDiscount>1</AllowDiscount>
      <itemStatus>1</itemStatus>
      <LastUpdateDate />
      <LastUpdateTime />
    </Product>
    <Product>
      <PriceUpdateDate>2018/08/12 10:21</PriceUpdateDate>
      <ItemCode>7290010051144</ItemCode>
      <ItemType>1</ItemType>
      <ItemName>תרד עלים אורגני א.אדמה</ItemName>
      <ManufactureName>א.אדמה (2007) בעמ</ManufactureName>
      <ManufactureCountry />
      <ManufactureItemDescription />
      <UnitQty>יח`</UnitQty>
      <Quantity>180</Quantity>
      <UnitMeasure>גרם</UnitMeasure>
      <BisWeighted>0</BisWeighted>
      <QtyInPackage>1</QtyInPackage>
      <ItemPrice>8.90</ItemPrice>
      <UnitOfMeasurePrice>4.94</UnitOfMeasurePrice>
      <AllowDiscount>1</AllowDiscount>
      <itemStatus>1</itemStatus>
      <LastUpdateDate />
      <LastUpdateTime />
    </Product>
    <Product>
      <PriceUpdateDate>2017/05/11 06:27</PriceUpdateDate>
      <ItemCode>7290010051212</ItemCode>
      <ItemType>1</ItemType>
      <ItemName>סלרי ראש.</ItemName>
      <ManufactureName>א.אדמה (2007) בעמ</ManufactureName>
      <ManufactureCountry />
      <ManufactureItemDescription />
      <UnitQty>יח`</UnitQty>
      <Quantity>300</Quantity>
      <UnitMeasure>גרם</UnitMeasure>
      <BisWeighted>0</BisWeighted>
      <QtyInPackage>1</QtyInPackage>
      <ItemPrice>4.90</ItemPrice>
      <UnitOfMeasurePrice>1.63</UnitOfMeasurePrice>
      <AllowDiscount>1</AllowDiscount>
      <itemStatus>1</itemStatus>
      <LastUpdateDate />
      <LastUpdateTime />
    </Product>
    <Product>
      <PriceUpdateDate>2014/01/01 08:37</PriceUpdateDate>
      <ItemCode>7290010051229</ItemCode>
      <ItemType>1</ItemType>
      <ItemName>חסה רומית נספק</ItemName>
      <ManufactureName>א.אדמה (2007) בעמ</ManufactureName>
      <ManufactureCountry />
      <ManufactureItemDescription />
      <UnitQty>יח`</UnitQty>
      <Quantity>1</Quantity>
      <UnitMeasure />
      <BisWeighted>0</BisWeighted>
      <QtyInPackage>1</QtyInPackage>
      <ItemPrice>10</ItemPrice>
      <UnitOfMeasurePrice>10</UnitOfMeasurePrice>
      <AllowDiscount>1</AllowDiscount>
      <itemStatus>1</itemStatus>
      <LastUpdateDate />
      <LastUpdateTime />
    </Product>
    <Product>
      <PriceUpdateDate>2016/09/29 08:16</PriceUpdateDate>
      <ItemCode>7290010051267</ItemCode>
      <ItemType>1</ItemType>
      <ItemName>לוף ארוז - א.אדמה</ItemName>
      <ManufactureName>א.אדמה (2007) בעמ</ManufactureName>
      <ManufactureCountry />
      <ManufactureItemDescription />
      <UnitQty>יח`</UnitQty>
      <Quantity>1</Quantity>
      <UnitMeasure />
      <BisWeighted>0</BisWeighted>
      <QtyInPackage>1</QtyInPackage>
      <ItemPrice>9.90</ItemPrice>
      <UnitOfMeasurePrice>9.90</UnitOfMeasurePrice>
      <AllowDiscount>1</AllowDiscount>
      <itemStatus>1</itemStatus>
      <LastUpdateDate />
      <LastUpdateTime />
    </Product>
    <Product>
      <PriceUpdateDate>2020/03/17 11:40</PriceUpdateDate>
      <ItemCode>7290010051281</ItemCode>
      <ItemType>1</ItemType>
      <ItemName>עלה רוקולה</ItemName>
      <ManufactureName>א.אדמה (2007) בעמ</ManufactureName>
      <ManufactureCountry />
      <ManufactureItemDescription />
      <UnitQty>יח`</UnitQty>
      <Quantity>150</Quantity>
      <UnitMeasure>גרם</UnitMeasure>
      <BisWeighted>0</BisWeighted>
      <QtyInPackage>1</QtyInPackage>
      <ItemPrice>4.90</ItemPrice>
      <UnitOfMeasurePrice>3.27</UnitOfMeasurePrice>
      <AllowDiscount>1</AllowDiscount>
      <itemStatus>1</itemStatus>
      <LastUpdateDate />
      <LastUpdateTime />
    </Product>
    <Product>
      <PriceUpdateDate>2018/08/12 10:21</PriceUpdateDate>
      <ItemCode>7290010051373</ItemCode>
      <ItemType>1</ItemType>
      <ItemName>לבבות חסה בשקית</ItemName>
      <ManufactureName>א.אדמה (2007) בעמ</ManufactureName>
      <ManufactureCountry />
      <ManufactureItemDescription />
      <UnitQty>יח`</UnitQty>
      <Quantity>1</Quantity>
      <UnitMeasure />
      <BisWeighted>0</BisWeighted>
      <QtyInPackage>1</QtyInPackage>
      <ItemPrice>9.90</ItemPrice>
      <UnitOfMeasurePrice>9.90</UnitOfMeasurePrice>
      <AllowDiscount>1</AllowDiscount>
      <itemStatus>1</itemStatus>
      <LastUpdateDate />
      <LastUpdateTime />
    </Product>
    <Product>
      <PriceUpdateDate>2015/04/30 12:18</PriceUpdateDate>
      <ItemCode>7290010065059</ItemCode>
      <ItemType>1</ItemType>
      <ItemName>מחית פרינוק 190 גר`</ItemName>
      <ManufactureName>גורי מוצרי צריכה (1991) בעמ</ManufactureName>
      <ManufactureCountry />
      <ManufactureItemDescription />
      <UnitQty>יח`</UnitQty>
      <Quantity>190</Quantity>
      <UnitMeasure>גרם</UnitMeasure>
      <BisWeighted>0</BisWeighted>
      <QtyInPackage>1</QtyInPackage>
      <ItemPrice>5.90</ItemPrice>
      <UnitOfMeasurePrice>3.11</UnitOfMeasurePrice>
      <AllowDiscount>1</AllowDiscount>
      <itemStatus>1</itemStatus>
      <LastUpdateDate />
      <LastUpdateTime />
    </Product>
    <Product>
      <PriceUpdateDate>2015/04/30 12:18</PriceUpdateDate>
      <ItemCode>7290010065318</ItemCode>
      <ItemType>1</ItemType>
      <ItemName>מחית תפוחי עץ שלב 3 פרינוק (190 גרם)</ItemName>
      <ManufactureName>גורי מוצרי צריכה (1991) בעמ</ManufactureName>
      <ManufactureCountry />
      <ManufactureItemDescription />
      <UnitQty>יח`</UnitQty>
      <Quantity>190</Quantity>
      <UnitMeasure>גרם</UnitMeasure>
      <BisWeighted>0</BisWeighted>
      <QtyInPackage>1</QtyInPackage>
      <ItemPrice>5.90</ItemPrice>
      <UnitOfMeasurePrice>3.11</UnitOfMeasurePrice>
      <AllowDiscount>1</AllowDiscount>
      <itemStatus>1</itemStatus>
      <LastUpdateDate />
      <LastUpdateTime />
    </Product>
    <Product>
      <PriceUpdateDate>2015/04/30 12:18</PriceUpdateDate>
      <ItemCode>7290010065332</ItemCode>
      <ItemType>1</ItemType>
      <ItemName>מחית פרינוק 190 גר`</ItemName>
      <ManufactureName>גורי מוצרי צריכה (1991) בעמ</ManufactureName>
      <ManufactureCountry />
      <ManufactureItemDescription />
      <UnitQty>יח`</UnitQty>
      <Quantity>190</Quantity>
      <UnitMeasure>גרם</UnitMeasure>
      <BisWeighted>0</BisWeighted>
      <QtyInPackage>1</QtyInPackage>
      <ItemPrice>5.90</ItemPrice>
      <UnitOfMeasurePrice>3.11</UnitOfMeasurePrice>
      <AllowDiscount>1</AllowDiscount>
      <itemStatus>1</itemStatus>
      <LastUpdateDate />
      <LastUpdateTime />
    </Product>
    <Product>
      <PriceUpdateDate>2015/04/30 12:18</PriceUpdateDate>
      <ItemCode>7290010065349</ItemCode>
      <ItemType>1</ItemType>
      <ItemName>מחית סלט פירות שלב 3 פרינוק (190 גרם)</ItemName>
      <ManufactureName>גורי מוצרי צריכה (1991) בעמ</ManufactureName>
      <ManufactureCountry />
      <ManufactureItemDescription />
      <UnitQty>יח`</UnitQty>
      <Quantity>190</Quantity>
      <UnitMeasure>גרם</UnitMeasure>
      <BisWeighted>0</BisWeighted>
      <QtyInPackage>1</QtyInPackage>
      <ItemPrice>5.90</ItemPrice>
      <UnitOfMeasurePrice>3.11</UnitOfMeasurePrice>
      <AllowDiscount>1</AllowDiscount>
      <itemStatus>1</itemStatus>
      <LastUpdateDate />
      <LastUpdateTime />
    </Product>
    <Product>
      <PriceUpdateDate>2015/04/30 12:18</PriceUpdateDate>
      <ItemCode>7290010065745</ItemCode>
      <ItemType>1</ItemType>
      <ItemName>מחית לפתן פירות שלב 3 פרינוק (190 גרם)</ItemName>
      <ManufactureName>גורי מוצרי צריכה (1991) בעמ</ManufactureName>
      <ManufactureCountry />
      <ManufactureItemDescription />
      <UnitQty>יח`</UnitQty>
      <Quantity>190</Quantity>
      <UnitMeasure>גרם</UnitMeasure>
      <BisWeighted>0</BisWeighted>
      <QtyInPackage>1</QtyInPackage>
      <ItemPrice>5.90</ItemPrice>
      <UnitOfMeasurePrice>3.11</UnitOfMeasurePrice>
      <AllowDiscount>1</AllowDiscount>
      <itemStatus>1</itemStatus>
      <LastUpdateDate />
      <LastUpdateTime />
    </Product>
    <Product>
      <PriceUpdateDate>2019/02/06 08:56</PriceUpdateDate>
      <ItemCode>7290010066513</ItemCode>
      <ItemType>1</ItemType>
      <ItemName>פילטונה בשמן רביעיה</ItemName>
      <ManufactureName>פילטונה תעשיות בעמ</ManufactureName>
      <ManufactureCountry />
      <ManufactureItemDescription />
      <UnitQty>יח`</UnitQty>
      <Quantity>1</Quantity>
      <UnitMeasure />
      <BisWeighted>0</BisWeighted>
      <QtyInPackage>1</QtyInPackage>
      <ItemPrice>19.90</ItemPrice>
      <UnitOfMeasurePrice>19.90</UnitOfMeasurePrice>
      <AllowDiscount>0</AllowDiscount>
      <itemStatus>1</itemStatus>
      <LastUpdateDate />
      <LastUpdateTime />
    </Product>
    <Product>
      <PriceUpdateDate>2019/02/06 08:56</PriceUpdateDate>
      <ItemCode>7290010066575</ItemCode>
      <ItemType>1</ItemType>
      <ItemName>פילטונה במים רביעיה</ItemName>
      <ManufactureName>פילטונה תעשיות בעמ</ManufactureName>
      <ManufactureCountry />
      <ManufactureItemDescription />
      <UnitQty>יח`</UnitQty>
      <Quantity>640</Quantity>
      <UnitMeasure>גרם</UnitMeasure>
      <BisWeighted>0</BisWeighted>
      <QtyInPackage>1</QtyInPackage>
      <ItemPrice>19.90</ItemPrice>
      <UnitOfMeasurePrice>3.11</UnitOfMeasurePrice>
      <AllowDiscount>0</AllowDiscount>
      <itemStatus>1</itemStatus>
      <LastUpdateDate />
      <LastUpdateTime />
    </Product>
    <Product>
      <PriceUpdateDate>2019/01/28 14:44</PriceUpdateDate>
      <ItemCode>7290010066582</ItemCode>
      <ItemType>1</ItemType>
      <ItemName>פילטונה בשמן קנולה רביעיה</ItemName>
      <ManufactureName>פילטונה תעשיות בעמ</ManufactureName>
      <ManufactureCountry />
      <ManufactureItemDescription />
      <UnitQty>יח`</UnitQty>
      <Quantity>640</Quantity>
      <UnitMeasure>גרם</UnitMeasure>
      <BisWeighted>0</BisWeighted>
      <QtyInPackage>1</QtyInPackage>
      <ItemPrice>19.90</ItemPrice>
      <UnitOfMeasurePrice>3.11</UnitOfMeasurePrice>
      <AllowDiscount>0</AllowDiscount>
      <itemStatus>1</itemStatus>
      <LastUpdateDate />
      <LastUpdateTime />
    </Product>
    <Product>
      <PriceUpdateDate>2019/01/28 14:44</PriceUpdateDate>
      <ItemCode>7290010066599</ItemCode>
      <ItemType>1</ItemType>
      <ItemName>פילטונה נתחי טונה בשמן זית רביעייה</ItemName>
      <ManufactureName>פילטונה תעשיות בעמ</ManufactureName>
      <ManufactureCountry />
      <ManufactureItemDescription />
      <UnitQty>יח`</UnitQty>
      <Quantity>640</Quantity>
      <UnitMeasure>גרם</UnitMeasure>
      <BisWeighted>0</BisWeighted>
      <QtyInPackage>1</QtyInPackage>
      <ItemPrice>25.90</ItemPrice>
      <UnitOfMeasurePrice>4.05</UnitOfMeasurePrice>
      <AllowDiscount>0</AllowDiscount>
      <itemStatus>1</itemStatus>
      <LastUpdateDate />
      <LastUpdateTime />
    </Product>
    <Product>
      <PriceUpdateDate>2017/12/20 09:52</PriceUpdateDate>
      <ItemCode>7290010066957</ItemCode>
      <ItemType>1</ItemType>
      <ItemName>טונה בשמן 960  גר` פרינס(פילטונה)</ItemName>
      <ManufactureName>פילטונה תעשיות בעמ</ManufactureName>
      <ManufactureCountry />
      <ManufactureItemDescription />
      <UnitQty>יח`</UnitQty>
      <Quantity>960</Quantity>
      <UnitMeasure>גרם</UnitMeasure>
      <BisWeighted>0</BisWeighted>
      <QtyInPackage>1</QtyInPackage>
      <ItemPrice>26.90</ItemPrice>
      <UnitOfMeasurePrice>2.80</UnitOfMeasurePrice>
      <AllowDiscount>0</AllowDiscount>
      <itemStatus>1</itemStatus>
      <LastUpdateDate />
      <LastUpdateTime />
    </Product>
    <Product>
      <PriceUpdateDate>2015/05/27 10:44</PriceUpdateDate>
      <ItemCode>7290010116980</ItemCode>
      <ItemType>1</ItemType>
      <ItemName>שוקולית אבקת שוקו עלית (850 גרם)</ItemName>
      <ManufactureName>שטראוס גרופ בעמ</ManufactureName>
      <ManufactureCountry />
      <ManufactureItemDescription />
      <UnitQty>יח`</UnitQty>
      <Quantity>850</Quantity>
      <UnitMeasure>גרם</UnitMeasure>
      <BisWeighted>0</BisWeighted>
      <QtyInPackage>1</QtyInPackage>
      <ItemPrice>18.50</ItemPrice>
      <UnitOfMeasurePrice>2.18</UnitOfMeasurePrice>
      <AllowDiscount>0</AllowDiscount>
      <itemStatus>1</itemStatus>
      <LastUpdateDate />
      <LastUpdateTime />
    </Product>
    <Product>
      <PriceUpdateDate>2014/05/11 14:36</PriceUpdateDate>
      <ItemCode>7290010117864</ItemCode>
      <ItemType>1</ItemType>
      <ItemName>חטיף תירס חריף אש דוריטוס (70 גרם)</ItemName>
      <ManufactureName>שטראוס פריטו ליי בעמ</ManufactureName>
      <ManufactureCountry />
      <ManufactureItemDescription />
      <UnitQty>יח`</UnitQty>
      <Quantity>70</Quantity>
      <UnitMeasure>גרם</UnitMeasure>
      <BisWeighted>0</BisWeighted>
      <QtyInPackage>1</QtyInPackage>
      <ItemPrice>3.90</ItemPrice>
      <UnitOfMeasurePrice>5.57</UnitOfMeasurePrice>
      <AllowDiscount>1</AllowDiscount>
      <itemStatus>1</itemStatus>
      <LastUpdateDate />
      <LastUpdateTime />
    </Product>
    <Product>
      <PriceUpdateDate>2014/05/11 14:36</PriceUpdateDate>
      <ItemCode>7290010118328</ItemCode>
      <ItemType>1</ItemType>
      <ItemName>חטיף צ`יפס בטעם טבעי תפוצ`יפס (40x6 גרם)</ItemName>
      <ManufactureName>שטראוס פריטו ליי בעמ</ManufactureName>
      <ManufactureCountry />
      <ManufactureItemDescription />
      <UnitQty>יח`</UnitQty>
      <Quantity>240</Quantity>
      <UnitMeasure>גרם</UnitMeasure>
      <BisWeighted>0</BisWeighted>
      <QtyInPackage>1</QtyInPackage>
      <ItemPrice>12.90</ItemPrice>
      <UnitOfMeasurePrice>5.38</UnitOfMeasurePrice>
      <AllowDiscount>0</AllowDiscount>
      <itemStatus>1</itemStatus>
      <LastUpdateDate />
      <LastUpdateTime />
    </Product>
    <Product>
      <PriceUpdateDate>2019/05/15 14:17</PriceUpdateDate>
      <ItemCode>7290010124107</ItemCode>
      <ItemType>1</ItemType>
      <ItemName>סטייק בורגר 400  גר`בלדי</ItemName>
      <ManufactureName>בלדי בעמ</ManufactureName>
      <ManufactureCountry />
      <ManufactureItemDescription />
      <UnitQty>יח`</UnitQty>
      <Quantity>400</Quantity>
      <UnitMeasure>גרם</UnitMeasure>
      <BisWeighted>0</BisWeighted>
      <QtyInPackage>1</QtyInPackage>
      <ItemPrice>15.90</ItemPrice>
      <UnitOfMeasurePrice>3.98</UnitOfMeasurePrice>
      <AllowDiscount>0</AllowDiscount>
      <itemStatus>1</itemStatus>
      <LastUpdateDate />
      <LastUpdateTime />
    </Product>
    <Product>
      <PriceUpdateDate>2019/05/15 14:17</PriceUpdateDate>
      <ItemCode>7290010124213</ItemCode>
      <ItemType>1</ItemType>
      <ItemName>סינטה בקר דק דק אל מטאדור 250 גר`</ItemName>
      <ManufactureName>בלדי בעמ</ManufactureName>
      <ManufactureCountry />
      <ManufactureItemDescription />
      <UnitQty>יח`</UnitQty>
      <Quantity>250</Quantity>
      <UnitMeasure>גרם</UnitMeasure>
      <BisWeighted>0</BisWeighted>
      <QtyInPackage>1</QtyInPackage>
      <ItemPrice>14.90</ItemPrice>
      <UnitOfMeasurePrice>5.96</UnitOfMeasurePrice>
      <AllowDiscount>0</AllowDiscount>
      <itemStatus>1</itemStatus>
      <LastUpdateDate />
      <LastUpdateTime />
    </Product>
    <Product>
      <PriceUpdateDate>2019/10/31 09:30</PriceUpdateDate>
      <ItemCode>7290010129003</ItemCode>
      <ItemType>1</ItemType>
      <ItemName>עוגיות אוזניים דולצ`ה ויטה 600 גר</ItemName>
      <ManufactureName>שיבולים יצור ושיווק מוצרי מאפה</ManufactureName>
      <ManufactureCountry />
      <ManufactureItemDescription />
      <UnitQty>יח`</UnitQty>
      <Quantity>600</Quantity>
      <UnitMeasure>גרם</UnitMeasure>
      <BisWeighted>0</BisWeighted>
      <QtyInPackage>1</QtyInPackage>
      <ItemPrice>16.90</ItemPrice>
      <UnitOfMeasurePrice>2.82</UnitOfMeasurePrice>
      <AllowDiscount>0</AllowDiscount>
      <itemStatus>1</itemStatus>
      <LastUpdateDate />
      <LastUpdateTime />
    </Product>
    <Product>
      <PriceUpdateDate>2019/10/31 09:30</PriceUpdateDate>
      <ItemCode>7290010129027</ItemCode>
      <ItemType>1</ItemType>
      <ItemName>עוגיות מרוקאיות דולצ`ה ויטה (600 גרם)</ItemName>
      <ManufactureName>שיבולים יצור ושיווק מוצרי מאפה</ManufactureName>
      <ManufactureCountry />
      <ManufactureItemDescription />
      <UnitQty>יח`</UnitQty>
      <Quantity>600</Quantity>
      <UnitMeasure>גרם</UnitMeasure>
      <BisWeighted>0</BisWeighted>
      <QtyInPackage>1</QtyInPackage>
      <ItemPrice>16.90</ItemPrice>
      <UnitOfMeasurePrice>2.82</UnitOfMeasurePrice>
      <AllowDiscount>0</AllowDiscount>
      <itemStatus>1</itemStatus>
      <LastUpdateDate />
      <LastUpdateTime />
    </Product>
    <Product>
      <PriceUpdateDate>2019/10/31 09:30</PriceUpdateDate>
      <ItemCode>7290010129034</ItemCode>
      <ItemType>1</ItemType>
      <ItemName>עוגיות שוקו צ`יפס דולצ`ה ויטה (600 גרם)</ItemName>
      <ManufactureName>שיבולים יצור ושיווק מוצרי מאפה</ManufactureName>
      <ManufactureCountry />
      <ManufactureItemDescription />
      <UnitQty>יח`</UnitQty>
      <Quantity>600</Quantity>
      <UnitMeasure>גרם</UnitMeasure>
      <BisWeighted>0</BisWeighted>
      <QtyInPackage>1</QtyInPackage>
      <ItemPrice>16.90</ItemPrice>
      <UnitOfMeasurePrice>2.82</UnitOfMeasurePrice>
      <AllowDiscount>0</AllowDiscount>
      <itemStatus>1</itemStatus>
      <LastUpdateDate />
      <LastUpdateTime />
    </Product>
    <Product>
      <PriceUpdateDate>2019/10/31 09:30</PriceUpdateDate>
      <ItemCode>7290010129041</ItemCode>
      <ItemType>1</ItemType>
      <ItemName>עוגיות רייבה דולצ`ה ויטה (600 גרם)</ItemName>
      <ManufactureName>שיבולים יצור ושיווק מוצרי מאפה</ManufactureName>
      <ManufactureCountry />
      <ManufactureItemDescription />
      <UnitQty>יח`</UnitQty>
      <Quantity>600</Quantity>
      <UnitMeasure>גרם</UnitMeasure>
      <BisWeighted>0</BisWeighted>
      <QtyInPackage>1</QtyInPackage>
      <ItemPrice>16.90</ItemPrice>
      <UnitOfMeasurePrice>2.82</UnitOfMeasurePrice>
      <AllowDiscount>0</AllowDiscount>
      <itemStatus>1</itemStatus>
      <LastUpdateDate />
      <LastUpdateTime />
    </Product>
    <Product>
      <PriceUpdateDate>2019/10/31 09:30</PriceUpdateDate>
      <ItemCode>7290010129287</ItemCode>
      <ItemType>1</ItemType>
      <ItemName>עוגיות גרנולה 600 גרם דולצ`ה ויטה</ItemName>
      <ManufactureName>שיבולים יצור ושיווק מוצרי מאפה</ManufactureName>
      <ManufactureCountry />
      <ManufactureItemDescription />
      <UnitQty>יח`</UnitQty>
      <Quantity>600</Quantity>
      <UnitMeasure>גרם</UnitMeasure>
      <BisWeighted>0</BisWeighted>
      <QtyInPackage>1</QtyInPackage>
      <ItemPrice>16.90</ItemPrice>
      <UnitOfMeasurePrice>2.82</UnitOfMeasurePrice>
      <AllowDiscount>0</AllowDiscount>
      <itemStatus>1</itemStatus>
      <LastUpdateDate />
      <LastUpdateTime />
    </Product>
    <Product>
      <PriceUpdateDate>2019/10/31 09:30</PriceUpdateDate>
      <ItemCode>7290010129294</ItemCode>
      <ItemType>1</ItemType>
      <ItemName>עוגיות בטעם חמאה דולצ`ה ויטה (600 גרם)</ItemName>
      <ManufactureName>שיבולים יצור ושיווק מוצרי מאפה</ManufactureName>
      <ManufactureCountry />
      <ManufactureItemDescription />
      <UnitQty>יח`</UnitQty>
      <Quantity>600</Quantity>
      <UnitMeasure>גרם</UnitMeasure>
      <BisWeighted>0</BisWeighted>
      <QtyInPackage>1</QtyInPackage>
      <ItemPrice>16.90</ItemPrice>
      <UnitOfMeasurePrice>2.82</UnitOfMeasurePrice>
      <AllowDiscount>0</AllowDiscount>
      <itemStatus>1</itemStatus>
      <LastUpdateDate />
      <LastUpdateTime />
    </Product>
    <Product>
      <PriceUpdateDate>2019/10/31 09:30</PriceUpdateDate>
      <ItemCode>7290010129324</ItemCode>
      <ItemType>1</ItemType>
      <ItemName>עוגיות מעמול דולצה ויטה 600 גר</ItemName>
      <ManufactureName>שיבולים יצור ושיווק מוצרי מאפה</ManufactureName>
      <ManufactureCountry />
      <ManufactureItemDescription />
      <UnitQty>יח`</UnitQty>
      <Quantity>600</Quantity>
      <UnitMeasure>גרם</UnitMeasure>
      <BisWeighted>0</BisWeighted>
      <QtyInPackage>1</QtyInPackage>
      <ItemPrice>16.90</ItemPrice>
      <UnitOfMeasurePrice>2.82</UnitOfMeasurePrice>
      <AllowDiscount>0</AllowDiscount>
      <itemStatus>1</itemStatus>
      <LastUpdateDate />
      <LastUpdateTime />
    </Product>
    <Product>
      <PriceUpdateDate>2015/03/03 10:33</PriceUpdateDate>
      <ItemCode>7290010153510</ItemCode>
      <ItemType>1</ItemType>
      <ItemName>בורגול מיה (500 גרם)</ItemName>
      <ManufactureName>מיה תעשיות מזון מ.ת.מ. בעמ</ManufactureName>
      <ManufactureCountry />
      <ManufactureItemDescription />
      <UnitQty>יח`</UnitQty>
      <Quantity>500</Quantity>
      <UnitMeasure>גרם</UnitMeasure>
      <BisWeighted>0</BisWeighted>
      <QtyInPackage>1</QtyInPackage>
      <ItemPrice>5.90</ItemPrice>
      <UnitOfMeasurePrice>1.18</UnitOfMeasurePrice>
      <AllowDiscount>0</AllowDiscount>
      <itemStatus>1</itemStatus>
      <LastUpdateDate />
      <LastUpdateTime />
    </Product>
    <Product>
      <PriceUpdateDate>2015/12/01 18:36</PriceUpdateDate>
      <ItemCode>7290010153527</ItemCode>
      <ItemType>1</ItemType>
      <ItemName>ג`ריש 500 גר` מיה</ItemName>
      <ManufactureName>מיה תעשיות מזון מ.ת.מ. בעמ</ManufactureName>
      <ManufactureCountry />
      <ManufactureItemDescription />
      <UnitQty>יח`</UnitQty>
      <Quantity>500</Quantity>
      <UnitMeasure>גרם</UnitMeasure>
      <BisWeighted>0</BisWeighted>
      <QtyInPackage>1</QtyInPackage>
      <ItemPrice>5.90</ItemPrice>
      <UnitOfMeasurePrice>1.18</UnitOfMeasurePrice>
      <AllowDiscount>0</AllowDiscount>
      <itemStatus>1</itemStatus>
      <LastUpdateDate />
      <LastUpdateTime />
    </Product>
    <Product>
      <PriceUpdateDate>2015/03/02 15:47</PriceUpdateDate>
      <ItemCode>7290010153794</ItemCode>
      <ItemType>1</ItemType>
      <ItemName>ציפוי לשניצל עם עשבי תיבול 500 גר` מיה</ItemName>
      <ManufactureName>מיה תעשיות מזון מ.ת.מ. בעמ</ManufactureName>
      <ManufactureCountry />
      <ManufactureItemDescription />
      <UnitQty>יח`</UnitQty>
      <Quantity>500</Quantity>
      <UnitMeasure>גרם</UnitMeasure>
      <BisWeighted>0</BisWeighted>
      <QtyInPackage>1</QtyInPackage>
      <ItemPrice>11.90</ItemPrice>
      <UnitOfMeasurePrice>2.38</UnitOfMeasurePrice>
      <AllowDiscount>0</AllowDiscount>
      <itemStatus>1</itemStatus>
      <LastUpdateDate />
      <LastUpdateTime />
    </Product>
    <Product>
      <PriceUpdateDate>2014/12/29 13:32</PriceUpdateDate>
      <ItemCode>7290010153879</ItemCode>
      <ItemType>1</ItemType>
      <ItemName>ריבת חלב בטעם שמנת 400 גר`</ItemName>
      <ManufactureName>מיה תעשיות מזון מ.ת.מ. בעמ</ManufactureName>
      <ManufactureCountry />
      <ManufactureItemDescription />
      <UnitQty>יח`</UnitQty>
      <Quantity>400</Quantity>
      <UnitMeasure>גרם</UnitMeasure>
      <BisWeighted>0</BisWeighted>
      <QtyInPackage>1</QtyInPackage>
      <ItemPrice>13.90</ItemPrice>
      <UnitOfMeasurePrice>3.48</UnitOfMeasurePrice>
      <AllowDiscount>1</AllowDiscount>
      <itemStatus>1</itemStatus>
      <LastUpdateDate />
      <LastUpdateTime />
    </Product>
    <Product>
      <PriceUpdateDate>2015/03/03 10:33</PriceUpdateDate>
      <ItemCode>7290010153909</ItemCode>
      <ItemType>1</ItemType>
      <ItemName>אורז בסמטי בסגנון הודי מיה (1 קג)</ItemName>
      <ManufactureName>מיה תעשיות מזון מ.ת.מ. בעמ</ManufactureName>
      <ManufactureCountry />
      <ManufactureItemDescription />
      <UnitQty>יח`</UnitQty>
      <Quantity>1000</Quantity>
      <UnitMeasure>גרם</UnitMeasure>
      <BisWeighted>0</BisWeighted>
      <QtyInPackage>1</QtyInPackage>
      <ItemPrice>9.90</ItemPrice>
      <UnitOfMeasurePrice>0.99</UnitOfMeasurePrice>
      <AllowDiscount>0</AllowDiscount>
      <itemStatus>1</itemStatus>
      <LastUpdateDate />
      <LastUpdateTime />
    </Product>
    <Product>
      <PriceUpdateDate>2015/12/01 18:43</PriceUpdateDate>
      <ItemCode>7290010154012</ItemCode>
      <ItemType>1</ItemType>
      <ItemName>לימון בלאדי תבליני ביטון יוחאי (250 גרם)</ItemName>
      <ManufactureName>נטו מלינדה סחר בעמ</ManufactureName>
      <ManufactureCountry />
      <ManufactureItemDescription />
      <UnitQty>יח`</UnitQty>
      <Quantity>250</Quantity>
      <UnitMeasure>גרם</UnitMeasure>
      <BisWeighted>0</BisWeighted>
      <QtyInPackage>1</QtyInPackage>
      <ItemPrice>15.90</ItemPrice>
      <UnitOfMeasurePrice>6.36</UnitOfMeasurePrice>
      <AllowDiscount>0</AllowDiscount>
      <itemStatus>1</itemStatus>
      <LastUpdateDate />
      <LastUpdateTime />
    </Product>
    <Product>
      <PriceUpdateDate>2015/12/01 18:43</PriceUpdateDate>
      <ItemCode>7290010154029</ItemCode>
      <ItemType>1</ItemType>
      <ItemName>אריסה מתוקה תבליני ביטון יוחאי (250 גרם)</ItemName>
      <ManufactureName>נטו מלינדה סחר בעמ</ManufactureName>
      <ManufactureCountry />
      <ManufactureItemDescription />
      <UnitQty>יח`</UnitQty>
      <Quantity>250</Quantity>
      <UnitMeasure>גרם</UnitMeasure>
      <BisWeighted>0</BisWeighted>
      <QtyInPackage>1</QtyInPackage>
      <ItemPrice>14.90</ItemPrice>
      <UnitOfMeasurePrice>5.96</UnitOfMeasurePrice>
      <AllowDiscount>0</AllowDiscount>
      <itemStatus>1</itemStatus>
      <LastUpdateDate />
      <LastUpdateTime />
    </Product>
    <Product>
      <PriceUpdateDate>2015/01/20 08:19</PriceUpdateDate>
      <ItemCode>7290010154241</ItemCode>
      <ItemType>1</ItemType>
      <ItemName>סלט חזרת ביתית תבליני ביטון יוחאי (250 ג</ItemName>
      <ManufactureName>נטו מלינדה סחר בעמ</ManufactureName>
      <ManufactureCountry />
      <ManufactureItemDescription />
      <UnitQty>יח`</UnitQty>
      <Quantity>250</Quantity>
      <UnitMeasure>גרם</UnitMeasure>
      <BisWeighted>0</BisWeighted>
      <QtyInPackage>1</QtyInPackage>
      <ItemPrice>13.90</ItemPrice>
      <UnitOfMeasurePrice>5.56</UnitOfMeasurePrice>
      <AllowDiscount>0</AllowDiscount>
      <itemStatus>1</itemStatus>
      <LastUpdateDate />
      <LastUpdateTime />
    </Product>
    <Product>
      <PriceUpdateDate>2015/01/20 08:19</PriceUpdateDate>
      <ItemCode>7290010154265</ItemCode>
      <ItemType>1</ItemType>
      <ItemName>פלפל צ`ומה תבליני ביטון יוחאי (250 גרם)</ItemName>
      <ManufactureName>נטו מלינדה סחר בעמ</ManufactureName>
      <ManufactureCountry />
      <ManufactureItemDescription />
      <UnitQty>יח`</UnitQty>
      <Quantity>250</Quantity>
      <UnitMeasure>גרם</UnitMeasure>
      <BisWeighted>0</BisWeighted>
      <QtyInPackage>1</QtyInPackage>
      <ItemPrice>14.90</ItemPrice>
      <UnitOfMeasurePrice>5.96</UnitOfMeasurePrice>
      <AllowDiscount>0</AllowDiscount>
      <itemStatus>1</itemStatus>
      <LastUpdateDate />
      <LastUpdateTime />
    </Product>
    <Product>
      <PriceUpdateDate>2015/12/01 18:39</PriceUpdateDate>
      <ItemCode>7290010154418</ItemCode>
      <ItemType>1</ItemType>
      <ItemName>סחוג אדום 130 גר ביטון</ItemName>
      <ManufactureName>נטו מלינדה סחר בעמ</ManufactureName>
      <ManufactureCountry />
      <ManufactureItemDescription />
      <UnitQty>יח`</UnitQty>
      <Quantity>130</Quantity>
      <UnitMeasure>גרם</UnitMeasure>
      <BisWeighted>0</BisWeighted>
      <QtyInPackage>1</QtyInPackage>
      <ItemPrice>8.90</ItemPrice>
      <UnitOfMeasurePrice>6.85</UnitOfMeasurePrice>
      <AllowDiscount>0</AllowDiscount>
      <itemStatus>1</itemStatus>
      <LastUpdateDate />
      <LastUpdateTime />
    </Product>
    <Product>
      <PriceUpdateDate>2020/05/03 10:38</PriceUpdateDate>
      <ItemCode>7290010173044</ItemCode>
      <ItemType>1</ItemType>
      <ItemName>מרלו יקב הרי גליל (750 מל)</ItemName>
      <ManufactureName>היכל היין שקד גולן בעמ</ManufactureName>
      <ManufactureCountry />
      <ManufactureItemDescription />
      <UnitQty>יח`</UnitQty>
      <Quantity>750</Quantity>
      <UnitMeasure>מ"ל</UnitMeasure>
      <BisWeighted>0</BisWeighted>
      <QtyInPackage>1</QtyInPackage>
      <ItemPrice>34.90</ItemPrice>
      <UnitOfMeasurePrice>4.61</UnitOfMeasurePrice>
      <AllowDiscount>1</AllowDiscount>
      <itemStatus>1</itemStatus>
      <LastUpdateDate />
      <LastUpdateTime />
    </Product>
    <Product>
      <PriceUpdateDate>2020/05/03 10:38</PriceUpdateDate>
      <ItemCode>7290010173068</ItemCode>
      <ItemType>1</ItemType>
      <ItemName>קברנה סובניון יקב הרי גליל (750 מל)</ItemName>
      <ManufactureName>היכל היין שקד גולן בעמ</ManufactureName>
      <ManufactureCountry />
      <ManufactureItemDescription />
      <UnitQty>יח`</UnitQty>
      <Quantity>750</Quantity>
      <UnitMeasure>מ"ל</UnitMeasure>
      <BisWeighted>0</BisWeighted>
      <QtyInPackage>1</QtyInPackage>
      <ItemPrice>36.90</ItemPrice>
      <UnitOfMeasurePrice>4.88</UnitOfMeasurePrice>
      <AllowDiscount>1</AllowDiscount>
      <itemStatus>1</itemStatus>
      <LastUpdateDate />
      <LastUpdateTime />
    </Product>
    <Product>
      <PriceUpdateDate>2020/05/03 10:38</PriceUpdateDate>
      <ItemCode>7290010173334</ItemCode>
      <ItemType>1</ItemType>
      <ItemName>שיראז יקב הרי גליל (750 מל)</ItemName>
      <ManufactureName>היכל היין שקד גולן בעמ</ManufactureName>
      <ManufactureCountry />
      <ManufactureItemDescription />
      <UnitQty>יח`</UnitQty>
      <Quantity>750</Quantity>
      <UnitMeasure>מ"ל</UnitMeasure>
      <BisWeighted>0</BisWeighted>
      <QtyInPackage>1</QtyInPackage>
      <ItemPrice>34.90</ItemPrice>
      <UnitOfMeasurePrice>4.61</UnitOfMeasurePrice>
      <AllowDiscount>1</AllowDiscount>
      <itemStatus>1</itemStatus>
      <LastUpdateDate />
      <LastUpdateTime />
    </Product>
    <Product>
      <PriceUpdateDate>2015/05/27 14:02</PriceUpdateDate>
      <ItemCode>7290010237623</ItemCode>
      <ItemType>1</ItemType>
      <ItemName>בירה שחורה נשר מאלט (1.5 ליטר)</ItemName>
      <ManufactureName>טמפו משקאות בעמ</ManufactureName>
      <ManufactureCountry />
      <ManufactureItemDescription />
      <UnitQty>יח`</UnitQty>
      <Quantity>1500</Quantity>
      <UnitMeasure>מ"ל</UnitMeasure>
      <BisWeighted>0</BisWeighted>
      <QtyInPackage>1</QtyInPackage>
      <ItemPrice>7.50</ItemPrice>
      <UnitOfMeasurePrice>0.50</UnitOfMeasurePrice>
      <AllowDiscount>1</AllowDiscount>
      <itemStatus>1</itemStatus>
      <LastUpdateDate />
      <LastUpdateTime />
    </Product>
    <Product>
      <PriceUpdateDate>2015/05/27 14:02</PriceUpdateDate>
      <ItemCode>7290010237630</ItemCode>
      <ItemType>1</ItemType>
      <ItemName>בירה שחורה דיאט נשר מאלט (1.5 ליטר)</ItemName>
      <ManufactureName>טמפו משקאות בעמ</ManufactureName>
      <ManufactureCountry />
      <ManufactureItemDescription />
      <UnitQty>יח`</UnitQty>
      <Quantity>1.50</Quantity>
      <UnitMeasure>1 ליטר</UnitMeasure>
      <BisWeighted>0</BisWeighted>
      <QtyInPackage>1</QtyInPackage>
      <ItemPrice>7.50</ItemPrice>
      <UnitOfMeasurePrice>5</UnitOfMeasurePrice>
      <AllowDiscount>1</AllowDiscount>
      <itemStatus>1</itemStatus>
      <LastUpdateDate />
      <LastUpdateTime />
    </Product>
    <Product>
      <PriceUpdateDate>2014/01/01 08:37</PriceUpdateDate>
      <ItemCode>7290010237685</ItemCode>
      <ItemType>1</ItemType>
      <ItemName>בירה הייניקן 330 בקבוק</ItemName>
      <ManufactureName>טמפו משקאות בעמ</ManufactureName>
      <ManufactureCountry />
      <ManufactureItemDescription />
      <UnitQty>יח`</UnitQty>
      <Quantity>330</Quantity>
      <UnitMeasure>מ"ל</UnitMeasure>
      <BisWeighted>0</BisWeighted>
      <QtyInPackage>1</QtyInPackage>
      <ItemPrice>10.10</ItemPrice>
      <UnitOfMeasurePrice>2.97</UnitOfMeasurePrice>
      <AllowDiscount>0</AllowDiscount>
      <itemStatus>1</itemStatus>
      <LastUpdateDate />
      <LastUpdateTime />
    </Product>
    <Product>
      <PriceUpdateDate>2019/02/18 11:45</PriceUpdateDate>
      <ItemCode>7290010237890</ItemCode>
      <ItemType>1</ItemType>
      <ItemName>בירה היינקן (500 מל)</ItemName>
      <ManufactureName>טמפו משקאות בעמ</ManufactureName>
      <ManufactureCountry />
      <ManufactureItemDescription />
      <UnitQty>יח`</UnitQty>
      <Quantity>500</Quantity>
      <UnitMeasure>מ"ל</UnitMeasure>
      <BisWeighted>0</BisWeighted>
      <QtyInPackage>1</QtyInPackage>
      <ItemPrice>8.50</ItemPrice>
      <UnitOfMeasurePrice>1.46</UnitOfMeasurePrice>
      <AllowDiscount>1</AllowDiscount>
      <itemStatus>1</itemStatus>
      <LastUpdateDate />
      <LastUpdateTime />
    </Product>
    <Product>
      <PriceUpdateDate>2018/02/26 08:43</PriceUpdateDate>
      <ItemCode>7290010256693</ItemCode>
      <ItemType>1</ItemType>
      <ItemName>תבניות ענקיות המותג) (2</ItemName>
      <ManufactureName>דין שיווק - עטרת</ManufactureName>
      <ManufactureCountry />
      <ManufactureItemDescription />
      <UnitQty>יח`</UnitQty>
      <Quantity>1</Quantity>
      <UnitMeasure>יח`</UnitMeasure>
      <BisWeighted>0</BisWeighted>
      <QtyInPackage>1</QtyInPackage>
      <ItemPrice>5.90</ItemPrice>
      <UnitOfMeasurePrice>5.90</UnitOfMeasurePrice>
      <AllowDiscount>0</AllowDiscount>
      <itemStatus>1</itemStatus>
      <LastUpdateDate />
      <LastUpdateTime />
    </Product>
    <Product>
      <PriceUpdateDate>2018/02/26 08:43</PriceUpdateDate>
      <ItemCode>7290010256716</ItemCode>
      <ItemType>1</ItemType>
      <ItemName>תבניות גדולות המותג) (3</ItemName>
      <ManufactureName>דין שיווק - עטרת</ManufactureName>
      <ManufactureCountry />
      <ManufactureItemDescription />
      <UnitQty>יח`</UnitQty>
      <Quantity>3</Quantity>
      <UnitMeasure>יח`</UnitMeasure>
      <BisWeighted>0</BisWeighted>
      <QtyInPackage>1</QtyInPackage>
      <ItemPrice>5.90</ItemPrice>
      <UnitOfMeasurePrice>1.97</UnitOfMeasurePrice>
      <AllowDiscount>0</AllowDiscount>
      <itemStatus>1</itemStatus>
      <LastUpdateDate />
      <LastUpdateTime />
    </Product>
    <Product>
      <PriceUpdateDate>2018/02/05 13:10</PriceUpdateDate>
      <ItemCode>7290010259359</ItemCode>
      <ItemType>1</ItemType>
      <ItemName>נודלס ביצים להקצפה וילי פוד (200 גרם)</ItemName>
      <ManufactureName>ג.וילי-פוד אינטרנשיונל בעמ</ManufactureName>
      <ManufactureCountry />
      <ManufactureItemDescription />
      <UnitQty>יח`</UnitQty>
      <Quantity>200</Quantity>
      <UnitMeasure>גרם</UnitMeasure>
      <BisWeighted>0</BisWeighted>
      <QtyInPackage>1</QtyInPackage>
      <ItemPrice>4.90</ItemPrice>
      <UnitOfMeasurePrice>2.45</UnitOfMeasurePrice>
      <AllowDiscount>1</AllowDiscount>
      <itemStatus>1</itemStatus>
      <LastUpdateDate />
      <LastUpdateTime />
    </Product>
    <Product>
      <PriceUpdateDate>2018/02/05 13:10</PriceUpdateDate>
      <ItemCode>7290010259366</ItemCode>
      <ItemType>1</ItemType>
      <ItemName>נודלס מסולסלות וילי פוד (200 גרם)</ItemName>
      <ManufactureName>ג.וילי-פוד אינטרנשיונל בעמ</ManufactureName>
      <ManufactureCountry />
      <ManufactureItemDescription />
      <UnitQty>יח`</UnitQty>
      <Quantity>200</Quantity>
      <UnitMeasure>גרם</UnitMeasure>
      <BisWeighted>0</BisWeighted>
      <QtyInPackage>1</QtyInPackage>
      <ItemPrice>4.90</ItemPrice>
      <UnitOfMeasurePrice>2.45</UnitOfMeasurePrice>
      <AllowDiscount>1</AllowDiscount>
      <itemStatus>1</itemStatus>
      <LastUpdateDate />
      <LastUpdateTime />
    </Product>
    <Product>
      <PriceUpdateDate>2015/11/30 08:31</PriceUpdateDate>
      <ItemCode>7290010259830</ItemCode>
      <ItemType>1</ItemType>
      <ItemName>מנת השף מרק+נודלס פיקנטי</ItemName>
      <ManufactureName>ג.וילי-פוד אינטרנשיונל בעמ</ManufactureName>
      <ManufactureCountry />
      <ManufactureItemDescription />
      <UnitQty>יח`</UnitQty>
      <Quantity>70</Quantity>
      <UnitMeasure>גרם</UnitMeasure>
      <BisWeighted>0</BisWeighted>
      <QtyInPackage>1</QtyInPackage>
      <ItemPrice>4.90</ItemPrice>
      <UnitOfMeasurePrice>7</UnitOfMeasurePrice>
      <AllowDiscount>1</AllowDiscount>
      <itemStatus>1</itemStatus>
      <LastUpdateDate />
      <LastUpdateTime />
    </Product>
    <Product>
      <PriceUpdateDate>2015/11/30 08:31</PriceUpdateDate>
      <ItemCode>7290010259847</ItemCode>
      <ItemType>1</ItemType>
      <ItemName>מנת השף מרק+נודלס תירס</ItemName>
      <ManufactureName>ג.וילי-פוד אינטרנשיונל בעמ</ManufactureName>
      <ManufactureCountry />
      <ManufactureItemDescription />
      <UnitQty>יח`</UnitQty>
      <Quantity>70</Quantity>
      <UnitMeasure>גרם</UnitMeasure>
      <BisWeighted>0</BisWeighted>
      <QtyInPackage>1</QtyInPackage>
      <ItemPrice>4.90</ItemPrice>
      <UnitOfMeasurePrice>7</UnitOfMeasurePrice>
      <AllowDiscount>1</AllowDiscount>
      <itemStatus>1</itemStatus>
      <LastUpdateDate />
      <LastUpdateTime />
    </Product>
    <Product>
      <PriceUpdateDate>2015/11/30 08:31</PriceUpdateDate>
      <ItemCode>7290010259854</ItemCode>
      <ItemType>1</ItemType>
      <ItemName>מנת השף מרק+נודלס פטריות</ItemName>
      <ManufactureName>ג.וילי-פוד אינטרנשיונל בעמ</ManufactureName>
      <ManufactureCountry />
      <ManufactureItemDescription />
      <UnitQty>יח`</UnitQty>
      <Quantity>70</Quantity>
      <UnitMeasure>גרם</UnitMeasure>
      <BisWeighted>0</BisWeighted>
      <QtyInPackage>1</QtyInPackage>
      <ItemPrice>4.90</ItemPrice>
      <UnitOfMeasurePrice>7</UnitOfMeasurePrice>
      <AllowDiscount>1</AllowDiscount>
      <itemStatus>1</itemStatus>
      <LastUpdateDate />
      <LastUpdateTime />
    </Product>
    <Product>
      <PriceUpdateDate>2015/11/30 08:31</PriceUpdateDate>
      <ItemCode>7290010259861</ItemCode>
      <ItemType>1</ItemType>
      <ItemName>מנת השף מרק+נודלס ירקות</ItemName>
      <ManufactureName>ג.וילי-פוד אינטרנשיונל בעמ</ManufactureName>
      <ManufactureCountry />
      <ManufactureItemDescription />
      <UnitQty>יח`</UnitQty>
      <Quantity>70</Quantity>
      <UnitMeasure>גרם</UnitMeasure>
      <BisWeighted>0</BisWeighted>
      <QtyInPackage>1</QtyInPackage>
      <ItemPrice>4.90</ItemPrice>
      <UnitOfMeasurePrice>7</UnitOfMeasurePrice>
      <AllowDiscount>1</AllowDiscount>
      <itemStatus>1</itemStatus>
      <LastUpdateDate />
      <LastUpdateTime />
    </Product>
    <Product>
      <PriceUpdateDate>2014/12/15 10:55</PriceUpdateDate>
      <ItemCode>7290010259991</ItemCode>
      <ItemType>1</ItemType>
      <ItemName>צנימים וילי פוד (250 גרם)</ItemName>
      <ManufactureName>ג.וילי-פוד אינטרנשיונל בעמ</ManufactureName>
      <ManufactureCountry />
      <ManufactureItemDescription />
      <UnitQty>יח`</UnitQty>
      <Quantity>250</Quantity>
      <UnitMeasure>גרם</UnitMeasure>
      <BisWeighted>0</BisWeighted>
      <QtyInPackage>1</QtyInPackage>
      <ItemPrice>7.90</ItemPrice>
      <UnitOfMeasurePrice>3.16</UnitOfMeasurePrice>
      <AllowDiscount>0</AllowDiscount>
      <itemStatus>1</itemStatus>
      <LastUpdateDate />
      <LastUpdateTime />
    </Product>
    <Product>
      <PriceUpdateDate>2016/08/28 09:29</PriceUpdateDate>
      <ItemCode>7290010278916</ItemCode>
      <ItemType>1</ItemType>
      <ItemName>שקית 10 מודפס</ItemName>
      <ManufactureName>שמחה זה אנחנו בעמ</ManufactureName>
      <ManufactureCountry />
      <ManufactureItemDescription />
      <UnitQty>יח`</UnitQty>
      <Quantity>1</Quantity>
      <UnitMeasure />
      <BisWeighted>0</BisWeighted>
      <QtyInPackage>1</QtyInPackage>
      <ItemPrice>8.90</ItemPrice>
      <UnitOfMeasurePrice>8.90</UnitOfMeasurePrice>
      <AllowDiscount>0</AllowDiscount>
      <itemStatus>1</itemStatus>
      <LastUpdateDate />
      <LastUpdateTime />
    </Product>
    <Product>
      <PriceUpdateDate>2013/12/24 14:18</PriceUpdateDate>
      <ItemCode>7290010328093</ItemCode>
      <ItemType>1</ItemType>
      <ItemName>ממרח חלבה אחוה (400 גרם)</ItemName>
      <ManufactureName>אחדות בעמ</ManufactureName>
      <ManufactureCountry />
      <ManufactureItemDescription />
      <UnitQty>יח`</UnitQty>
      <Quantity>400</Quantity>
      <UnitMeasure>גרם</UnitMeasure>
      <BisWeighted>0</BisWeighted>
      <QtyInPackage>1</QtyInPackage>
      <ItemPrice>11.90</ItemPrice>
      <UnitOfMeasurePrice>2.98</UnitOfMeasurePrice>
      <AllowDiscount>1</AllowDiscount>
      <itemStatus>1</itemStatus>
      <LastUpdateDate />
      <LastUpdateTime />
    </Product>
    <Product>
      <PriceUpdateDate>2013/12/24 14:18</PriceUpdateDate>
      <ItemCode>7290010328178</ItemCode>
      <ItemType>1</ItemType>
      <ItemName>חלבה מסולסלת 250 גר`</ItemName>
      <ManufactureName>אחדות בעמ</ManufactureName>
      <ManufactureCountry />
      <ManufactureItemDescription />
      <UnitQty>יח`</UnitQty>
      <Quantity>250</Quantity>
      <UnitMeasure>גרם</UnitMeasure>
      <BisWeighted>0</BisWeighted>
      <QtyInPackage>1</QtyInPackage>
      <ItemPrice>9.90</ItemPrice>
      <UnitOfMeasurePrice>3.96</UnitOfMeasurePrice>
      <AllowDiscount>0</AllowDiscount>
      <itemStatus>1</itemStatus>
      <LastUpdateDate />
      <LastUpdateTime />
    </Product>
    <Product>
      <PriceUpdateDate>2016/03/15 12:48</PriceUpdateDate>
      <ItemCode>7290010328246</ItemCode>
      <ItemType>1</ItemType>
      <ItemName>טחינה משומשום מלא אחוה (500 גרם)</ItemName>
      <ManufactureName>אחדות בעמ</ManufactureName>
      <ManufactureCountry />
      <ManufactureItemDescription />
      <UnitQty>יח`</UnitQty>
      <Quantity>500</Quantity>
      <UnitMeasure>גרם</UnitMeasure>
      <BisWeighted>0</BisWeighted>
      <QtyInPackage>1</QtyInPackage>
      <ItemPrice>9.90</ItemPrice>
      <UnitOfMeasurePrice>1.98</UnitOfMeasurePrice>
      <AllowDiscount>1</AllowDiscount>
      <itemStatus>1</itemStatus>
      <LastUpdateDate />
      <LastUpdateTime />
    </Product>
    <Product>
      <PriceUpdateDate>2016/03/15 12:48</PriceUpdateDate>
      <ItemCode>7290010328253</ItemCode>
      <ItemType>1</ItemType>
      <ItemName>טחינה משומשום טבעי אחוה (500 גרם)</ItemName>
      <ManufactureName>אחדות בעמ</ManufactureName>
      <ManufactureCountry />
      <ManufactureItemDescription />
      <UnitQty>יח`</UnitQty>
      <Quantity>500</Quantity>
      <UnitMeasure>גרם</UnitMeasure>
      <BisWeighted>0</BisWeighted>
      <QtyInPackage>1</QtyInPackage>
      <ItemPrice>9.90</ItemPrice>
      <UnitOfMeasurePrice>1.98</UnitOfMeasurePrice>
      <AllowDiscount>1</AllowDiscount>
      <itemStatus>1</itemStatus>
      <LastUpdateDate />
      <LastUpdateTime />
    </Product>
    <Product>
      <PriceUpdateDate>2014/08/11 16:27</PriceUpdateDate>
      <ItemCode>7290010328468</ItemCode>
      <ItemType>1</ItemType>
      <ItemName>מיני חלווה ב 3 טעמים</ItemName>
      <ManufactureName>אחדות בעמ</ManufactureName>
      <ManufactureCountry />
      <ManufactureItemDescription />
      <UnitQty>יח`</UnitQty>
      <Quantity>216</Quantity>
      <UnitMeasure>גרם</UnitMeasure>
      <BisWeighted>0</BisWeighted>
      <QtyInPackage>1</QtyInPackage>
      <ItemPrice>10</ItemPrice>
      <UnitOfMeasurePrice>4.63</UnitOfMeasurePrice>
      <AllowDiscount>0</AllowDiscount>
      <itemStatus>1</itemStatus>
      <LastUpdateDate />
      <LastUpdateTime />
    </Product>
    <Product>
      <PriceUpdateDate>2015/09/08 18:01</PriceUpdateDate>
      <ItemCode>7290010328505</ItemCode>
      <ItemType>1</ItemType>
      <ItemName>חטיפי מיני חלוה ללא סוכר 15 יח`</ItemName>
      <ManufactureName>אחדות בעמ</ManufactureName>
      <ManufactureCountry />
      <ManufactureItemDescription />
      <UnitQty>יח`</UnitQty>
      <Quantity>1</Quantity>
      <UnitMeasure />
      <BisWeighted>0</BisWeighted>
      <QtyInPackage>1</QtyInPackage>
      <ItemPrice>10</ItemPrice>
      <UnitOfMeasurePrice>10</UnitOfMeasurePrice>
      <AllowDiscount>0</AllowDiscount>
      <itemStatus>1</itemStatus>
      <LastUpdateDate />
      <LastUpdateTime />
    </Product>
    <Product>
      <PriceUpdateDate>2020/01/16 08:04</PriceUpdateDate>
      <ItemCode>7290010328710</ItemCode>
      <ItemType>1</ItemType>
      <ItemName>קצפיות במגש 180 גר</ItemName>
      <ManufactureName>אחדות בעמ</ManufactureName>
      <ManufactureCountry />
      <ManufactureItemDescription />
      <UnitQty>יח`</UnitQty>
      <Quantity>180</Quantity>
      <UnitMeasure>גרם</UnitMeasure>
      <BisWeighted>0</BisWeighted>
      <QtyInPackage>1</QtyInPackage>
      <ItemPrice>8.90</ItemPrice>
      <UnitOfMeasurePrice>4.94</UnitOfMeasurePrice>
      <AllowDiscount>0</AllowDiscount>
      <itemStatus>1</itemStatus>
      <LastUpdateDate />
      <LastUpdateTime />
    </Product>
    <Product>
      <PriceUpdateDate>2016/06/02 08:21</PriceUpdateDate>
      <ItemCode>7290010328734</ItemCode>
      <ItemType>1</ItemType>
      <ItemName>ממרח טחינה עם סילאן 400 גר` אחוה</ItemName>
      <ManufactureName>אחדות בעמ</ManufactureName>
      <ManufactureCountry />
      <ManufactureItemDescription />
      <UnitQty>יח`</UnitQty>
      <Quantity>400</Quantity>
      <UnitMeasure>גרם</UnitMeasure>
      <BisWeighted>0</BisWeighted>
      <QtyInPackage>1</QtyInPackage>
      <ItemPrice>11.90</ItemPrice>
      <UnitOfMeasurePrice>2.98</UnitOfMeasurePrice>
      <AllowDiscount>1</AllowDiscount>
      <itemStatus>1</itemStatus>
      <LastUpdateDate />
      <LastUpdateTime />
    </Product>
    <Product>
      <PriceUpdateDate>2017/04/23 11:44</PriceUpdateDate>
      <ItemCode>7290010328901</ItemCode>
      <ItemType>1</ItemType>
      <ItemName>מאפין בטעם וניל 45 גר` אחוה</ItemName>
      <ManufactureName>אחדות בעמ</ManufactureName>
      <ManufactureCountry />
      <ManufactureItemDescription />
      <UnitQty>יח`</UnitQty>
      <Quantity>45</Quantity>
      <UnitMeasure>גרם</UnitMeasure>
      <BisWeighted>0</BisWeighted>
      <QtyInPackage>1</QtyInPackage>
      <ItemPrice>1.50</ItemPrice>
      <UnitOfMeasurePrice>3.33</UnitOfMeasurePrice>
      <AllowDiscount>1</AllowDiscount>
      <itemStatus>1</itemStatus>
      <LastUpdateDate />
      <LastUpdateTime />
    </Product>
    <Product>
      <PriceUpdateDate>2015/12/01 12:47</PriceUpdateDate>
      <ItemCode>7290010429301</ItemCode>
      <ItemType>1</ItemType>
      <ItemName>קונפיטורה יד מרדכי תות 250 גר`</ItemName>
      <ManufactureName>שטראוס גרופ בעמ</ManufactureName>
      <ManufactureCountry />
      <ManufactureItemDescription />
      <UnitQty>יח`</UnitQty>
      <Quantity>250</Quantity>
      <UnitMeasure>גרם</UnitMeasure>
      <BisWeighted>0</BisWeighted>
      <QtyInPackage>1</QtyInPackage>
      <ItemPrice>14.90</ItemPrice>
      <UnitOfMeasurePrice>5.96</UnitOfMeasurePrice>
      <AllowDiscount>1</AllowDiscount>
      <itemStatus>1</itemStatus>
      <LastUpdateDate />
      <LastUpdateTime />
    </Product>
    <Product>
      <PriceUpdateDate>2019/03/24 10:34</PriceUpdateDate>
      <ItemCode>7290010429554</ItemCode>
      <ItemType>1</ItemType>
      <ItemName>שמן זית כתית מעולה 750 מל</ItemName>
      <ManufactureName>שטראוס גרופ בעמ</ManufactureName>
      <ManufactureCountry />
      <ManufactureItemDescription />
      <UnitQty>יח`</UnitQty>
      <Quantity>750</Quantity>
      <UnitMeasure>מ"ל</UnitMeasure>
      <BisWeighted>0</BisWeighted>
      <QtyInPackage>1</QtyInPackage>
      <ItemPrice>32.90</ItemPrice>
      <UnitOfMeasurePrice>4.39</UnitOfMeasurePrice>
      <AllowDiscount>1</AllowDiscount>
      <itemStatus>1</itemStatus>
      <LastUpdateDate />
      <LastUpdateTime />
    </Product>
    <Product>
      <PriceUpdateDate>2013/06/17 09:01</PriceUpdateDate>
      <ItemCode>7290010471669</ItemCode>
      <ItemType>1</ItemType>
      <ItemName>דנונה פרי בר קורנפלקס</ItemName>
      <ManufactureName>שטראוס גרופ בעמ/מצונן</ManufactureName>
      <ManufactureCountry />
      <ManufactureItemDescription />
      <UnitQty>יח`</UnitQty>
      <Quantity>175</Quantity>
      <UnitMeasure>מ"ל</UnitMeasure>
      <BisWeighted>0</BisWeighted>
      <QtyInPackage>1</QtyInPackage>
      <ItemPrice>4.40</ItemPrice>
      <UnitOfMeasurePrice>2.51</UnitOfMeasurePrice>
      <AllowDiscount>0</AllowDiscount>
      <itemStatus>1</itemStatus>
      <LastUpdateDate />
      <LastUpdateTime />
    </Product>
    <Product>
      <PriceUpdateDate>2014/01/01 08:37</PriceUpdateDate>
      <ItemCode>7290010472307</ItemCode>
      <ItemType>1</ItemType>
      <ItemName>משקה יוגורט תות בננה גמדים (100x8 מל)</ItemName>
      <ManufactureName>שטראוס גרופ בעמ/מצונן</ManufactureName>
      <ManufactureCountry />
      <ManufactureItemDescription />
      <UnitQty>יח`</UnitQty>
      <Quantity>800</Quantity>
      <UnitMeasure>מ"ל</UnitMeasure>
      <BisWeighted>0</BisWeighted>
      <QtyInPackage>1</QtyInPackage>
      <ItemPrice>20</ItemPrice>
      <UnitOfMeasurePrice>2.50</UnitOfMeasurePrice>
      <AllowDiscount>0</AllowDiscount>
      <itemStatus>1</itemStatus>
      <LastUpdateDate />
      <LastUpdateTime />
    </Product>
    <Product>
      <PriceUpdateDate>2014/12/29 08:45</PriceUpdateDate>
      <ItemCode>7290010472390</ItemCode>
      <ItemType>1</ItemType>
      <ItemName>דני שמיניה</ItemName>
      <ManufactureName>שטראוס גרופ בעמ/מצונן</ManufactureName>
      <ManufactureCountry />
      <ManufactureItemDescription />
      <UnitQty>יח`</UnitQty>
      <Quantity>1</Quantity>
      <UnitMeasure>1 ליטר</UnitMeasure>
      <BisWeighted>0</BisWeighted>
      <QtyInPackage>1</QtyInPackage>
      <ItemPrice>16.40</ItemPrice>
      <UnitOfMeasurePrice>16.40</UnitOfMeasurePrice>
      <AllowDiscount>0</AllowDiscount>
      <itemStatus>1</itemStatus>
      <LastUpdateDate />
      <LastUpdateTime />
    </Product>
    <Product>
      <PriceUpdateDate>2019/08/22 12:39</PriceUpdateDate>
      <ItemCode>7290010535019</ItemCode>
      <ItemType>1</ItemType>
      <ItemName>זוג  קופ`למשקפיים</ItemName>
      <ManufactureName>קונסיגנציה- ש. י גיספאן 1993</ManufactureName>
      <ManufactureCountry />
      <ManufactureItemDescription />
      <UnitQty>יח`</UnitQty>
      <Quantity>1</Quantity>
      <UnitMeasure />
      <BisWeighted>0</BisWeighted>
      <QtyInPackage>1</QtyInPackage>
      <ItemPrice>14.90</ItemPrice>
      <UnitOfMeasurePrice>14.90</UnitOfMeasurePrice>
      <AllowDiscount>0</AllowDiscount>
      <itemStatus>1</itemStatus>
      <LastUpdateDate />
      <LastUpdateTime />
    </Product>
    <Product>
      <PriceUpdateDate>2019/08/07 10:33</PriceUpdateDate>
      <ItemCode>7290010535361</ItemCode>
      <ItemType>1</ItemType>
      <ItemName>מברשת רחצה לגב</ItemName>
      <ManufactureName>קונסיגנציה- ש. י גיספאן 1993</ManufactureName>
      <ManufactureCountry />
      <ManufactureItemDescription />
      <UnitQty>יח`</UnitQty>
      <Quantity>1</Quantity>
      <UnitMeasure />
      <BisWeighted>0</BisWeighted>
      <QtyInPackage>1</QtyInPackage>
      <ItemPrice>15.90</ItemPrice>
      <UnitOfMeasurePrice>15.90</UnitOfMeasurePrice>
      <AllowDiscount>0</AllowDiscount>
      <itemStatus>1</itemStatus>
      <LastUpdateDate />
      <LastUpdateTime />
    </Product>
    <Product>
      <PriceUpdateDate>2019/08/22 12:39</PriceUpdateDate>
      <ItemCode>7290010535576</ItemCode>
      <ItemType>1</ItemType>
      <ItemName>סליל דבק דו צדדי לבן ושחור</ItemName>
      <ManufactureName>קונסיגנציה- ש. י גיספאן 1993</ManufactureName>
      <ManufactureCountry />
      <ManufactureItemDescription />
      <UnitQty>יח`</UnitQty>
      <Quantity>1</Quantity>
      <UnitMeasure />
      <BisWeighted>0</BisWeighted>
      <QtyInPackage>1</QtyInPackage>
      <ItemPrice>13.90</ItemPrice>
      <UnitOfMeasurePrice>13.90</UnitOfMeasurePrice>
      <AllowDiscount>0</AllowDiscount>
      <itemStatus>1</itemStatus>
      <LastUpdateDate />
      <LastUpdateTime />
    </Product>
    <Product>
      <PriceUpdateDate>2017/12/25 08:36</PriceUpdateDate>
      <ItemCode>7290010546169</ItemCode>
      <ItemType>1</ItemType>
      <ItemName>גרנולה שקדים וצימוקים 400 גר` מנדל</ItemName>
      <ManufactureName>גורי מוצרי צריכה (1991) בעמ</ManufactureName>
      <ManufactureCountry />
      <ManufactureItemDescription />
      <UnitQty>יח`</UnitQty>
      <Quantity>400</Quantity>
      <UnitMeasure>גרם</UnitMeasure>
      <BisWeighted>0</BisWeighted>
      <QtyInPackage>1</QtyInPackage>
      <ItemPrice>17.90</ItemPrice>
      <UnitOfMeasurePrice>4.48</UnitOfMeasurePrice>
      <AllowDiscount>1</AllowDiscount>
      <itemStatus>1</itemStatus>
      <LastUpdateDate />
      <LastUpdateTime />
    </Product>
    <Product>
      <PriceUpdateDate>2019/05/02 12:58</PriceUpdateDate>
      <ItemCode>7290010627004</ItemCode>
      <ItemType>1</ItemType>
      <ItemName>טחינה ירושלים 500 גר`</ItemName>
      <ManufactureName>תה ויסוצקי (ישראל) בעמ</ManufactureName>
      <ManufactureCountry />
      <ManufactureItemDescription />
      <UnitQty>יח`</UnitQty>
      <Quantity>500</Quantity>
      <UnitMeasure>גרם</UnitMeasure>
      <BisWeighted>0</BisWeighted>
      <QtyInPackage>1</QtyInPackage>
      <ItemPrice>15.90</ItemPrice>
      <UnitOfMeasurePrice>3.18</UnitOfMeasurePrice>
      <AllowDiscount>0</AllowDiscount>
      <itemStatus>1</itemStatus>
      <LastUpdateDate />
      <LastUpdateTime />
    </Product>
    <Product>
      <PriceUpdateDate>2019/05/02 12:58</PriceUpdateDate>
      <ItemCode>7290010627844</ItemCode>
      <ItemType>1</ItemType>
      <ItemName>טחינה ירושלים 500 גר` שומשום מלא</ItemName>
      <ManufactureName>תה ויסוצקי (ישראל) בעמ</ManufactureName>
      <ManufactureCountry />
      <ManufactureItemDescription />
      <UnitQty>יח`</UnitQty>
      <Quantity>1</Quantity>
      <UnitMeasure />
      <BisWeighted>0</BisWeighted>
      <QtyInPackage>1</QtyInPackage>
      <ItemPrice>15.90</ItemPrice>
      <UnitOfMeasurePrice>15.90</UnitOfMeasurePrice>
      <AllowDiscount>0</AllowDiscount>
      <itemStatus>1</itemStatus>
      <LastUpdateDate />
      <LastUpdateTime />
    </Product>
    <Product>
      <PriceUpdateDate>2019/10/27 08:22</PriceUpdateDate>
      <ItemCode>7290010632626</ItemCode>
      <ItemType>1</ItemType>
      <ItemName>מוצץ גומי 3יח מיני טוליפס</ItemName>
      <ManufactureName>אינטרסן 1996 בעמ</ManufactureName>
      <ManufactureCountry />
      <ManufactureItemDescription />
      <UnitQty>יח`</UnitQty>
      <Quantity>3</Quantity>
      <UnitMeasure>יח`</UnitMeasure>
      <BisWeighted>0</BisWeighted>
      <QtyInPackage>1</QtyInPackage>
      <ItemPrice>11.90</ItemPrice>
      <UnitOfMeasurePrice>3.97</UnitOfMeasurePrice>
      <AllowDiscount>0</AllowDiscount>
      <itemStatus>1</itemStatus>
      <LastUpdateDate />
      <LastUpdateTime />
    </Product>
    <Product>
      <PriceUpdateDate>2014/01/01 08:37</PriceUpdateDate>
      <ItemCode>7290010632787</ItemCode>
      <ItemType>1</ItemType>
      <ItemName>צימרוני אוזניים מעץ אינטרסן (300)</ItemName>
      <ManufactureName>אינטרסן 1996 בעמ</ManufactureName>
      <ManufactureCountry />
      <ManufactureItemDescription />
      <UnitQty>יח`</UnitQty>
      <Quantity>300</Quantity>
      <UnitMeasure>יח`</UnitMeasure>
      <BisWeighted>0</BisWeighted>
      <QtyInPackage>1</QtyInPackage>
      <ItemPrice>4</ItemPrice>
      <UnitOfMeasurePrice>0.01</UnitOfMeasurePrice>
      <AllowDiscount>0</AllowDiscount>
      <itemStatus>1</itemStatus>
      <LastUpdateDate />
      <LastUpdateTime />
    </Product>
    <Product>
      <PriceUpdateDate>2020/01/28 06:09</PriceUpdateDate>
      <ItemCode>7290010676446</ItemCode>
      <ItemType>1</ItemType>
      <ItemName>שעועית ירוקה שלמה 800 גר`</ItemName>
      <ManufactureName>נ.ת.נ.ג.ב החזקות יעוץ וניהול ב</ManufactureName>
      <ManufactureCountry />
      <ManufactureItemDescription />
      <UnitQty>יח`</UnitQty>
      <Quantity>800</Quantity>
      <UnitMeasure>גרם</UnitMeasure>
      <BisWeighted>0</BisWeighted>
      <QtyInPackage>1</QtyInPackage>
      <ItemPrice>6.80</ItemPrice>
      <UnitOfMeasurePrice>0.85</UnitOfMeasurePrice>
      <AllowDiscount>0</AllowDiscount>
      <itemStatus>1</itemStatus>
      <LastUpdateDate />
      <LastUpdateTime />
    </Product>
    <Product>
      <PriceUpdateDate>2020/02/12 07:16</PriceUpdateDate>
      <ItemCode>7290010676507</ItemCode>
      <ItemType>1</ItemType>
      <ItemName>שעועית חתוכה ירוקה 800  גר`קפוא</ItemName>
      <ManufactureName>נ.ת.נ.ג.ב החזקות יעוץ וניהול ב</ManufactureName>
      <ManufactureCountry />
      <ManufactureItemDescription />
      <UnitQty>יח`</UnitQty>
      <Quantity>800</Quantity>
      <UnitMeasure>גרם</UnitMeasure>
      <BisWeighted>0</BisWeighted>
      <QtyInPackage>1</QtyInPackage>
      <ItemPrice>6.80</ItemPrice>
      <UnitOfMeasurePrice>0.85</UnitOfMeasurePrice>
      <AllowDiscount>0</AllowDiscount>
      <itemStatus>1</itemStatus>
      <LastUpdateDate />
      <LastUpdateTime />
    </Product>
    <Product>
      <PriceUpdateDate>2020/02/12 07:16</PriceUpdateDate>
      <ItemCode>7290010676583</ItemCode>
      <ItemType>1</ItemType>
      <ItemName>שעועית חתוכה צהובה</ItemName>
      <ManufactureName>נ.ת.נ.ג.ב החזקות יעוץ וניהול ב</ManufactureName>
      <ManufactureCountry />
      <ManufactureItemDescription />
      <UnitQty>יח`</UnitQty>
      <Quantity>800</Quantity>
      <UnitMeasure>גרם</UnitMeasure>
      <BisWeighted>0</BisWeighted>
      <QtyInPackage>1</QtyInPackage>
      <ItemPrice>6.80</ItemPrice>
      <UnitOfMeasurePrice>0.85</UnitOfMeasurePrice>
      <AllowDiscount>0</AllowDiscount>
      <itemStatus>1</itemStatus>
      <LastUpdateDate />
      <LastUpdateTime />
    </Product>
    <Product>
      <PriceUpdateDate>2019/10/24 18:30</PriceUpdateDate>
      <ItemCode>7290010676590</ItemCode>
      <ItemType>1</ItemType>
      <ItemName>אפונה קפוא 800 גר`</ItemName>
      <ManufactureName>נ.ת.נ.ג.ב החזקות יעוץ וניהול ב</ManufactureName>
      <ManufactureCountry />
      <ManufactureItemDescription />
      <UnitQty>יח`</UnitQty>
      <Quantity>800</Quantity>
      <UnitMeasure>גרם</UnitMeasure>
      <BisWeighted>0</BisWeighted>
      <QtyInPackage>1</QtyInPackage>
      <ItemPrice>9.90</ItemPrice>
      <UnitOfMeasurePrice>1.24</UnitOfMeasurePrice>
      <AllowDiscount>1</AllowDiscount>
      <itemStatus>1</itemStatus>
      <LastUpdateDate />
      <LastUpdateTime />
    </Product>
    <Product>
      <PriceUpdateDate>2019/11/12 13:09</PriceUpdateDate>
      <ItemCode>7290010676637</ItemCode>
      <ItemType>1</ItemType>
      <ItemName>אפונה וגזר 800 גר`</ItemName>
      <ManufactureName>נ.ת.נ.ג.ב החזקות יעוץ וניהול ב</ManufactureName>
      <ManufactureCountry />
      <ManufactureItemDescription />
      <UnitQty>יח`</UnitQty>
      <Quantity>800</Quantity>
      <UnitMeasure>גרם</UnitMeasure>
      <BisWeighted>0</BisWeighted>
      <QtyInPackage>1</QtyInPackage>
      <ItemPrice>9.90</ItemPrice>
      <UnitOfMeasurePrice>1.24</UnitOfMeasurePrice>
      <AllowDiscount>1</AllowDiscount>
      <itemStatus>1</itemStatus>
      <LastUpdateDate />
      <LastUpdateTime />
    </Product>
    <Product>
      <PriceUpdateDate>2020/01/15 17:11</PriceUpdateDate>
      <ItemCode>7290010711123</ItemCode>
      <ItemType>1</ItemType>
      <ItemName>4 כרות פלדה מתכת shiny</ItemName>
      <ManufactureName>מ.א.ייצור ויבוא מטליות בעמ</ManufactureName>
      <ManufactureCountry />
      <ManufactureItemDescription />
      <UnitQty>יח`</UnitQty>
      <Quantity>1</Quantity>
      <UnitMeasure />
      <BisWeighted>0</BisWeighted>
      <QtyInPackage>1</QtyInPackage>
      <ItemPrice>5.90</ItemPrice>
      <UnitOfMeasurePrice>5.90</UnitOfMeasurePrice>
      <AllowDiscount>0</AllowDiscount>
      <itemStatus>1</itemStatus>
      <LastUpdateDate />
      <LastUpdateTime />
    </Product>
    <Product>
      <PriceUpdateDate>2020/01/15 17:11</PriceUpdateDate>
      <ItemCode>7290010711253</ItemCode>
      <ItemType>1</ItemType>
      <ItemName>4 מטליות מיקרו לניקוי כללי shiny</ItemName>
      <ManufactureName>מ.א.ייצור ויבוא מטליות בעמ</ManufactureName>
      <ManufactureCountry />
      <ManufactureItemDescription />
      <UnitQty>יח`</UnitQty>
      <Quantity>1</Quantity>
      <UnitMeasure />
      <BisWeighted>0</BisWeighted>
      <QtyInPackage>1</QtyInPackage>
      <ItemPrice>6.90</ItemPrice>
      <UnitOfMeasurePrice>6.90</UnitOfMeasurePrice>
      <AllowDiscount>0</AllowDiscount>
      <itemStatus>1</itemStatus>
      <LastUpdateDate />
      <LastUpdateTime />
    </Product>
    <Product>
      <PriceUpdateDate>2015/11/30 12:18</PriceUpdateDate>
      <ItemCode>7290010711543</ItemCode>
      <ItemType>1</ItemType>
      <ItemName>כף אשפה עם גומי</ItemName>
      <ManufactureName>מ.א.ייצור ויבוא מטליות בעמ</ManufactureName>
      <ManufactureCountry />
      <ManufactureItemDescription />
      <UnitQty>יח`</UnitQty>
      <Quantity>1</Quantity>
      <UnitMeasure />
      <BisWeighted>0</BisWeighted>
      <QtyInPackage>1</QtyInPackage>
      <ItemPrice>5.90</ItemPrice>
      <UnitOfMeasurePrice>5.90</UnitOfMeasurePrice>
      <AllowDiscount>0</AllowDiscount>
      <itemStatus>1</itemStatus>
      <LastUpdateDate />
      <LastUpdateTime />
    </Product>
    <Product>
      <PriceUpdateDate>2015/12/01 18:43</PriceUpdateDate>
      <ItemCode>7290010711550</ItemCode>
      <ItemType>1</ItemType>
      <ItemName>דלי איטלקי עם פיה יוגב</ItemName>
      <ManufactureName>מ.א.ייצור ויבוא מטליות בעמ</ManufactureName>
      <ManufactureCountry />
      <ManufactureItemDescription />
      <UnitQty>יח`</UnitQty>
      <Quantity>1</Quantity>
      <UnitMeasure />
      <BisWeighted>0</BisWeighted>
      <QtyInPackage>1</QtyInPackage>
      <ItemPrice>11.90</ItemPrice>
      <UnitOfMeasurePrice>11.90</UnitOfMeasurePrice>
      <AllowDiscount>0</AllowDiscount>
      <itemStatus>1</itemStatus>
      <LastUpdateDate />
      <LastUpdateTime />
    </Product>
    <Product>
      <PriceUpdateDate>2015/12/01 18:43</PriceUpdateDate>
      <ItemCode>7290010711673</ItemCode>
      <ItemType>1</ItemType>
      <ItemName>שקיות אוכל מנייר 100 יח`</ItemName>
      <ManufactureName>מ.א.ייצור ויבוא מטליות בעמ</ManufactureName>
      <ManufactureCountry />
      <ManufactureItemDescription />
      <UnitQty>יח`</UnitQty>
      <Quantity>100</Quantity>
      <UnitMeasure>יח`</UnitMeasure>
      <BisWeighted>0</BisWeighted>
      <QtyInPackage>1</QtyInPackage>
      <ItemPrice>11.90</ItemPrice>
      <UnitOfMeasurePrice>0.12</UnitOfMeasurePrice>
      <AllowDiscount>0</AllowDiscount>
      <itemStatus>1</itemStatus>
      <LastUpdateDate />
      <LastUpdateTime />
    </Product>
    <Product>
      <PriceUpdateDate>2015/12/03 09:25</PriceUpdateDate>
      <ItemCode>7290010711864</ItemCode>
      <ItemType>1</ItemType>
      <ItemName>מטאטא משובח+מקל </ItemName>
      <ManufactureName>מ.א.ייצור ויבוא מטליות בעמ</ManufactureName>
      <ManufactureCountry />
      <ManufactureItemDescription />
      <UnitQty>יח`</UnitQty>
      <Quantity>1</Quantity>
      <UnitMeasure />
      <BisWeighted>0</BisWeighted>
      <QtyInPackage>1</QtyInPackage>
      <ItemPrice>31.90</ItemPrice>
      <UnitOfMeasurePrice>31.90</UnitOfMeasurePrice>
      <AllowDiscount>0</AllowDiscount>
      <itemStatus>1</itemStatus>
      <LastUpdateDate />
      <LastUpdateTime />
    </Product>
    <Product>
      <PriceUpdateDate>2016/01/10 08:46</PriceUpdateDate>
      <ItemCode>7290010711901</ItemCode>
      <ItemType>1</ItemType>
      <ItemName>מטליות מיקרו רצפה שלישייה shiny</ItemName>
      <ManufactureName>מ.א.ייצור ויבוא מטליות בעמ</ManufactureName>
      <ManufactureCountry />
      <ManufactureItemDescription />
      <UnitQty>יח`</UnitQty>
      <Quantity>1</Quantity>
      <UnitMeasure />
      <BisWeighted>0</BisWeighted>
      <QtyInPackage>1</QtyInPackage>
      <ItemPrice>19.90</ItemPrice>
      <UnitOfMeasurePrice>19.90</UnitOfMeasurePrice>
      <AllowDiscount>0</AllowDiscount>
      <itemStatus>1</itemStatus>
      <LastUpdateDate />
      <LastUpdateTime />
    </Product>
    <Product>
      <PriceUpdateDate>2020/01/15 17:11</PriceUpdateDate>
      <ItemCode>7290010711918</ItemCode>
      <ItemType>1</ItemType>
      <ItemName>מטליות מיקרו לניקוי כללי מעוצבות shiny</ItemName>
      <ManufactureName>מ.א.ייצור ויבוא מטליות בעמ</ManufactureName>
      <ManufactureCountry />
      <ManufactureItemDescription />
      <UnitQty>יח`</UnitQty>
      <Quantity>1</Quantity>
      <UnitMeasure />
      <BisWeighted>0</BisWeighted>
      <QtyInPackage>1</QtyInPackage>
      <ItemPrice>7.90</ItemPrice>
      <UnitOfMeasurePrice>7.90</UnitOfMeasurePrice>
      <AllowDiscount>0</AllowDiscount>
      <itemStatus>1</itemStatus>
      <LastUpdateDate />
      <LastUpdateTime />
    </Product>
    <Product>
      <PriceUpdateDate>2017/02/06 09:23</PriceUpdateDate>
      <ItemCode>7290010715336</ItemCode>
      <ItemType>1</ItemType>
      <ItemName>להבונים טיפ טופ פאלאס (50)</ItemName>
      <ManufactureName>פאלאס תעשיות נטו (2014) בעמ</ManufactureName>
      <ManufactureCountry />
      <ManufactureItemDescription />
      <UnitQty>יח`</UnitQty>
      <Quantity>50</Quantity>
      <UnitMeasure>יח`</UnitMeasure>
      <BisWeighted>0</BisWeighted>
      <QtyInPackage>1</QtyInPackage>
      <ItemPrice>9.90</ItemPrice>
      <UnitOfMeasurePrice>0.20</UnitOfMeasurePrice>
      <AllowDiscount>1</AllowDiscount>
      <itemStatus>1</itemStatus>
      <LastUpdateDate />
      <LastUpdateTime />
    </Product>
    <Product>
      <PriceUpdateDate>2015/12/01 18:43</PriceUpdateDate>
      <ItemCode>7290010718627</ItemCode>
      <ItemType>1</ItemType>
      <ItemName>פנינה אל סבון 1 ליטר ירוק</ItemName>
      <ManufactureName>פנינה רוזנבלום בעמ</ManufactureName>
      <ManufactureCountry />
      <ManufactureItemDescription />
      <UnitQty>יח`</UnitQty>
      <Quantity>1</Quantity>
      <UnitMeasure>1 ליטר</UnitMeasure>
      <BisWeighted>0</BisWeighted>
      <QtyInPackage>1</QtyInPackage>
      <ItemPrice>10.90</ItemPrice>
      <UnitOfMeasurePrice>10.90</UnitOfMeasurePrice>
      <AllowDiscount>1</AllowDiscount>
      <itemStatus>1</itemStatus>
      <LastUpdateDate />
      <LastUpdateTime />
    </Product>
    <Product>
      <PriceUpdateDate>2015/12/01 18:43</PriceUpdateDate>
      <ItemCode>7290010718634</ItemCode>
      <ItemType>1</ItemType>
      <ItemName>פנינה אל סבון 1 ליטר לבן</ItemName>
      <ManufactureName>פנינה רוזנבלום בעמ</ManufactureName>
      <ManufactureCountry />
      <ManufactureItemDescription />
      <UnitQty>יח`</UnitQty>
      <Quantity>1</Quantity>
      <UnitMeasure>1 ליטר</UnitMeasure>
      <BisWeighted>0</BisWeighted>
      <QtyInPackage>1</QtyInPackage>
      <ItemPrice>10.90</ItemPrice>
      <UnitOfMeasurePrice>10.90</UnitOfMeasurePrice>
      <AllowDiscount>1</AllowDiscount>
      <itemStatus>1</itemStatus>
      <LastUpdateDate />
      <LastUpdateTime />
    </Product>
    <Product>
      <PriceUpdateDate>2017/12/24 08:22</PriceUpdateDate>
      <ItemCode>7290010748884</ItemCode>
      <ItemType>1</ItemType>
      <ItemName>אפקטיב קר קרם גוף 700 מל</ItemName>
      <ManufactureName>פישר תעשיות פרמצבטיות בעמ</ManufactureName>
      <ManufactureCountry />
      <ManufactureItemDescription />
      <UnitQty>יח`</UnitQty>
      <Quantity>700</Quantity>
      <UnitMeasure>מ"ל</UnitMeasure>
      <BisWeighted>0</BisWeighted>
      <QtyInPackage>1</QtyInPackage>
      <ItemPrice>29.90</ItemPrice>
      <UnitOfMeasurePrice>4.27</UnitOfMeasurePrice>
      <AllowDiscount>0</AllowDiscount>
      <itemStatus>1</itemStatus>
      <LastUpdateDate />
      <LastUpdateTime />
    </Product>
    <Product>
      <PriceUpdateDate>2015/03/19 09:15</PriceUpdateDate>
      <ItemCode>7290010760749</ItemCode>
      <ItemType>1</ItemType>
      <ItemName>מארז 6 לחמניות ללא גלוטן</ItemName>
      <ManufactureName>מאפיית אריאל בעמ</ManufactureName>
      <ManufactureCountry />
      <ManufactureItemDescription />
      <UnitQty>יח`</UnitQty>
      <Quantity>1</Quantity>
      <UnitMeasure />
      <BisWeighted>0</BisWeighted>
      <QtyInPackage>1</QtyInPackage>
      <ItemPrice>14.90</ItemPrice>
      <UnitOfMeasurePrice>14.90</UnitOfMeasurePrice>
      <AllowDiscount>0</AllowDiscount>
      <itemStatus>1</itemStatus>
      <LastUpdateDate />
      <LastUpdateTime />
    </Product>
    <Product>
      <PriceUpdateDate>2019/02/24 09:51</PriceUpdateDate>
      <ItemCode>7290010760886</ItemCode>
      <ItemType>1</ItemType>
      <ItemName>בורקס גבינה כשלפ 600 ג</ItemName>
      <ManufactureName>מאפיית אריאל בעמ</ManufactureName>
      <ManufactureCountry />
      <ManufactureItemDescription />
      <UnitQty>יח`</UnitQty>
      <Quantity>600</Quantity>
      <UnitMeasure>גרם</UnitMeasure>
      <BisWeighted>0</BisWeighted>
      <QtyInPackage>1</QtyInPackage>
      <ItemPrice>20.90</ItemPrice>
      <UnitOfMeasurePrice>3.48</UnitOfMeasurePrice>
      <AllowDiscount>0</AllowDiscount>
      <itemStatus>1</itemStatus>
      <LastUpdateDate />
      <LastUpdateTime />
    </Product>
    <Product>
      <PriceUpdateDate>2019/02/24 09:51</PriceUpdateDate>
      <ItemCode>7290010760893</ItemCode>
      <ItemType>1</ItemType>
      <ItemName>בורקס תפוא כשלפ 600 ג</ItemName>
      <ManufactureName>מאפיית אריאל בעמ</ManufactureName>
      <ManufactureCountry />
      <ManufactureItemDescription />
      <UnitQty>יח`</UnitQty>
      <Quantity>600</Quantity>
      <UnitMeasure>גרם</UnitMeasure>
      <BisWeighted>0</BisWeighted>
      <QtyInPackage>1</QtyInPackage>
      <ItemPrice>20.90</ItemPrice>
      <UnitOfMeasurePrice>3.48</UnitOfMeasurePrice>
      <AllowDiscount>0</AllowDiscount>
      <itemStatus>1</itemStatus>
      <LastUpdateDate />
      <LastUpdateTime />
    </Product>
    <Product>
      <PriceUpdateDate>2016/04/14 18:19</PriceUpdateDate>
      <ItemCode>7290010777099</ItemCode>
      <ItemType>1</ItemType>
      <ItemName>פיתות במרקם מיוחד פיתה אקספרס) (8</ItemName>
      <ManufactureName>מגוון שיווק והפצת מאפים בעמ</ManufactureName>
      <ManufactureCountry />
      <ManufactureItemDescription />
      <UnitQty>יח`</UnitQty>
      <Quantity>800</Quantity>
      <UnitMeasure>גרם</UnitMeasure>
      <BisWeighted>0</BisWeighted>
      <QtyInPackage>1</QtyInPackage>
      <ItemPrice>9.90</ItemPrice>
      <UnitOfMeasurePrice>1.24</UnitOfMeasurePrice>
      <AllowDiscount>0</AllowDiscount>
      <itemStatus>1</itemStatus>
      <LastUpdateDate />
      <LastUpdateTime />
    </Product>
    <Product>
      <PriceUpdateDate>2014/05/07 07:57</PriceUpdateDate>
      <ItemCode>7290010777150</ItemCode>
      <ItemType>1</ItemType>
      <ItemName>פיתות בריבוע חיטה מלאה פיתה אקספרס) (8</ItemName>
      <ManufactureName>מגוון שיווק והפצת מאפים בעמ</ManufactureName>
      <ManufactureCountry />
      <ManufactureItemDescription />
      <UnitQty>יח`</UnitQty>
      <Quantity>800</Quantity>
      <UnitMeasure>גרם</UnitMeasure>
      <BisWeighted>0</BisWeighted>
      <QtyInPackage>1</QtyInPackage>
      <ItemPrice>12</ItemPrice>
      <UnitOfMeasurePrice>1.50</UnitOfMeasurePrice>
      <AllowDiscount>0</AllowDiscount>
      <itemStatus>1</itemStatus>
      <LastUpdateDate />
      <LastUpdateTime />
    </Product>
    <Product>
      <PriceUpdateDate>2014/05/07 07:57</PriceUpdateDate>
      <ItemCode>7290010777297</ItemCode>
      <ItemType>1</ItemType>
      <ItemName>פיתות ביס פיתה אקספרס (10  יח`- 600 גרם)</ItemName>
      <ManufactureName>מגוון שיווק והפצת מאפים בעמ</ManufactureName>
      <ManufactureCountry />
      <ManufactureItemDescription />
      <UnitQty>יח`</UnitQty>
      <Quantity>0.01</Quantity>
      <UnitMeasure>1 ליטר</UnitMeasure>
      <BisWeighted>0</BisWeighted>
      <QtyInPackage>1</QtyInPackage>
      <ItemPrice>12</ItemPrice>
      <UnitOfMeasurePrice>1200</UnitOfMeasurePrice>
      <AllowDiscount>0</AllowDiscount>
      <itemStatus>1</itemStatus>
      <LastUpdateDate />
      <LastUpdateTime />
    </Product>
    <Product>
      <PriceUpdateDate>2018/06/05 09:06</PriceUpdateDate>
      <ItemCode>7290010777327</ItemCode>
      <ItemType>1</ItemType>
      <ItemName>מארז פיתה קלה 79 קלוריות</ItemName>
      <ManufactureName>מגוון שיווק והפצת מאפים בעמ</ManufactureName>
      <ManufactureCountry />
      <ManufactureItemDescription />
      <UnitQty>יח`</UnitQty>
      <Quantity>1</Quantity>
      <UnitMeasure />
      <BisWeighted>0</BisWeighted>
      <QtyInPackage>1</QtyInPackage>
      <ItemPrice>12.50</ItemPrice>
      <UnitOfMeasurePrice>12.50</UnitOfMeasurePrice>
      <AllowDiscount>0</AllowDiscount>
      <itemStatus>1</itemStatus>
      <LastUpdateDate />
      <LastUpdateTime />
    </Product>
    <Product>
      <PriceUpdateDate>2016/03/13 07:59</PriceUpdateDate>
      <ItemCode>7290010777358</ItemCode>
      <ItemType>1</ItemType>
      <ItemName>פיתות מכוסמין מלא פיתה אקספרס) (8</ItemName>
      <ManufactureName>מגוון שיווק והפצת מאפים בעמ</ManufactureName>
      <ManufactureCountry />
      <ManufactureItemDescription />
      <UnitQty>יח`</UnitQty>
      <Quantity>1</Quantity>
      <UnitMeasure />
      <BisWeighted>0</BisWeighted>
      <QtyInPackage>1</QtyInPackage>
      <ItemPrice>14.90</ItemPrice>
      <UnitOfMeasurePrice>14.90</UnitOfMeasurePrice>
      <AllowDiscount>0</AllowDiscount>
      <itemStatus>1</itemStatus>
      <LastUpdateDate />
      <LastUpdateTime />
    </Product>
    <Product>
      <PriceUpdateDate>2015/09/09 09:45</PriceUpdateDate>
      <ItemCode>7290010814268</ItemCode>
      <ItemType>1</ItemType>
      <ItemName>אגו טבלאות שוקולד לבן 85 גר` שלישייה</ItemName>
      <ManufactureName>כרמית תעשיות ממתקים בעמ</ManufactureName>
      <ManufactureCountry />
      <ManufactureItemDescription />
      <UnitQty>יח`</UnitQty>
      <Quantity>255</Quantity>
      <UnitMeasure>גרם</UnitMeasure>
      <BisWeighted>0</BisWeighted>
      <QtyInPackage>1</QtyInPackage>
      <ItemPrice>11.90</ItemPrice>
      <UnitOfMeasurePrice>4.67</UnitOfMeasurePrice>
      <AllowDiscount>1</AllowDiscount>
      <itemStatus>1</itemStatus>
      <LastUpdateDate />
      <LastUpdateTime />
    </Product>
    <Product>
      <PriceUpdateDate>2016/02/07 08:28</PriceUpdateDate>
      <ItemCode>7290010814695</ItemCode>
      <ItemType>1</ItemType>
      <ItemName>שוקולד מריר פרווה ללא סוכר 85 גרם</ItemName>
      <ManufactureName>כרמית תעשיות ממתקים בעמ</ManufactureName>
      <ManufactureCountry />
      <ManufactureItemDescription />
      <UnitQty>יח`</UnitQty>
      <Quantity>85</Quantity>
      <UnitMeasure>גרם</UnitMeasure>
      <BisWeighted>0</BisWeighted>
      <QtyInPackage>1</QtyInPackage>
      <ItemPrice>5.90</ItemPrice>
      <UnitOfMeasurePrice>6.94</UnitOfMeasurePrice>
      <AllowDiscount>0</AllowDiscount>
      <itemStatus>1</itemStatus>
      <LastUpdateDate />
      <LastUpdateTime />
    </Product>
    <Product>
      <PriceUpdateDate>2016/02/07 08:28</PriceUpdateDate>
      <ItemCode>7290010814701</ItemCode>
      <ItemType>1</ItemType>
      <ItemName>שוקולד חלבי ללא סוכר 85 גרם</ItemName>
      <ManufactureName>כרמית תעשיות ממתקים בעמ</ManufactureName>
      <ManufactureCountry />
      <ManufactureItemDescription />
      <UnitQty>יח`</UnitQty>
      <Quantity>85</Quantity>
      <UnitMeasure>גרם</UnitMeasure>
      <BisWeighted>0</BisWeighted>
      <QtyInPackage>1</QtyInPackage>
      <ItemPrice>5.90</ItemPrice>
      <UnitOfMeasurePrice>6.94</UnitOfMeasurePrice>
      <AllowDiscount>0</AllowDiscount>
      <itemStatus>1</itemStatus>
      <LastUpdateDate />
      <LastUpdateTime />
    </Product>
    <Product>
      <PriceUpdateDate>2018/01/07 07:32</PriceUpdateDate>
      <ItemCode>7290010883356</ItemCode>
      <ItemType>1</ItemType>
      <ItemName>כפפות אלוורה גדול סנו סושי</ItemName>
      <ManufactureName>החברה הדרומית לשיווק בעמ</ManufactureName>
      <ManufactureCountry />
      <ManufactureItemDescription />
      <UnitQty>יח`</UnitQty>
      <Quantity>1</Quantity>
      <UnitMeasure />
      <BisWeighted>0</BisWeighted>
      <QtyInPackage>1</QtyInPackage>
      <ItemPrice>10.90</ItemPrice>
      <UnitOfMeasurePrice>10.90</UnitOfMeasurePrice>
      <AllowDiscount>0</AllowDiscount>
      <itemStatus>1</itemStatus>
      <LastUpdateDate />
      <LastUpdateTime />
    </Product>
    <Product>
      <PriceUpdateDate>2015/12/01 18:43</PriceUpdateDate>
      <ItemCode>7290010883363</ItemCode>
      <ItemType>1</ItemType>
      <ItemName>כפפות אלוורה קטן סנו סושי</ItemName>
      <ManufactureName>החברה הדרומית לשיווק בעמ</ManufactureName>
      <ManufactureCountry />
      <ManufactureItemDescription />
      <UnitQty>יח`</UnitQty>
      <Quantity>1</Quantity>
      <UnitMeasure />
      <BisWeighted>0</BisWeighted>
      <QtyInPackage>1</QtyInPackage>
      <ItemPrice>12.90</ItemPrice>
      <UnitOfMeasurePrice>12.90</UnitOfMeasurePrice>
      <AllowDiscount>0</AllowDiscount>
      <itemStatus>1</itemStatus>
      <LastUpdateDate />
      <LastUpdateTime />
    </Product>
    <Product>
      <PriceUpdateDate>2019/01/15 15:48</PriceUpdateDate>
      <ItemCode>7290010883370</ItemCode>
      <ItemType>1</ItemType>
      <ItemName>כפפות אלוורה בינוני סנו סושי</ItemName>
      <ManufactureName>החברה הדרומית לשיווק בעמ</ManufactureName>
      <ManufactureCountry />
      <ManufactureItemDescription />
      <UnitQty>יח`</UnitQty>
      <Quantity>1</Quantity>
      <UnitMeasure />
      <BisWeighted>0</BisWeighted>
      <QtyInPackage>1</QtyInPackage>
      <ItemPrice>10.90</ItemPrice>
      <UnitOfMeasurePrice>10.90</UnitOfMeasurePrice>
      <AllowDiscount>0</AllowDiscount>
      <itemStatus>1</itemStatus>
      <LastUpdateDate />
      <LastUpdateTime />
    </Product>
    <Product>
      <PriceUpdateDate>2013/12/22 07:20</PriceUpdateDate>
      <ItemCode>7290010886210</ItemCode>
      <ItemType>1</ItemType>
      <ItemName>זיקוקים צבעוניים</ItemName>
      <ManufactureName>שמחה זה אנחנו בעמ</ManufactureName>
      <ManufactureCountry />
      <ManufactureItemDescription />
      <UnitQty>יח`</UnitQty>
      <Quantity>1</Quantity>
      <UnitMeasure />
      <BisWeighted>0</BisWeighted>
      <QtyInPackage>1</QtyInPackage>
      <ItemPrice>18.90</ItemPrice>
      <UnitOfMeasurePrice>18.90</UnitOfMeasurePrice>
      <AllowDiscount>0</AllowDiscount>
      <itemStatus>1</itemStatus>
      <LastUpdateDate />
      <LastUpdateTime />
    </Product>
    <Product>
      <PriceUpdateDate>2015/12/01 09:30</PriceUpdateDate>
      <ItemCode>7290010931330</ItemCode>
      <ItemType>1</ItemType>
      <ItemName>מטבוחה אחלה (500 גרם)</ItemName>
      <ManufactureName>שטראוס גרופ בעמ/מצונן</ManufactureName>
      <ManufactureCountry />
      <ManufactureItemDescription />
      <UnitQty>יח`</UnitQty>
      <Quantity>500</Quantity>
      <UnitMeasure>גרם</UnitMeasure>
      <BisWeighted>0</BisWeighted>
      <QtyInPackage>1</QtyInPackage>
      <ItemPrice>14.90</ItemPrice>
      <UnitOfMeasurePrice>2.98</UnitOfMeasurePrice>
      <AllowDiscount>0</AllowDiscount>
      <itemStatus>1</itemStatus>
      <LastUpdateDate />
      <LastUpdateTime />
    </Product>
    <Product>
      <PriceUpdateDate>2017/06/04 09:37</PriceUpdateDate>
      <ItemCode>7290010945146</ItemCode>
      <ItemType>1</ItemType>
      <ItemName>קוטג` 3% מועשר 250 גר`</ItemName>
      <ManufactureName>החב` המרכזית - טרה</ManufactureName>
      <ManufactureCountry />
      <ManufactureItemDescription />
      <UnitQty>יח`</UnitQty>
      <Quantity>250</Quantity>
      <UnitMeasure>גרם</UnitMeasure>
      <BisWeighted>0</BisWeighted>
      <QtyInPackage>1</QtyInPackage>
      <ItemPrice>5.30</ItemPrice>
      <UnitOfMeasurePrice>2.12</UnitOfMeasurePrice>
      <AllowDiscount>0</AllowDiscount>
      <itemStatus>1</itemStatus>
      <LastUpdateDate />
      <LastUpdateTime />
    </Product>
    <Product>
      <PriceUpdateDate>2019/06/16 10:51</PriceUpdateDate>
      <ItemCode>7290010945450</ItemCode>
      <ItemType>1</ItemType>
      <ItemName>גבינה לבנה 3% 250 גר` פיקוח</ItemName>
      <ManufactureName>החב` המרכזית - טרה</ManufactureName>
      <ManufactureCountry />
      <ManufactureItemDescription />
      <UnitQty>יח`</UnitQty>
      <Quantity>250</Quantity>
      <UnitMeasure>גרם</UnitMeasure>
      <BisWeighted>0</BisWeighted>
      <QtyInPackage>1</QtyInPackage>
      <ItemPrice>4.75</ItemPrice>
      <UnitOfMeasurePrice>1.90</UnitOfMeasurePrice>
      <AllowDiscount>1</AllowDiscount>
      <itemStatus>1</itemStatus>
      <LastUpdateDate />
      <LastUpdateTime />
    </Product>
    <Product>
      <PriceUpdateDate>2019/06/16 10:51</PriceUpdateDate>
      <ItemCode>7290010945481</ItemCode>
      <ItemType>1</ItemType>
      <ItemName>גבינה לבנה 5% 500  גר`פיקוח</ItemName>
      <ManufactureName>החב` המרכזית - טרה</ManufactureName>
      <ManufactureCountry />
      <ManufactureItemDescription />
      <UnitQty>יח`</UnitQty>
      <Quantity>500</Quantity>
      <UnitMeasure>גרם</UnitMeasure>
      <BisWeighted>0</BisWeighted>
      <QtyInPackage>1</QtyInPackage>
      <ItemPrice>9.50</ItemPrice>
      <UnitOfMeasurePrice>1.90</UnitOfMeasurePrice>
      <AllowDiscount>0</AllowDiscount>
      <itemStatus>1</itemStatus>
      <LastUpdateDate />
      <LastUpdateTime />
    </Product>
    <Product>
      <PriceUpdateDate>2018/11/11 08:17</PriceUpdateDate>
      <ItemCode>7290011015862</ItemCode>
      <ItemType>1</ItemType>
      <ItemName>סירופ דיאט לימונענע פריגת (750 מל)</ItemName>
      <ManufactureName>החברה המרכזית להפצת משקאות בעמ</ManufactureName>
      <ManufactureCountry />
      <ManufactureItemDescription />
      <UnitQty>יח`</UnitQty>
      <Quantity>750</Quantity>
      <UnitMeasure>מ"ל</UnitMeasure>
      <BisWeighted>0</BisWeighted>
      <QtyInPackage>1</QtyInPackage>
      <ItemPrice>17.90</ItemPrice>
      <UnitOfMeasurePrice>2.39</UnitOfMeasurePrice>
      <AllowDiscount>0</AllowDiscount>
      <itemStatus>1</itemStatus>
      <LastUpdateDate />
      <LastUpdateTime />
    </Product>
    <Product>
      <PriceUpdateDate>2014/04/06 13:53</PriceUpdateDate>
      <ItemCode>7290011017866</ItemCode>
      <ItemType>1</ItemType>
      <ItemName>פחית קולה סליק קוקה-קולה (330 מל)</ItemName>
      <ManufactureName>החברה המרכזית להפצת משקאות בעמ</ManufactureName>
      <ManufactureCountry />
      <ManufactureItemDescription />
      <UnitQty>יח`</UnitQty>
      <Quantity>330</Quantity>
      <UnitMeasure>מ"ל</UnitMeasure>
      <BisWeighted>0</BisWeighted>
      <QtyInPackage>1</QtyInPackage>
      <ItemPrice>4.50</ItemPrice>
      <UnitOfMeasurePrice>1.27</UnitOfMeasurePrice>
      <AllowDiscount>1</AllowDiscount>
      <itemStatus>1</itemStatus>
      <LastUpdateDate />
      <LastUpdateTime />
    </Product>
    <Product>
      <PriceUpdateDate>2014/04/06 13:53</PriceUpdateDate>
      <ItemCode>7290011017873</ItemCode>
      <ItemType>1</ItemType>
      <ItemName>פחית זירו סליק קוקה-קולה (330 מל)</ItemName>
      <ManufactureName>החברה המרכזית להפצת משקאות בעמ</ManufactureName>
      <ManufactureCountry />
      <ManufactureItemDescription />
      <UnitQty>יח`</UnitQty>
      <Quantity>330</Quantity>
      <UnitMeasure>מ"ל</UnitMeasure>
      <BisWeighted>0</BisWeighted>
      <QtyInPackage>1</QtyInPackage>
      <ItemPrice>4.50</ItemPrice>
      <UnitOfMeasurePrice>1.27</UnitOfMeasurePrice>
      <AllowDiscount>1</AllowDiscount>
      <itemStatus>1</itemStatus>
      <LastUpdateDate />
      <LastUpdateTime />
    </Product>
    <Product>
      <PriceUpdateDate>2018/11/11 08:17</PriceUpdateDate>
      <ItemCode>7290011018252</ItemCode>
      <ItemType>1</ItemType>
      <ItemName>תה קר בטעם מנגו אננס פיוז-טי (1.5 ליטר)</ItemName>
      <ManufactureName>החברה המרכזית להפצת משקאות בעמ</ManufactureName>
      <ManufactureCountry />
      <ManufactureItemDescription />
      <UnitQty>יח`</UnitQty>
      <Quantity>1.50</Quantity>
      <UnitMeasure>1 ליטר</UnitMeasure>
      <BisWeighted>0</BisWeighted>
      <QtyInPackage>1</QtyInPackage>
      <ItemPrice>7.20</ItemPrice>
      <UnitOfMeasurePrice>4.80</UnitOfMeasurePrice>
      <AllowDiscount>0</AllowDiscount>
      <itemStatus>1</itemStatus>
      <LastUpdateDate />
      <LastUpdateTime />
    </Product>
    <Product>
      <PriceUpdateDate>2018/11/11 08:17</PriceUpdateDate>
      <ItemCode>7290011018283</ItemCode>
      <ItemType>1</ItemType>
      <ItemName>תה קר בטעם אפרסק פיוז-טי (1.5 ליטר)</ItemName>
      <ManufactureName>החברה המרכזית להפצת משקאות בעמ</ManufactureName>
      <ManufactureCountry />
      <ManufactureItemDescription />
      <UnitQty>יח`</UnitQty>
      <Quantity>1500</Quantity>
      <UnitMeasure>מ"ל</UnitMeasure>
      <BisWeighted>0</BisWeighted>
      <QtyInPackage>1</QtyInPackage>
      <ItemPrice>7.20</ItemPrice>
      <UnitOfMeasurePrice>0.48</UnitOfMeasurePrice>
      <AllowDiscount>0</AllowDiscount>
      <itemStatus>1</itemStatus>
      <LastUpdateDate />
      <LastUpdateTime />
    </Product>
    <Product>
      <PriceUpdateDate>2018/11/11 08:17</PriceUpdateDate>
      <ItemCode>7290011018306</ItemCode>
      <ItemType>1</ItemType>
      <ItemName>תה קר דיאט בטעם אפרסק פיוז-טי (1.5 ליטר)</ItemName>
      <ManufactureName>החברה המרכזית להפצת משקאות בעמ</ManufactureName>
      <ManufactureCountry />
      <ManufactureItemDescription />
      <UnitQty>יח`</UnitQty>
      <Quantity>1500</Quantity>
      <UnitMeasure>מ"ל</UnitMeasure>
      <BisWeighted>0</BisWeighted>
      <QtyInPackage>1</QtyInPackage>
      <ItemPrice>7.20</ItemPrice>
      <UnitOfMeasurePrice>0.48</UnitOfMeasurePrice>
      <AllowDiscount>0</AllowDiscount>
      <itemStatus>1</itemStatus>
      <LastUpdateDate />
      <LastUpdateTime />
    </Product>
    <Product>
      <PriceUpdateDate>2014/04/06 13:53</PriceUpdateDate>
      <ItemCode>7290011018443</ItemCode>
      <ItemType>1</ItemType>
      <ItemName>משקה מוגז אורנג` פאנטה (330 מל)</ItemName>
      <ManufactureName>החברה המרכזית להפצת משקאות בעמ</ManufactureName>
      <ManufactureCountry />
      <ManufactureItemDescription />
      <UnitQty>יח`</UnitQty>
      <Quantity>330</Quantity>
      <UnitMeasure>מ"ל</UnitMeasure>
      <BisWeighted>0</BisWeighted>
      <QtyInPackage>1</QtyInPackage>
      <ItemPrice>4.50</ItemPrice>
      <UnitOfMeasurePrice>1.27</UnitOfMeasurePrice>
      <AllowDiscount>1</AllowDiscount>
      <itemStatus>1</itemStatus>
      <LastUpdateDate />
      <LastUpdateTime />
    </Product>
    <Product>
      <PriceUpdateDate>2018/11/11 08:17</PriceUpdateDate>
      <ItemCode>7290011018580</ItemCode>
      <ItemType>1</ItemType>
      <ItemName>תה קר בטעם ענבים פיוז-טי (1.5 ליטר)</ItemName>
      <ManufactureName>החברה המרכזית להפצת משקאות בעמ</ManufactureName>
      <ManufactureCountry />
      <ManufactureItemDescription />
      <UnitQty>יח`</UnitQty>
      <Quantity>1.50</Quantity>
      <UnitMeasure>1 ליטר</UnitMeasure>
      <BisWeighted>0</BisWeighted>
      <QtyInPackage>1</QtyInPackage>
      <ItemPrice>7.20</ItemPrice>
      <UnitOfMeasurePrice>4.80</UnitOfMeasurePrice>
      <AllowDiscount>0</AllowDiscount>
      <itemStatus>1</itemStatus>
      <LastUpdateDate />
      <LastUpdateTime />
    </Product>
    <Product>
      <PriceUpdateDate>2017/12/26 14:45</PriceUpdateDate>
      <ItemCode>7290011026066</ItemCode>
      <ItemType>1</ItemType>
      <ItemName>סרקל שמפו+מרכך 1 ליטר</ItemName>
      <ManufactureName>פישר תעשיות פרמצבטיות בעמ</ManufactureName>
      <ManufactureCountry />
      <ManufactureItemDescription />
      <UnitQty>יח`</UnitQty>
      <Quantity>1000</Quantity>
      <UnitMeasure>מ"ל</UnitMeasure>
      <BisWeighted>0</BisWeighted>
      <QtyInPackage>1</QtyInPackage>
      <ItemPrice>27.90</ItemPrice>
      <UnitOfMeasurePrice>2.79</UnitOfMeasurePrice>
      <AllowDiscount>0</AllowDiscount>
      <itemStatus>1</itemStatus>
      <LastUpdateDate />
      <LastUpdateTime />
    </Product>
    <Product>
      <PriceUpdateDate>2015/04/29 11:25</PriceUpdateDate>
      <ItemCode>7290011026523</ItemCode>
      <ItemType>1</ItemType>
      <ItemName>קמיל בלו סנסיטיב 500 מל</ItemName>
      <ManufactureName>פישר תעשיות פרמצבטיות בעמ</ManufactureName>
      <ManufactureCountry />
      <ManufactureItemDescription />
      <UnitQty>יח`</UnitQty>
      <Quantity>500</Quantity>
      <UnitMeasure>מ"ל</UnitMeasure>
      <BisWeighted>0</BisWeighted>
      <QtyInPackage>1</QtyInPackage>
      <ItemPrice>20.90</ItemPrice>
      <UnitOfMeasurePrice>4.18</UnitOfMeasurePrice>
      <AllowDiscount>0</AllowDiscount>
      <itemStatus>1</itemStatus>
      <LastUpdateDate />
      <LastUpdateTime />
    </Product>
    <Product>
      <PriceUpdateDate>2015/09/11 12:19</PriceUpdateDate>
      <ItemCode>7290011051136</ItemCode>
      <ItemType>1</ItemType>
      <ItemName>מארז 4יח שוופס סודה 1.5 ליטר רביעייה.</ItemName>
      <ManufactureName>יפאורה</ManufactureName>
      <ManufactureCountry />
      <ManufactureItemDescription />
      <UnitQty>יח`</UnitQty>
      <Quantity>6</Quantity>
      <UnitMeasure>1 ליטר</UnitMeasure>
      <BisWeighted>0</BisWeighted>
      <QtyInPackage>1</QtyInPackage>
      <ItemPrice>11</ItemPrice>
      <UnitOfMeasurePrice>1.83</UnitOfMeasurePrice>
      <AllowDiscount>0</AllowDiscount>
      <itemStatus>1</itemStatus>
      <LastUpdateDate />
      <LastUpdateTime />
    </Product>
    <Product>
      <PriceUpdateDate>2013/10/28 11:38</PriceUpdateDate>
      <ItemCode>7290011051327</ItemCode>
      <ItemType>1</ItemType>
      <ItemName>קריסטל 2 ליטר אשכוליות מוגז</ItemName>
      <ManufactureName>יפאורה</ManufactureName>
      <ManufactureCountry />
      <ManufactureItemDescription />
      <UnitQty>יח`</UnitQty>
      <Quantity>2</Quantity>
      <UnitMeasure>1 ליטר</UnitMeasure>
      <BisWeighted>0</BisWeighted>
      <QtyInPackage>1</QtyInPackage>
      <ItemPrice>3.80</ItemPrice>
      <UnitOfMeasurePrice>1.90</UnitOfMeasurePrice>
      <AllowDiscount>0</AllowDiscount>
      <itemStatus>1</itemStatus>
      <LastUpdateDate />
      <LastUpdateTime />
    </Product>
    <Product>
      <PriceUpdateDate>2013/10/28 11:38</PriceUpdateDate>
      <ItemCode>7290011051365</ItemCode>
      <ItemType>1</ItemType>
      <ItemName>מי סודה בטעם לימון שוופס (1.5x4 ליטר)</ItemName>
      <ManufactureName>יפאורה</ManufactureName>
      <ManufactureCountry />
      <ManufactureItemDescription />
      <UnitQty>יח`</UnitQty>
      <Quantity>6</Quantity>
      <UnitMeasure>1 ליטר</UnitMeasure>
      <BisWeighted>0</BisWeighted>
      <QtyInPackage>1</QtyInPackage>
      <ItemPrice>11</ItemPrice>
      <UnitOfMeasurePrice>1.83</UnitOfMeasurePrice>
      <AllowDiscount>0</AllowDiscount>
      <itemStatus>1</itemStatus>
      <LastUpdateDate />
      <LastUpdateTime />
    </Product>
    <Product>
      <PriceUpdateDate>2019/01/14 08:23</PriceUpdateDate>
      <ItemCode>7290011051372</ItemCode>
      <ItemType>1</ItemType>
      <ItemName>שוופס מוגז עדין 1.5 ליטר תפוח ליים</ItemName>
      <ManufactureName>יפאורה</ManufactureName>
      <ManufactureCountry />
      <ManufactureItemDescription />
      <UnitQty>יח`</UnitQty>
      <Quantity>1500</Quantity>
      <UnitMeasure>מ"ל</UnitMeasure>
      <BisWeighted>0</BisWeighted>
      <QtyInPackage>1</QtyInPackage>
      <ItemPrice>6.90</ItemPrice>
      <UnitOfMeasurePrice>0.46</UnitOfMeasurePrice>
      <AllowDiscount>1</AllowDiscount>
      <itemStatus>1</itemStatus>
      <LastUpdateDate />
      <LastUpdateTime />
    </Product>
    <Product>
      <PriceUpdateDate>2019/01/14 08:23</PriceUpdateDate>
      <ItemCode>7290011051389</ItemCode>
      <ItemType>1</ItemType>
      <ItemName>שוופס מוגז עדין 1.5 ליטר פירות יער</ItemName>
      <ManufactureName>יפאורה</ManufactureName>
      <ManufactureCountry />
      <ManufactureItemDescription />
      <UnitQty>יח`</UnitQty>
      <Quantity>1500</Quantity>
      <UnitMeasure>מ"ל</UnitMeasure>
      <BisWeighted>0</BisWeighted>
      <QtyInPackage>1</QtyInPackage>
      <ItemPrice>6.90</ItemPrice>
      <UnitOfMeasurePrice>0.46</UnitOfMeasurePrice>
      <AllowDiscount>1</AllowDiscount>
      <itemStatus>1</itemStatus>
      <LastUpdateDate />
      <LastUpdateTime />
    </Product>
    <Product>
      <PriceUpdateDate>2019/01/14 08:23</PriceUpdateDate>
      <ItemCode>7290011051396</ItemCode>
      <ItemType>1</ItemType>
      <ItemName>משקה מוגז עדין אפרסק שוופס (1.5 ליטר)</ItemName>
      <ManufactureName>יפאורה</ManufactureName>
      <ManufactureCountry />
      <ManufactureItemDescription />
      <UnitQty>יח`</UnitQty>
      <Quantity>1500</Quantity>
      <UnitMeasure>מ"ל</UnitMeasure>
      <BisWeighted>0</BisWeighted>
      <QtyInPackage>1</QtyInPackage>
      <ItemPrice>6.90</ItemPrice>
      <UnitOfMeasurePrice>0.46</UnitOfMeasurePrice>
      <AllowDiscount>1</AllowDiscount>
      <itemStatus>1</itemStatus>
      <LastUpdateDate />
      <LastUpdateTime />
    </Product>
    <Product>
      <PriceUpdateDate>2019/01/13 11:17</PriceUpdateDate>
      <ItemCode>7290011051488</ItemCode>
      <ItemType>1</ItemType>
      <ItemName>תה קר אפרסק ספרינג (1.5 ליטר)</ItemName>
      <ManufactureName>יפאורה</ManufactureName>
      <ManufactureCountry />
      <ManufactureItemDescription />
      <UnitQty>יח`</UnitQty>
      <Quantity>1.50</Quantity>
      <UnitMeasure>1 ליטר</UnitMeasure>
      <BisWeighted>0</BisWeighted>
      <QtyInPackage>1</QtyInPackage>
      <ItemPrice>6.40</ItemPrice>
      <UnitOfMeasurePrice>4.27</UnitOfMeasurePrice>
      <AllowDiscount>1</AllowDiscount>
      <itemStatus>1</itemStatus>
      <LastUpdateDate />
      <LastUpdateTime />
    </Product>
    <Product>
      <PriceUpdateDate>2019/01/13 11:17</PriceUpdateDate>
      <ItemCode>7290011051495</ItemCode>
      <ItemType>1</ItemType>
      <ItemName>תה ירוק לימון לואיזה ספרינג (1.5 ליטר)</ItemName>
      <ManufactureName>יפאורה</ManufactureName>
      <ManufactureCountry />
      <ManufactureItemDescription />
      <UnitQty>יח`</UnitQty>
      <Quantity>1.50</Quantity>
      <UnitMeasure>1 ליטר</UnitMeasure>
      <BisWeighted>0</BisWeighted>
      <QtyInPackage>1</QtyInPackage>
      <ItemPrice>6.40</ItemPrice>
      <UnitOfMeasurePrice>4.27</UnitOfMeasurePrice>
      <AllowDiscount>1</AllowDiscount>
      <itemStatus>1</itemStatus>
      <LastUpdateDate />
      <LastUpdateTime />
    </Product>
    <Product>
      <PriceUpdateDate>2019/01/14 08:23</PriceUpdateDate>
      <ItemCode>7290011051655</ItemCode>
      <ItemType>1</ItemType>
      <ItemName>שוופס מוגז עדין 1.5 ליטר ענבים ריזלינג</ItemName>
      <ManufactureName>יפאורה</ManufactureName>
      <ManufactureCountry />
      <ManufactureItemDescription />
      <UnitQty>יח`</UnitQty>
      <Quantity>1500</Quantity>
      <UnitMeasure>מ"ל</UnitMeasure>
      <BisWeighted>0</BisWeighted>
      <QtyInPackage>1</QtyInPackage>
      <ItemPrice>6.90</ItemPrice>
      <UnitOfMeasurePrice>0.46</UnitOfMeasurePrice>
      <AllowDiscount>1</AllowDiscount>
      <itemStatus>1</itemStatus>
      <LastUpdateDate />
      <LastUpdateTime />
    </Product>
    <Product>
      <PriceUpdateDate>2019/03/24 10:34</PriceUpdateDate>
      <ItemCode>7290011051938</ItemCode>
      <ItemType>1</ItemType>
      <ItemName>משקה קל תפוחים תפוזינה (1.5 ליטר)</ItemName>
      <ManufactureName>יפאורה</ManufactureName>
      <ManufactureCountry />
      <ManufactureItemDescription />
      <UnitQty>יח`</UnitQty>
      <Quantity>1500</Quantity>
      <UnitMeasure>מ"ל</UnitMeasure>
      <BisWeighted>0</BisWeighted>
      <QtyInPackage>1</QtyInPackage>
      <ItemPrice>6.50</ItemPrice>
      <UnitOfMeasurePrice>0.43</UnitOfMeasurePrice>
      <AllowDiscount>1</AllowDiscount>
      <itemStatus>1</itemStatus>
      <LastUpdateDate />
      <LastUpdateTime />
    </Product>
    <Product>
      <PriceUpdateDate>2016/04/20 08:34</PriceUpdateDate>
      <ItemCode>7290011064020</ItemCode>
      <ItemType>1</ItemType>
      <ItemName>בולגרית בעיר מעדן גבינה למריחה 200 גרם</ItemName>
      <ManufactureName>הגבינות של ניצן</ManufactureName>
      <ManufactureCountry />
      <ManufactureItemDescription />
      <UnitQty>יח`</UnitQty>
      <Quantity>200</Quantity>
      <UnitMeasure>גרם</UnitMeasure>
      <BisWeighted>0</BisWeighted>
      <QtyInPackage>1</QtyInPackage>
      <ItemPrice>13.90</ItemPrice>
      <UnitOfMeasurePrice>6.95</UnitOfMeasurePrice>
      <AllowDiscount>0</AllowDiscount>
      <itemStatus>1</itemStatus>
      <LastUpdateDate />
      <LastUpdateTime />
    </Product>
    <Product>
      <PriceUpdateDate>2016/04/20 08:34</PriceUpdateDate>
      <ItemCode>7290011064075</ItemCode>
      <ItemType>1</ItemType>
      <ItemName>לאבנה אבו גוש 200 גר</ItemName>
      <ManufactureName>הגבינות של ניצן</ManufactureName>
      <ManufactureCountry />
      <ManufactureItemDescription />
      <UnitQty>יח`</UnitQty>
      <Quantity>200</Quantity>
      <UnitMeasure>גרם</UnitMeasure>
      <BisWeighted>0</BisWeighted>
      <QtyInPackage>1</QtyInPackage>
      <ItemPrice>13.90</ItemPrice>
      <UnitOfMeasurePrice>6.95</UnitOfMeasurePrice>
      <AllowDiscount>0</AllowDiscount>
      <itemStatus>1</itemStatus>
      <LastUpdateDate />
      <LastUpdateTime />
    </Product>
    <Product>
      <PriceUpdateDate>2014/05/21 07:42</PriceUpdateDate>
      <ItemCode>7290011064099</ItemCode>
      <ItemType>1</ItemType>
      <ItemName>פלפלוני שרי ממולא בגבינה 125 גר</ItemName>
      <ManufactureName>הגבינות של ניצן</ManufactureName>
      <ManufactureCountry />
      <ManufactureItemDescription />
      <UnitQty>יח`</UnitQty>
      <Quantity>125</Quantity>
      <UnitMeasure>גרם</UnitMeasure>
      <BisWeighted>0</BisWeighted>
      <QtyInPackage>1</QtyInPackage>
      <ItemPrice>19.90</ItemPrice>
      <UnitOfMeasurePrice>15.92</UnitOfMeasurePrice>
      <AllowDiscount>0</AllowDiscount>
      <itemStatus>1</itemStatus>
      <LastUpdateDate />
      <LastUpdateTime />
    </Product>
    <Product>
      <PriceUpdateDate>2018/04/16 14:14</PriceUpdateDate>
      <ItemCode>7290011064327</ItemCode>
      <ItemType>1</ItemType>
      <ItemName>מעדן פתיתי בולגרית פסטו 200 גר`</ItemName>
      <ManufactureName>הגבינות של ניצן</ManufactureName>
      <ManufactureCountry />
      <ManufactureItemDescription />
      <UnitQty>יח`</UnitQty>
      <Quantity>200</Quantity>
      <UnitMeasure>גרם</UnitMeasure>
      <BisWeighted>0</BisWeighted>
      <QtyInPackage>1</QtyInPackage>
      <ItemPrice>16.90</ItemPrice>
      <UnitOfMeasurePrice>8.45</UnitOfMeasurePrice>
      <AllowDiscount>0</AllowDiscount>
      <itemStatus>1</itemStatus>
      <LastUpdateDate />
      <LastUpdateTime />
    </Product>
    <Product>
      <PriceUpdateDate>2019/07/17 08:05</PriceUpdateDate>
      <ItemCode>7290011074173</ItemCode>
      <ItemType>1</ItemType>
      <ItemName>וניש מגבונים להסרת כתמים</ItemName>
      <ManufactureName>רקיט בנקיזר (ניר איסט) בעמ</ManufactureName>
      <ManufactureCountry />
      <ManufactureItemDescription />
      <UnitQty>יח`</UnitQty>
      <Quantity>200</Quantity>
      <UnitMeasure>מ"ל</UnitMeasure>
      <BisWeighted>0</BisWeighted>
      <QtyInPackage>1</QtyInPackage>
      <ItemPrice>14.90</ItemPrice>
      <UnitOfMeasurePrice>7.45</UnitOfMeasurePrice>
      <AllowDiscount>0</AllowDiscount>
      <itemStatus>1</itemStatus>
      <LastUpdateDate />
      <LastUpdateTime />
    </Product>
    <Product>
      <PriceUpdateDate>2015/06/29 08:29</PriceUpdateDate>
      <ItemCode>7290011081492</ItemCode>
      <ItemType>1</ItemType>
      <ItemName>שטראוס קרמיסימו בטעמי 3 שוקלד</ItemName>
      <ManufactureName>גלידות שטראוס בעמ</ManufactureName>
      <ManufactureCountry />
      <ManufactureItemDescription />
      <UnitQty>יח`</UnitQty>
      <Quantity>1.33</Quantity>
      <UnitMeasure>1 ליטר</UnitMeasure>
      <BisWeighted>0</BisWeighted>
      <QtyInPackage>1</QtyInPackage>
      <ItemPrice>18.90</ItemPrice>
      <UnitOfMeasurePrice>14.21</UnitOfMeasurePrice>
      <AllowDiscount>1</AllowDiscount>
      <itemStatus>1</itemStatus>
      <LastUpdateDate />
      <LastUpdateTime />
    </Product>
    <Product>
      <PriceUpdateDate>2015/06/29 08:29</PriceUpdateDate>
      <ItemCode>7290011081690</ItemCode>
      <ItemType>1</ItemType>
      <ItemName>שטראוס קרמיסימו</ItemName>
      <ManufactureName>גלידות שטראוס בעמ</ManufactureName>
      <ManufactureCountry />
      <ManufactureItemDescription />
      <UnitQty>יח`</UnitQty>
      <Quantity>1.33</Quantity>
      <UnitMeasure>1 ליטר</UnitMeasure>
      <BisWeighted>0</BisWeighted>
      <QtyInPackage>1</QtyInPackage>
      <ItemPrice>18.90</ItemPrice>
      <UnitOfMeasurePrice>14.21</UnitOfMeasurePrice>
      <AllowDiscount>1</AllowDiscount>
      <itemStatus>1</itemStatus>
      <LastUpdateDate />
      <LastUpdateTime />
    </Product>
    <Product>
      <PriceUpdateDate>2013/12/15 07:03</PriceUpdateDate>
      <ItemCode>7290011103088</ItemCode>
      <ItemType>1</ItemType>
      <ItemName>זיקוקים 6 יח בשקית 15 סמ</ItemName>
      <ManufactureName>שמחה זה אנחנו בעמ</ManufactureName>
      <ManufactureCountry />
      <ManufactureItemDescription />
      <UnitQty>יח`</UnitQty>
      <Quantity>1</Quantity>
      <UnitMeasure />
      <BisWeighted>0</BisWeighted>
      <QtyInPackage>1</QtyInPackage>
      <ItemPrice>14.90</ItemPrice>
      <UnitOfMeasurePrice>14.90</UnitOfMeasurePrice>
      <AllowDiscount>0</AllowDiscount>
      <itemStatus>1</itemStatus>
      <LastUpdateDate />
      <LastUpdateTime />
    </Product>
    <Product>
      <PriceUpdateDate>2018/01/07 07:32</PriceUpdateDate>
      <ItemCode>7290011115203</ItemCode>
      <ItemType>1</ItemType>
      <ItemName>סבון מוצק נקה 7 רביעייה</ItemName>
      <ManufactureName>החברה הדרומית לשיווק בעמ</ManufactureName>
      <ManufactureCountry />
      <ManufactureItemDescription />
      <UnitQty>יח`</UnitQty>
      <Quantity>400</Quantity>
      <UnitMeasure>גרם</UnitMeasure>
      <BisWeighted>0</BisWeighted>
      <QtyInPackage>1</QtyInPackage>
      <ItemPrice>11.90</ItemPrice>
      <UnitOfMeasurePrice>2.98</UnitOfMeasurePrice>
      <AllowDiscount>1</AllowDiscount>
      <itemStatus>1</itemStatus>
      <LastUpdateDate />
      <LastUpdateTime />
    </Product>
    <Product>
      <PriceUpdateDate>2018/01/07 07:32</PriceUpdateDate>
      <ItemCode>7290011115258</ItemCode>
      <ItemType>1</ItemType>
      <ItemName>סבון מוצק נקה 7 רביעייה</ItemName>
      <ManufactureName>החברה הדרומית לשיווק בעמ</ManufactureName>
      <ManufactureCountry />
      <ManufactureItemDescription />
      <UnitQty>יח`</UnitQty>
      <Quantity>400</Quantity>
      <UnitMeasure>גרם</UnitMeasure>
      <BisWeighted>0</BisWeighted>
      <QtyInPackage>1</QtyInPackage>
      <ItemPrice>11.90</ItemPrice>
      <UnitOfMeasurePrice>2.98</UnitOfMeasurePrice>
      <AllowDiscount>1</AllowDiscount>
      <itemStatus>1</itemStatus>
      <LastUpdateDate />
      <LastUpdateTime />
    </Product>
    <Product>
      <PriceUpdateDate>2018/01/07 07:32</PriceUpdateDate>
      <ItemCode>7290011115272</ItemCode>
      <ItemType>1</ItemType>
      <ItemName>סבון מוצק לחות נקה 7 רביעייה</ItemName>
      <ManufactureName>החברה הדרומית לשיווק בעמ</ManufactureName>
      <ManufactureCountry />
      <ManufactureItemDescription />
      <UnitQty>יח`</UnitQty>
      <Quantity>400</Quantity>
      <UnitMeasure>גרם</UnitMeasure>
      <BisWeighted>0</BisWeighted>
      <QtyInPackage>1</QtyInPackage>
      <ItemPrice>11.90</ItemPrice>
      <UnitOfMeasurePrice>2.98</UnitOfMeasurePrice>
      <AllowDiscount>1</AllowDiscount>
      <itemStatus>1</itemStatus>
      <LastUpdateDate />
      <LastUpdateTime />
    </Product>
    <Product>
      <PriceUpdateDate>2018/01/07 07:32</PriceUpdateDate>
      <ItemCode>7290011115289</ItemCode>
      <ItemType>1</ItemType>
      <ItemName>סבון מוצק נקה 7 רביעייה</ItemName>
      <ManufactureName>החברה הדרומית לשיווק בעמ</ManufactureName>
      <ManufactureCountry />
      <ManufactureItemDescription />
      <UnitQty>יח`</UnitQty>
      <Quantity>400</Quantity>
      <UnitMeasure>גרם</UnitMeasure>
      <BisWeighted>0</BisWeighted>
      <QtyInPackage>1</QtyInPackage>
      <ItemPrice>11.90</ItemPrice>
      <UnitOfMeasurePrice>2.98</UnitOfMeasurePrice>
      <AllowDiscount>1</AllowDiscount>
      <itemStatus>1</itemStatus>
      <LastUpdateDate />
      <LastUpdateTime />
    </Product>
    <Product>
      <PriceUpdateDate>2018/01/07 07:32</PriceUpdateDate>
      <ItemCode>7290011115296</ItemCode>
      <ItemType>1</ItemType>
      <ItemName>סבון מוצק לחות נקה 7 רביעייה</ItemName>
      <ManufactureName>החברה הדרומית לשיווק בעמ</ManufactureName>
      <ManufactureCountry />
      <ManufactureItemDescription />
      <UnitQty>יח`</UnitQty>
      <Quantity>400</Quantity>
      <UnitMeasure>גרם</UnitMeasure>
      <BisWeighted>0</BisWeighted>
      <QtyInPackage>1</QtyInPackage>
      <ItemPrice>11.90</ItemPrice>
      <UnitOfMeasurePrice>2.98</UnitOfMeasurePrice>
      <AllowDiscount>1</AllowDiscount>
      <itemStatus>1</itemStatus>
      <LastUpdateDate />
      <LastUpdateTime />
    </Product>
    <Product>
      <PriceUpdateDate>2015/09/09 09:44</PriceUpdateDate>
      <ItemCode>7290011126216</ItemCode>
      <ItemType>1</ItemType>
      <ItemName>תה רויבוש קלאסי ויסוצקי) (25</ItemName>
      <ManufactureName>תה ויסוצקי (ישראל) בעמ</ManufactureName>
      <ManufactureCountry />
      <ManufactureItemDescription />
      <UnitQty>יח`</UnitQty>
      <Quantity>50</Quantity>
      <UnitMeasure>גרם</UnitMeasure>
      <BisWeighted>0</BisWeighted>
      <QtyInPackage>1</QtyInPackage>
      <ItemPrice>25.90</ItemPrice>
      <UnitOfMeasurePrice>51.80</UnitOfMeasurePrice>
      <AllowDiscount>0</AllowDiscount>
      <itemStatus>1</itemStatus>
      <LastUpdateDate />
      <LastUpdateTime />
    </Product>
    <Product>
      <PriceUpdateDate>2018/10/11 09:22</PriceUpdateDate>
      <ItemCode>7290011126452</ItemCode>
      <ItemType>1</ItemType>
      <ItemName>תה קמומיל ונענע ויסוצקי הגן הקסום) (25</ItemName>
      <ManufactureName>תה ויסוצקי (ישראל) בעמ</ManufactureName>
      <ManufactureCountry />
      <ManufactureItemDescription />
      <UnitQty>יח`</UnitQty>
      <Quantity>37.50</Quantity>
      <UnitMeasure>גרם</UnitMeasure>
      <BisWeighted>0</BisWeighted>
      <QtyInPackage>1</QtyInPackage>
      <ItemPrice>17.50</ItemPrice>
      <UnitOfMeasurePrice>46.67</UnitOfMeasurePrice>
      <AllowDiscount>0</AllowDiscount>
      <itemStatus>1</itemStatus>
      <LastUpdateDate />
      <LastUpdateTime />
    </Product>
    <Product>
      <PriceUpdateDate>2018/10/11 09:22</PriceUpdateDate>
      <ItemCode>7290011126469</ItemCode>
      <ItemType>1</ItemType>
      <ItemName>תה קמומיל ודבש ויסוצקי הגן הקסום) (25</ItemName>
      <ManufactureName>תה ויסוצקי (ישראל) בעמ</ManufactureName>
      <ManufactureCountry />
      <ManufactureItemDescription />
      <UnitQty>יח`</UnitQty>
      <Quantity>37.50</Quantity>
      <UnitMeasure>גרם</UnitMeasure>
      <BisWeighted>0</BisWeighted>
      <QtyInPackage>1</QtyInPackage>
      <ItemPrice>17.50</ItemPrice>
      <UnitOfMeasurePrice>46.67</UnitOfMeasurePrice>
      <AllowDiscount>0</AllowDiscount>
      <itemStatus>1</itemStatus>
      <LastUpdateDate />
      <LastUpdateTime />
    </Product>
    <Product>
      <PriceUpdateDate>2019/01/30 09:00</PriceUpdateDate>
      <ItemCode>7290011126940</ItemCode>
      <ItemType>1</ItemType>
      <ItemName>תה ירוק מרווה ויסוצקי) (25</ItemName>
      <ManufactureName>תה ויסוצקי (ישראל) בעמ</ManufactureName>
      <ManufactureCountry />
      <ManufactureItemDescription />
      <UnitQty>יח`</UnitQty>
      <Quantity>37.50</Quantity>
      <UnitMeasure>גרם</UnitMeasure>
      <BisWeighted>0</BisWeighted>
      <QtyInPackage>1</QtyInPackage>
      <ItemPrice>24.90</ItemPrice>
      <UnitOfMeasurePrice>66.40</UnitOfMeasurePrice>
      <AllowDiscount>0</AllowDiscount>
      <itemStatus>1</itemStatus>
      <LastUpdateDate />
      <LastUpdateTime />
    </Product>
    <Product>
      <PriceUpdateDate>2016/02/28 10:23</PriceUpdateDate>
      <ItemCode>7290011131371</ItemCode>
      <ItemType>1</ItemType>
      <ItemName>מוזלי קראנצ`י שקדים ואגוזים גרין (1 קג)</ItemName>
      <ManufactureName>משה סידס ובנו בעמ</ManufactureName>
      <ManufactureCountry />
      <ManufactureItemDescription />
      <UnitQty>יח`</UnitQty>
      <Quantity>1</Quantity>
      <UnitMeasure>ק"ג</UnitMeasure>
      <BisWeighted>0</BisWeighted>
      <QtyInPackage>1</QtyInPackage>
      <ItemPrice>25.90</ItemPrice>
      <UnitOfMeasurePrice>25.90</UnitOfMeasurePrice>
      <AllowDiscount>1</AllowDiscount>
      <itemStatus>1</itemStatus>
      <LastUpdateDate />
      <LastUpdateTime />
    </Product>
    <Product>
      <PriceUpdateDate>2016/02/28 10:23</PriceUpdateDate>
      <ItemCode>7290011131395</ItemCode>
      <ItemType>1</ItemType>
      <ItemName>מוזלי קראנצ`י 30% פירות גרין (1 קג)</ItemName>
      <ManufactureName>משה סידס ובנו בעמ</ManufactureName>
      <ManufactureCountry />
      <ManufactureItemDescription />
      <UnitQty>יח`</UnitQty>
      <Quantity>1</Quantity>
      <UnitMeasure>ק"ג</UnitMeasure>
      <BisWeighted>0</BisWeighted>
      <QtyInPackage>1</QtyInPackage>
      <ItemPrice>25.90</ItemPrice>
      <UnitOfMeasurePrice>25.90</UnitOfMeasurePrice>
      <AllowDiscount>1</AllowDiscount>
      <itemStatus>1</itemStatus>
      <LastUpdateDate />
      <LastUpdateTime />
    </Product>
    <Product>
      <PriceUpdateDate>2016/02/28 10:23</PriceUpdateDate>
      <ItemCode>7290011131609</ItemCode>
      <ItemType>1</ItemType>
      <ItemName>גרין מוזלי 30% פירות מופחת שומן 1 קג</ItemName>
      <ManufactureName>משה סידס ובנו בעמ</ManufactureName>
      <ManufactureCountry />
      <ManufactureItemDescription />
      <UnitQty>יח`</UnitQty>
      <Quantity>1000</Quantity>
      <UnitMeasure>גרם</UnitMeasure>
      <BisWeighted>0</BisWeighted>
      <QtyInPackage>1</QtyInPackage>
      <ItemPrice>25.90</ItemPrice>
      <UnitOfMeasurePrice>2.59</UnitOfMeasurePrice>
      <AllowDiscount>1</AllowDiscount>
      <itemStatus>1</itemStatus>
      <LastUpdateDate />
      <LastUpdateTime />
    </Product>
    <Product>
      <PriceUpdateDate>2017/08/03 08:12</PriceUpdateDate>
      <ItemCode>7290011131654</ItemCode>
      <ItemType>1</ItemType>
      <ItemName>מוזלי קראנצ`י ביג מיקס גרין (1 קג)</ItemName>
      <ManufactureName>משה סידס ובנו בעמ</ManufactureName>
      <ManufactureCountry />
      <ManufactureItemDescription />
      <UnitQty>יח`</UnitQty>
      <Quantity>10000</Quantity>
      <UnitMeasure>גרם</UnitMeasure>
      <BisWeighted>0</BisWeighted>
      <QtyInPackage>1</QtyInPackage>
      <ItemPrice>25.90</ItemPrice>
      <UnitOfMeasurePrice>0.26</UnitOfMeasurePrice>
      <AllowDiscount>1</AllowDiscount>
      <itemStatus>1</itemStatus>
      <LastUpdateDate />
      <LastUpdateTime />
    </Product>
    <Product>
      <PriceUpdateDate>2019/09/24 13:07</PriceUpdateDate>
      <ItemCode>7290011133207</ItemCode>
      <ItemType>1</ItemType>
      <ItemName>סודה לימון ליים 1.5בודד</ItemName>
      <ManufactureName>טמפו משקאות בעמ</ManufactureName>
      <ManufactureCountry />
      <ManufactureItemDescription />
      <UnitQty>יח`</UnitQty>
      <Quantity>1.50</Quantity>
      <UnitMeasure>1 ליטר</UnitMeasure>
      <BisWeighted>0</BisWeighted>
      <QtyInPackage>1</QtyInPackage>
      <ItemPrice>4</ItemPrice>
      <UnitOfMeasurePrice>2.67</UnitOfMeasurePrice>
      <AllowDiscount>0</AllowDiscount>
      <itemStatus>1</itemStatus>
      <LastUpdateDate />
      <LastUpdateTime />
    </Product>
    <Product>
      <PriceUpdateDate>2019/02/18 11:45</PriceUpdateDate>
      <ItemCode>7290011133368</ItemCode>
      <ItemType>1</ItemType>
      <ItemName>בירה שנדי תפוח מכבי (330x6 מל)</ItemName>
      <ManufactureName>טמפו משקאות בעמ</ManufactureName>
      <ManufactureCountry />
      <ManufactureItemDescription />
      <UnitQty>יח`</UnitQty>
      <Quantity>1980</Quantity>
      <UnitMeasure>מ"ל</UnitMeasure>
      <BisWeighted>0</BisWeighted>
      <QtyInPackage>1</QtyInPackage>
      <ItemPrice>36.90</ItemPrice>
      <UnitOfMeasurePrice>1.77</UnitOfMeasurePrice>
      <AllowDiscount>1</AllowDiscount>
      <itemStatus>1</itemStatus>
      <LastUpdateDate />
      <LastUpdateTime />
    </Product>
    <Product>
      <PriceUpdateDate>2019/02/18 11:45</PriceUpdateDate>
      <ItemCode>7290011133375</ItemCode>
      <ItemType>1</ItemType>
      <ItemName>בירה שנדי אפרסק מכבי (330x6 מל)</ItemName>
      <ManufactureName>טמפו משקאות בעמ</ManufactureName>
      <ManufactureCountry />
      <ManufactureItemDescription />
      <UnitQty>יח`</UnitQty>
      <Quantity>1980</Quantity>
      <UnitMeasure>מ"ל</UnitMeasure>
      <BisWeighted>0</BisWeighted>
      <QtyInPackage>1</QtyInPackage>
      <ItemPrice>36.90</ItemPrice>
      <UnitOfMeasurePrice>1.77</UnitOfMeasurePrice>
      <AllowDiscount>1</AllowDiscount>
      <itemStatus>1</itemStatus>
      <LastUpdateDate />
      <LastUpdateTime />
    </Product>
    <Product>
      <PriceUpdateDate>2014/01/01 08:37</PriceUpdateDate>
      <ItemCode>7290011154028</ItemCode>
      <ItemType>1</ItemType>
      <ItemName>תרכיז תפוח 1.2 עדח</ItemName>
      <ManufactureName>שיווק כ. בינימין</ManufactureName>
      <ManufactureCountry />
      <ManufactureItemDescription />
      <UnitQty>יח`</UnitQty>
      <Quantity>1</Quantity>
      <UnitMeasure>1 ליטר</UnitMeasure>
      <BisWeighted>0</BisWeighted>
      <QtyInPackage>1</QtyInPackage>
      <ItemPrice>35</ItemPrice>
      <UnitOfMeasurePrice>35</UnitOfMeasurePrice>
      <AllowDiscount>0</AllowDiscount>
      <itemStatus>1</itemStatus>
      <LastUpdateDate />
      <LastUpdateTime />
    </Product>
    <Product>
      <PriceUpdateDate>2014/01/01 08:37</PriceUpdateDate>
      <ItemCode>7290011194215</ItemCode>
      <ItemType>1</ItemType>
      <ItemName>דניאלה מעדן בטעם בננה שטראוס (88 גרם)</ItemName>
      <ManufactureName>שטראוס גרופ בעמ/מצונן</ManufactureName>
      <ManufactureCountry />
      <ManufactureItemDescription />
      <UnitQty>יח`</UnitQty>
      <Quantity>150</Quantity>
      <UnitMeasure>מ"ל</UnitMeasure>
      <BisWeighted>0</BisWeighted>
      <QtyInPackage>1</QtyInPackage>
      <ItemPrice>4</ItemPrice>
      <UnitOfMeasurePrice>2.67</UnitOfMeasurePrice>
      <AllowDiscount>0</AllowDiscount>
      <itemStatus>1</itemStatus>
      <LastUpdateDate />
      <LastUpdateTime />
    </Product>
    <Product>
      <PriceUpdateDate>2014/04/16 16:50</PriceUpdateDate>
      <ItemCode>7290011194246</ItemCode>
      <ItemType>1</ItemType>
      <ItemName>גבינת  קוטג`5% שטראוס (250 גרם)</ItemName>
      <ManufactureName>שטראוס גרופ בעמ/מצונן</ManufactureName>
      <ManufactureCountry />
      <ManufactureItemDescription />
      <UnitQty>יח`</UnitQty>
      <Quantity>250</Quantity>
      <UnitMeasure>גרם</UnitMeasure>
      <BisWeighted>0</BisWeighted>
      <QtyInPackage>1</QtyInPackage>
      <ItemPrice>5.90</ItemPrice>
      <UnitOfMeasurePrice>2.36</UnitOfMeasurePrice>
      <AllowDiscount>0</AllowDiscount>
      <itemStatus>1</itemStatus>
      <LastUpdateDate />
      <LastUpdateTime />
    </Product>
    <Product>
      <PriceUpdateDate>2015/12/01 18:43</PriceUpdateDate>
      <ItemCode>7290011223038</ItemCode>
      <ItemType>1</ItemType>
      <ItemName>עלים לקרמשניט 300 גר`</ItemName>
      <ManufactureName>דנשר (1963) בעמ</ManufactureName>
      <ManufactureCountry />
      <ManufactureItemDescription />
      <UnitQty>יח`</UnitQty>
      <Quantity>300</Quantity>
      <UnitMeasure>גרם</UnitMeasure>
      <BisWeighted>0</BisWeighted>
      <QtyInPackage>1</QtyInPackage>
      <ItemPrice>17.90</ItemPrice>
      <UnitOfMeasurePrice>5.97</UnitOfMeasurePrice>
      <AllowDiscount>1</AllowDiscount>
      <itemStatus>1</itemStatus>
      <LastUpdateDate />
      <LastUpdateTime />
    </Product>
    <Product>
      <PriceUpdateDate>2015/11/30 12:19</PriceUpdateDate>
      <ItemCode>7290011223045</ItemCode>
      <ItemType>1</ItemType>
      <ItemName>בישקוטים ליידיפינגרז בונומי (200 גרם)</ItemName>
      <ManufactureName>דנשר (1963) בעמ</ManufactureName>
      <ManufactureCountry />
      <ManufactureItemDescription />
      <UnitQty>יח`</UnitQty>
      <Quantity>200</Quantity>
      <UnitMeasure>גרם</UnitMeasure>
      <BisWeighted>0</BisWeighted>
      <QtyInPackage>1</QtyInPackage>
      <ItemPrice>7.90</ItemPrice>
      <UnitOfMeasurePrice>3.95</UnitOfMeasurePrice>
      <AllowDiscount>1</AllowDiscount>
      <itemStatus>1</itemStatus>
      <LastUpdateDate />
      <LastUpdateTime />
    </Product>
    <Product>
      <PriceUpdateDate>2015/12/01 18:43</PriceUpdateDate>
      <ItemCode>7290011223205</ItemCode>
      <ItemType>1</ItemType>
      <ItemName>ריבת חלב דולכור (454 גרם)</ItemName>
      <ManufactureName>דנשר (1963) בעמ</ManufactureName>
      <ManufactureCountry />
      <ManufactureItemDescription />
      <UnitQty>יח`</UnitQty>
      <Quantity>454</Quantity>
      <UnitMeasure>גרם</UnitMeasure>
      <BisWeighted>0</BisWeighted>
      <QtyInPackage>1</QtyInPackage>
      <ItemPrice>17.90</ItemPrice>
      <UnitOfMeasurePrice>3.94</UnitOfMeasurePrice>
      <AllowDiscount>0</AllowDiscount>
      <itemStatus>1</itemStatus>
      <LastUpdateDate />
      <LastUpdateTime />
    </Product>
    <Product>
      <PriceUpdateDate>2019/04/12 11:23</PriceUpdateDate>
      <ItemCode>7290011249748</ItemCode>
      <ItemType>1</ItemType>
      <ItemName>רולים 100 גר` בטעם שוקולד עלמה</ItemName>
      <ManufactureName>רזיט שיווק בעמ</ManufactureName>
      <ManufactureCountry />
      <ManufactureItemDescription />
      <UnitQty>יח`</UnitQty>
      <Quantity>100</Quantity>
      <UnitMeasure>גרם</UnitMeasure>
      <BisWeighted>0</BisWeighted>
      <QtyInPackage>1</QtyInPackage>
      <ItemPrice>3.90</ItemPrice>
      <UnitOfMeasurePrice>3.90</UnitOfMeasurePrice>
      <AllowDiscount>1</AllowDiscount>
      <itemStatus>1</itemStatus>
      <LastUpdateDate />
      <LastUpdateTime />
    </Product>
    <Product>
      <PriceUpdateDate>2019/04/12 11:23</PriceUpdateDate>
      <ItemCode>7290011249755</ItemCode>
      <ItemType>1</ItemType>
      <ItemName>רולים 100 גר` בטעם אגוז עלמה</ItemName>
      <ManufactureName>רזיט שיווק בעמ</ManufactureName>
      <ManufactureCountry />
      <ManufactureItemDescription />
      <UnitQty>יח`</UnitQty>
      <Quantity>100</Quantity>
      <UnitMeasure>גרם</UnitMeasure>
      <BisWeighted>0</BisWeighted>
      <QtyInPackage>1</QtyInPackage>
      <ItemPrice>3.90</ItemPrice>
      <UnitOfMeasurePrice>3.90</UnitOfMeasurePrice>
      <AllowDiscount>1</AllowDiscount>
      <itemStatus>1</itemStatus>
      <LastUpdateDate />
      <LastUpdateTime />
    </Product>
    <Product>
      <PriceUpdateDate>2015/12/01 12:44</PriceUpdateDate>
      <ItemCode>7290011249878</ItemCode>
      <ItemType>1</ItemType>
      <ItemName>וופל במילוי קרם טעם שוקולד-המותג </ItemName>
      <ManufactureName>דין שיווק - עטרת</ManufactureName>
      <ManufactureCountry />
      <ManufactureItemDescription />
      <UnitQty>יח`</UnitQty>
      <Quantity>200</Quantity>
      <UnitMeasure>גרם</UnitMeasure>
      <BisWeighted>0</BisWeighted>
      <QtyInPackage>1</QtyInPackage>
      <ItemPrice>6.90</ItemPrice>
      <UnitOfMeasurePrice>3.45</UnitOfMeasurePrice>
      <AllowDiscount>0</AllowDiscount>
      <itemStatus>1</itemStatus>
      <LastUpdateDate />
      <LastUpdateTime />
    </Product>
    <Product>
      <PriceUpdateDate>2015/12/01 18:36</PriceUpdateDate>
      <ItemCode>7290011254001</ItemCode>
      <ItemType>1</ItemType>
      <ItemName>זרעי פשתן 450 גר`</ItemName>
      <ManufactureName>מיה תעשיות מזון מ.ת.מ. בעמ</ManufactureName>
      <ManufactureCountry />
      <ManufactureItemDescription />
      <UnitQty>יח`</UnitQty>
      <Quantity>450</Quantity>
      <UnitMeasure>גרם</UnitMeasure>
      <BisWeighted>0</BisWeighted>
      <QtyInPackage>1</QtyInPackage>
      <ItemPrice>9.90</ItemPrice>
      <UnitOfMeasurePrice>2.20</UnitOfMeasurePrice>
      <AllowDiscount>0</AllowDiscount>
      <itemStatus>1</itemStatus>
      <LastUpdateDate />
      <LastUpdateTime />
    </Product>
    <Product>
      <PriceUpdateDate>2015/11/04 09:27</PriceUpdateDate>
      <ItemCode>7290011254032</ItemCode>
      <ItemType>1</ItemType>
      <ItemName>קינואה מיה (500 גרם)</ItemName>
      <ManufactureName>מיה תעשיות מזון מ.ת.מ. בעמ</ManufactureName>
      <ManufactureCountry />
      <ManufactureItemDescription />
      <UnitQty>יח`</UnitQty>
      <Quantity>500</Quantity>
      <UnitMeasure>גרם</UnitMeasure>
      <BisWeighted>0</BisWeighted>
      <QtyInPackage>1</QtyInPackage>
      <ItemPrice>19.90</ItemPrice>
      <UnitOfMeasurePrice>3.98</UnitOfMeasurePrice>
      <AllowDiscount>0</AllowDiscount>
      <itemStatus>1</itemStatus>
      <LastUpdateDate />
      <LastUpdateTime />
    </Product>
    <Product>
      <PriceUpdateDate>2015/03/03 10:33</PriceUpdateDate>
      <ItemCode>7290011254254</ItemCode>
      <ItemType>1</ItemType>
      <ItemName>שוקו צ`יפס בטעם שוקולד מיה (300 גרם)</ItemName>
      <ManufactureName>מיה תעשיות מזון מ.ת.מ. בעמ</ManufactureName>
      <ManufactureCountry />
      <ManufactureItemDescription />
      <UnitQty>יח`</UnitQty>
      <Quantity>300</Quantity>
      <UnitMeasure>גרם</UnitMeasure>
      <BisWeighted>0</BisWeighted>
      <QtyInPackage>1</QtyInPackage>
      <ItemPrice>7.90</ItemPrice>
      <UnitOfMeasurePrice>2.63</UnitOfMeasurePrice>
      <AllowDiscount>1</AllowDiscount>
      <itemStatus>1</itemStatus>
      <LastUpdateDate />
      <LastUpdateTime />
    </Product>
    <Product>
      <PriceUpdateDate>2015/03/03 10:33</PriceUpdateDate>
      <ItemCode>7290011254346</ItemCode>
      <ItemType>1</ItemType>
      <ItemName>קינואה מיה (1 קג)</ItemName>
      <ManufactureName>מיה תעשיות מזון מ.ת.מ. בעמ</ManufactureName>
      <ManufactureCountry />
      <ManufactureItemDescription />
      <UnitQty>יח`</UnitQty>
      <Quantity>1000</Quantity>
      <UnitMeasure>גרם</UnitMeasure>
      <BisWeighted>0</BisWeighted>
      <QtyInPackage>1</QtyInPackage>
      <ItemPrice>29.90</ItemPrice>
      <UnitOfMeasurePrice>2.99</UnitOfMeasurePrice>
      <AllowDiscount>0</AllowDiscount>
      <itemStatus>1</itemStatus>
      <LastUpdateDate />
      <LastUpdateTime />
    </Product>
    <Product>
      <PriceUpdateDate>2015/12/01 18:43</PriceUpdateDate>
      <ItemCode>7290011254605</ItemCode>
      <ItemType>1</ItemType>
      <ItemName>תערובת לקדירה לקט חמין 600 גר`</ItemName>
      <ManufactureName>מיה תעשיות מזון מ.ת.מ. בעמ</ManufactureName>
      <ManufactureCountry />
      <ManufactureItemDescription />
      <UnitQty>יח`</UnitQty>
      <Quantity>600</Quantity>
      <UnitMeasure>גרם</UnitMeasure>
      <BisWeighted>0</BisWeighted>
      <QtyInPackage>1</QtyInPackage>
      <ItemPrice>13.90</ItemPrice>
      <UnitOfMeasurePrice>2.32</UnitOfMeasurePrice>
      <AllowDiscount>0</AllowDiscount>
      <itemStatus>1</itemStatus>
      <LastUpdateDate />
      <LastUpdateTime />
    </Product>
    <Product>
      <PriceUpdateDate>2015/12/01 18:43</PriceUpdateDate>
      <ItemCode>7290011254612</ItemCode>
      <ItemType>1</ItemType>
      <ItemName>תערובת לקדירה לקט בריאות 600 גר`</ItemName>
      <ManufactureName>מיה תעשיות מזון מ.ת.מ. בעמ</ManufactureName>
      <ManufactureCountry />
      <ManufactureItemDescription />
      <UnitQty>יח`</UnitQty>
      <Quantity>600</Quantity>
      <UnitMeasure>גרם</UnitMeasure>
      <BisWeighted>0</BisWeighted>
      <QtyInPackage>1</QtyInPackage>
      <ItemPrice>13.90</ItemPrice>
      <UnitOfMeasurePrice>2.32</UnitOfMeasurePrice>
      <AllowDiscount>0</AllowDiscount>
      <itemStatus>1</itemStatus>
      <LastUpdateDate />
      <LastUpdateTime />
    </Product>
    <Product>
      <PriceUpdateDate>2015/12/01 18:43</PriceUpdateDate>
      <ItemCode>7290011254766</ItemCode>
      <ItemType>1</ItemType>
      <ItemName>שעועית לוביה 400 גר`</ItemName>
      <ManufactureName>מיה תעשיות מזון מ.ת.מ. בעמ</ManufactureName>
      <ManufactureCountry />
      <ManufactureItemDescription />
      <UnitQty>יח`</UnitQty>
      <Quantity>400</Quantity>
      <UnitMeasure>גרם</UnitMeasure>
      <BisWeighted>0</BisWeighted>
      <QtyInPackage>1</QtyInPackage>
      <ItemPrice>11.90</ItemPrice>
      <UnitOfMeasurePrice>2.98</UnitOfMeasurePrice>
      <AllowDiscount>0</AllowDiscount>
      <itemStatus>1</itemStatus>
      <LastUpdateDate />
      <LastUpdateTime />
    </Product>
    <Product>
      <PriceUpdateDate>2015/05/27 11:22</PriceUpdateDate>
      <ItemCode>7290011254773</ItemCode>
      <ItemType>1</ItemType>
      <ItemName>שעועית ארגנטינאית מיה (500 גרם)</ItemName>
      <ManufactureName>מיה תעשיות מזון מ.ת.מ. בעמ</ManufactureName>
      <ManufactureCountry />
      <ManufactureItemDescription />
      <UnitQty>יח`</UnitQty>
      <Quantity>500</Quantity>
      <UnitMeasure>גרם</UnitMeasure>
      <BisWeighted>0</BisWeighted>
      <QtyInPackage>1</QtyInPackage>
      <ItemPrice>11.90</ItemPrice>
      <UnitOfMeasurePrice>2.38</UnitOfMeasurePrice>
      <AllowDiscount>0</AllowDiscount>
      <itemStatus>1</itemStatus>
      <LastUpdateDate />
      <LastUpdateTime />
    </Product>
    <Product>
      <PriceUpdateDate>2015/12/01 10:59</PriceUpdateDate>
      <ItemCode>7290011308117</ItemCode>
      <ItemType>1</ItemType>
      <ItemName>קרקר שישה דגנים בייגל בייגל (200 גרם)</ItemName>
      <ManufactureName>יוניליוור ישראל שיווק בעמ</ManufactureName>
      <ManufactureCountry />
      <ManufactureItemDescription />
      <UnitQty>יח`</UnitQty>
      <Quantity>200</Quantity>
      <UnitMeasure>גרם</UnitMeasure>
      <BisWeighted>0</BisWeighted>
      <QtyInPackage>1</QtyInPackage>
      <ItemPrice>8.90</ItemPrice>
      <UnitOfMeasurePrice>4.45</UnitOfMeasurePrice>
      <AllowDiscount>1</AllowDiscount>
      <itemStatus>1</itemStatus>
      <LastUpdateDate />
      <LastUpdateTime />
    </Product>
    <Product>
      <PriceUpdateDate>2015/01/13 10:53</PriceUpdateDate>
      <ItemCode>7290011308865</ItemCode>
      <ItemType>1</ItemType>
      <ItemName>נשנושים ביס פלאפל 60 גר`</ItemName>
      <ManufactureName>יוניליוור ישראל שיווק בעמ</ManufactureName>
      <ManufactureCountry />
      <ManufactureItemDescription />
      <UnitQty>יח`</UnitQty>
      <Quantity>60</Quantity>
      <UnitMeasure>גרם</UnitMeasure>
      <BisWeighted>0</BisWeighted>
      <QtyInPackage>1</QtyInPackage>
      <ItemPrice>3.90</ItemPrice>
      <UnitOfMeasurePrice>6.50</UnitOfMeasurePrice>
      <AllowDiscount>0</AllowDiscount>
      <itemStatus>1</itemStatus>
      <LastUpdateDate />
      <LastUpdateTime />
    </Product>
    <Product>
      <PriceUpdateDate>2015/12/20 09:26</PriceUpdateDate>
      <ItemCode>7290011378233</ItemCode>
      <ItemType>1</ItemType>
      <ItemName>מאגת חלבה ללא סוכר ווניל</ItemName>
      <ManufactureName>קבוצת אסם סחר שות. מוגבלת</ManufactureName>
      <ManufactureCountry />
      <ManufactureItemDescription />
      <UnitQty>יח`</UnitQty>
      <Quantity>1</Quantity>
      <UnitMeasure />
      <BisWeighted>0</BisWeighted>
      <QtyInPackage>1</QtyInPackage>
      <ItemPrice>11.90</ItemPrice>
      <UnitOfMeasurePrice>11.90</UnitOfMeasurePrice>
      <AllowDiscount>0</AllowDiscount>
      <itemStatus>1</itemStatus>
      <LastUpdateDate />
      <LastUpdateTime />
    </Product>
    <Product>
      <PriceUpdateDate>2015/12/20 09:26</PriceUpdateDate>
      <ItemCode>7290011378776</ItemCode>
      <ItemType>1</ItemType>
      <ItemName>מאגדת חלבה פיסטוק</ItemName>
      <ManufactureName>קבוצת אסם סחר שות. מוגבלת</ManufactureName>
      <ManufactureCountry />
      <ManufactureItemDescription />
      <UnitQty>יח`</UnitQty>
      <Quantity>1</Quantity>
      <UnitMeasure />
      <BisWeighted>0</BisWeighted>
      <QtyInPackage>1</QtyInPackage>
      <ItemPrice>11.90</ItemPrice>
      <UnitOfMeasurePrice>11.90</UnitOfMeasurePrice>
      <AllowDiscount>0</AllowDiscount>
      <itemStatus>1</itemStatus>
      <LastUpdateDate />
      <LastUpdateTime />
    </Product>
    <Product>
      <PriceUpdateDate>2019/01/30 09:04</PriceUpdateDate>
      <ItemCode>7290011435226</ItemCode>
      <ItemType>1</ItemType>
      <ItemName>דבש מפרחי בר בלחיץ 650 גר`</ItemName>
      <ManufactureName>שטראוס גרופ בעמ</ManufactureName>
      <ManufactureCountry />
      <ManufactureItemDescription />
      <UnitQty>יח`</UnitQty>
      <Quantity>650</Quantity>
      <UnitMeasure>גרם</UnitMeasure>
      <BisWeighted>0</BisWeighted>
      <QtyInPackage>1</QtyInPackage>
      <ItemPrice>34.90</ItemPrice>
      <UnitOfMeasurePrice>5.37</UnitOfMeasurePrice>
      <AllowDiscount>0</AllowDiscount>
      <itemStatus>1</itemStatus>
      <LastUpdateDate />
      <LastUpdateTime />
    </Product>
    <Product>
      <PriceUpdateDate>2013/06/09 19:11</PriceUpdateDate>
      <ItemCode>7290011438142</ItemCode>
      <ItemType>1</ItemType>
      <ItemName>משקה בטעם קפה בקבוק 350</ItemName>
      <ManufactureName>שטראוס גרופ בעמ/מצונן</ManufactureName>
      <ManufactureCountry />
      <ManufactureItemDescription />
      <UnitQty>יח`</UnitQty>
      <Quantity>350</Quantity>
      <UnitMeasure>מ"ל</UnitMeasure>
      <BisWeighted>0</BisWeighted>
      <QtyInPackage>1</QtyInPackage>
      <ItemPrice>6.30</ItemPrice>
      <UnitOfMeasurePrice>1.80</UnitOfMeasurePrice>
      <AllowDiscount>0</AllowDiscount>
      <itemStatus>1</itemStatus>
      <LastUpdateDate />
      <LastUpdateTime />
    </Product>
    <Product>
      <PriceUpdateDate>2019/05/06 14:59</PriceUpdateDate>
      <ItemCode>7290011447281</ItemCode>
      <ItemType>1</ItemType>
      <ItemName>תחליף חלב שלב 2 חלבי מטרנה (700 גרם)</ItemName>
      <ManufactureName>קבוצת אסם סחר שות. מוגבלת</ManufactureName>
      <ManufactureCountry />
      <ManufactureItemDescription />
      <UnitQty>יח`</UnitQty>
      <Quantity>700</Quantity>
      <UnitMeasure>גרם</UnitMeasure>
      <BisWeighted>0</BisWeighted>
      <QtyInPackage>1</QtyInPackage>
      <ItemPrice>49.90</ItemPrice>
      <UnitOfMeasurePrice>7.13</UnitOfMeasurePrice>
      <AllowDiscount>1</AllowDiscount>
      <itemStatus>1</itemStatus>
      <LastUpdateDate />
      <LastUpdateTime />
    </Product>
    <Product>
      <PriceUpdateDate>2019/05/06 14:59</PriceUpdateDate>
      <ItemCode>7290011447304</ItemCode>
      <ItemType>1</ItemType>
      <ItemName>תחליף חלב שלב 3 חלבי מטרנה (700 גרם)</ItemName>
      <ManufactureName>קבוצת אסם סחר שות. מוגבלת</ManufactureName>
      <ManufactureCountry />
      <ManufactureItemDescription />
      <UnitQty>יח`</UnitQty>
      <Quantity>700</Quantity>
      <UnitMeasure>גרם</UnitMeasure>
      <BisWeighted>0</BisWeighted>
      <QtyInPackage>1</QtyInPackage>
      <ItemPrice>49.90</ItemPrice>
      <UnitOfMeasurePrice>7.13</UnitOfMeasurePrice>
      <AllowDiscount>1</AllowDiscount>
      <itemStatus>1</itemStatus>
      <LastUpdateDate />
      <LastUpdateTime />
    </Product>
    <Product>
      <PriceUpdateDate>2019/05/06 14:59</PriceUpdateDate>
      <ItemCode>7290011447359</ItemCode>
      <ItemType>1</ItemType>
      <ItemName>תחליף חלב שלב 1 מהדרין מטרנה (700 גרם)</ItemName>
      <ManufactureName>קבוצת אסם סחר שות. מוגבלת</ManufactureName>
      <ManufactureCountry />
      <ManufactureItemDescription />
      <UnitQty>יח`</UnitQty>
      <Quantity>700</Quantity>
      <UnitMeasure>גרם</UnitMeasure>
      <BisWeighted>0</BisWeighted>
      <QtyInPackage>1</QtyInPackage>
      <ItemPrice>49.90</ItemPrice>
      <UnitOfMeasurePrice>7.13</UnitOfMeasurePrice>
      <AllowDiscount>1</AllowDiscount>
      <itemStatus>1</itemStatus>
      <LastUpdateDate />
      <LastUpdateTime />
    </Product>
    <Product>
      <PriceUpdateDate>2019/05/06 14:59</PriceUpdateDate>
      <ItemCode>7290011447373</ItemCode>
      <ItemType>1</ItemType>
      <ItemName>תחליף חלב שלב 2 מהדרין מטרנה (700 גרם)</ItemName>
      <ManufactureName>קבוצת אסם סחר שות. מוגבלת</ManufactureName>
      <ManufactureCountry />
      <ManufactureItemDescription />
      <UnitQty>יח`</UnitQty>
      <Quantity>700</Quantity>
      <UnitMeasure>גרם</UnitMeasure>
      <BisWeighted>0</BisWeighted>
      <QtyInPackage>1</QtyInPackage>
      <ItemPrice>49.90</ItemPrice>
      <UnitOfMeasurePrice>7.13</UnitOfMeasurePrice>
      <AllowDiscount>1</AllowDiscount>
      <itemStatus>1</itemStatus>
      <LastUpdateDate />
      <LastUpdateTime />
    </Product>
    <Product>
      <PriceUpdateDate>2013/11/13 09:01</PriceUpdateDate>
      <ItemCode>7290011461058</ItemCode>
      <ItemType>1</ItemType>
      <ItemName>דפיוזר מלבני 100ML</ItemName>
      <ManufactureName>מוסקו בעמ</ManufactureName>
      <ManufactureCountry />
      <ManufactureItemDescription />
      <UnitQty>יח`</UnitQty>
      <Quantity>1</Quantity>
      <UnitMeasure />
      <BisWeighted>0</BisWeighted>
      <QtyInPackage>1</QtyInPackage>
      <ItemPrice>19.90</ItemPrice>
      <UnitOfMeasurePrice>19.90</UnitOfMeasurePrice>
      <AllowDiscount>0</AllowDiscount>
      <itemStatus>1</itemStatus>
      <LastUpdateDate />
      <LastUpdateTime />
    </Product>
    <Product>
      <PriceUpdateDate>2018/10/07 11:51</PriceUpdateDate>
      <ItemCode>7290011499105</ItemCode>
      <ItemType>1</ItemType>
      <ItemName>גבינה בולגרית 5% גד (250 גרם)</ItemName>
      <ManufactureName>מחלבות גד שיווק 1992 בעמ</ManufactureName>
      <ManufactureCountry />
      <ManufactureItemDescription />
      <UnitQty>יח`</UnitQty>
      <Quantity>250</Quantity>
      <UnitMeasure>גרם</UnitMeasure>
      <BisWeighted>0</BisWeighted>
      <QtyInPackage>1</QtyInPackage>
      <ItemPrice>23.90</ItemPrice>
      <UnitOfMeasurePrice>9.56</UnitOfMeasurePrice>
      <AllowDiscount>0</AllowDiscount>
      <itemStatus>1</itemStatus>
      <LastUpdateDate />
      <LastUpdateTime />
    </Product>
    <Product>
      <PriceUpdateDate>2018/10/07 11:51</PriceUpdateDate>
      <ItemCode>7290011499112</ItemCode>
      <ItemType>1</ItemType>
      <ItemName>גבינה בולגרית 16% גד (250 גרם)</ItemName>
      <ManufactureName>מחלבות גד שיווק 1992 בעמ</ManufactureName>
      <ManufactureCountry />
      <ManufactureItemDescription />
      <UnitQty>יח`</UnitQty>
      <Quantity>250</Quantity>
      <UnitMeasure>גרם</UnitMeasure>
      <BisWeighted>0</BisWeighted>
      <QtyInPackage>1</QtyInPackage>
      <ItemPrice>23.90</ItemPrice>
      <UnitOfMeasurePrice>9.56</UnitOfMeasurePrice>
      <AllowDiscount>0</AllowDiscount>
      <itemStatus>1</itemStatus>
      <LastUpdateDate />
      <LastUpdateTime />
    </Product>
    <Product>
      <PriceUpdateDate>2018/10/07 11:51</PriceUpdateDate>
      <ItemCode>7290011499129</ItemCode>
      <ItemType>1</ItemType>
      <ItemName>בולגרית לסלט 5% 200 גר`</ItemName>
      <ManufactureName>מחלבות גד שיווק 1992 בעמ</ManufactureName>
      <ManufactureCountry />
      <ManufactureItemDescription />
      <UnitQty>יח`</UnitQty>
      <Quantity>200</Quantity>
      <UnitMeasure>גרם</UnitMeasure>
      <BisWeighted>0</BisWeighted>
      <QtyInPackage>1</QtyInPackage>
      <ItemPrice>21.90</ItemPrice>
      <UnitOfMeasurePrice>10.95</UnitOfMeasurePrice>
      <AllowDiscount>0</AllowDiscount>
      <itemStatus>1</itemStatus>
      <LastUpdateDate />
      <LastUpdateTime />
    </Product>
    <Product>
      <PriceUpdateDate>2018/10/07 11:51</PriceUpdateDate>
      <ItemCode>7290011499303</ItemCode>
      <ItemType>1</ItemType>
      <ItemName>פטה עיזים מעודנת 5% גד</ItemName>
      <ManufactureName>מחלבות גד שיווק 1992 בעמ</ManufactureName>
      <ManufactureCountry />
      <ManufactureItemDescription />
      <UnitQty>יח`</UnitQty>
      <Quantity>250</Quantity>
      <UnitMeasure>גרם</UnitMeasure>
      <BisWeighted>0</BisWeighted>
      <QtyInPackage>1</QtyInPackage>
      <ItemPrice>30.90</ItemPrice>
      <UnitOfMeasurePrice>12.36</UnitOfMeasurePrice>
      <AllowDiscount>0</AllowDiscount>
      <itemStatus>1</itemStatus>
      <LastUpdateDate />
      <LastUpdateTime />
    </Product>
    <Product>
      <PriceUpdateDate>2018/10/07 11:51</PriceUpdateDate>
      <ItemCode>7290011499327</ItemCode>
      <ItemType>1</ItemType>
      <ItemName>גבינה בולגרית מעודנת 5% גד (250 גרם)</ItemName>
      <ManufactureName>מחלבות גד שיווק 1992 בעמ</ManufactureName>
      <ManufactureCountry />
      <ManufactureItemDescription />
      <UnitQty>יח`</UnitQty>
      <Quantity>250</Quantity>
      <UnitMeasure>גרם</UnitMeasure>
      <BisWeighted>0</BisWeighted>
      <QtyInPackage>1</QtyInPackage>
      <ItemPrice>23.90</ItemPrice>
      <UnitOfMeasurePrice>9.56</UnitOfMeasurePrice>
      <AllowDiscount>1</AllowDiscount>
      <itemStatus>1</itemStatus>
      <LastUpdateDate />
      <LastUpdateTime />
    </Product>
    <Product>
      <PriceUpdateDate>2019/09/01 12:23</PriceUpdateDate>
      <ItemCode>7290011499341</ItemCode>
      <ItemType>1</ItemType>
      <ItemName>גבינת קשקאבל 26% שומן גד (200 גרם)</ItemName>
      <ManufactureName>מחלבות גד שיווק 1992 בעמ</ManufactureName>
      <ManufactureCountry />
      <ManufactureItemDescription />
      <UnitQty>יח`</UnitQty>
      <Quantity>200</Quantity>
      <UnitMeasure>גרם</UnitMeasure>
      <BisWeighted>0</BisWeighted>
      <QtyInPackage>1</QtyInPackage>
      <ItemPrice>25.90</ItemPrice>
      <UnitOfMeasurePrice>12.95</UnitOfMeasurePrice>
      <AllowDiscount>0</AllowDiscount>
      <itemStatus>1</itemStatus>
      <LastUpdateDate />
      <LastUpdateTime />
    </Product>
    <Product>
      <PriceUpdateDate>2018/10/07 11:51</PriceUpdateDate>
      <ItemCode>7290011499365</ItemCode>
      <ItemType>1</ItemType>
      <ItemName>גבינת חלומי 24% מחלב בקר גד (200 גרם)</ItemName>
      <ManufactureName>מחלבות גד שיווק 1992 בעמ</ManufactureName>
      <ManufactureCountry />
      <ManufactureItemDescription />
      <UnitQty>יח`</UnitQty>
      <Quantity>200</Quantity>
      <UnitMeasure>גרם</UnitMeasure>
      <BisWeighted>0</BisWeighted>
      <QtyInPackage>1</QtyInPackage>
      <ItemPrice>21.90</ItemPrice>
      <UnitOfMeasurePrice>10.95</UnitOfMeasurePrice>
      <AllowDiscount>0</AllowDiscount>
      <itemStatus>1</itemStatus>
      <LastUpdateDate />
      <LastUpdateTime />
    </Product>
    <Product>
      <PriceUpdateDate>2015/04/29 11:43</PriceUpdateDate>
      <ItemCode>7290011499419</ItemCode>
      <ItemType>1</ItemType>
      <ItemName>גבינת במרקם שמנת 5% טבעי גד</ItemName>
      <ManufactureName>מחלבות גד שיווק 1992 בעמ</ManufactureName>
      <ManufactureCountry />
      <ManufactureItemDescription />
      <UnitQty>יח`</UnitQty>
      <Quantity>200</Quantity>
      <UnitMeasure>גרם</UnitMeasure>
      <BisWeighted>0</BisWeighted>
      <QtyInPackage>1</QtyInPackage>
      <ItemPrice>11.90</ItemPrice>
      <UnitOfMeasurePrice>5.95</UnitOfMeasurePrice>
      <AllowDiscount>0</AllowDiscount>
      <itemStatus>1</itemStatus>
      <LastUpdateDate />
      <LastUpdateTime />
    </Product>
    <Product>
      <PriceUpdateDate>2015/04/29 11:43</PriceUpdateDate>
      <ItemCode>7290011499624</ItemCode>
      <ItemType>1</ItemType>
      <ItemName>גבינת שמנת 30% 200 גר` גד</ItemName>
      <ManufactureName>מחלבות גד שיווק 1992 בעמ</ManufactureName>
      <ManufactureCountry />
      <ManufactureItemDescription />
      <UnitQty>יח`</UnitQty>
      <Quantity>200</Quantity>
      <UnitMeasure>גרם</UnitMeasure>
      <BisWeighted>0</BisWeighted>
      <QtyInPackage>1</QtyInPackage>
      <ItemPrice>12.90</ItemPrice>
      <UnitOfMeasurePrice>6.45</UnitOfMeasurePrice>
      <AllowDiscount>0</AllowDiscount>
      <itemStatus>1</itemStatus>
      <LastUpdateDate />
      <LastUpdateTime />
    </Product>
    <Product>
      <PriceUpdateDate>2015/04/29 11:43</PriceUpdateDate>
      <ItemCode>7290011499631</ItemCode>
      <ItemType>1</ItemType>
      <ItemName>גבינת ניו יורק 30% שום שמיר גד</ItemName>
      <ManufactureName>מחלבות גד שיווק 1992 בעמ</ManufactureName>
      <ManufactureCountry />
      <ManufactureItemDescription />
      <UnitQty>יח`</UnitQty>
      <Quantity>200</Quantity>
      <UnitMeasure>גרם</UnitMeasure>
      <BisWeighted>0</BisWeighted>
      <QtyInPackage>1</QtyInPackage>
      <ItemPrice>12.90</ItemPrice>
      <UnitOfMeasurePrice>6.45</UnitOfMeasurePrice>
      <AllowDiscount>0</AllowDiscount>
      <itemStatus>1</itemStatus>
      <LastUpdateDate />
      <LastUpdateTime />
    </Product>
    <Product>
      <PriceUpdateDate>2018/10/07 11:51</PriceUpdateDate>
      <ItemCode>7290011499846</ItemCode>
      <ItemType>1</ItemType>
      <ItemName>גבינת ריקוטה פרסקה 9% גד (300 גרם)</ItemName>
      <ManufactureName>מחלבות גד שיווק 1992 בעמ</ManufactureName>
      <ManufactureCountry />
      <ManufactureItemDescription />
      <UnitQty>יח`</UnitQty>
      <Quantity>300</Quantity>
      <UnitMeasure>גרם</UnitMeasure>
      <BisWeighted>0</BisWeighted>
      <QtyInPackage>1</QtyInPackage>
      <ItemPrice>17.90</ItemPrice>
      <UnitOfMeasurePrice>5.97</UnitOfMeasurePrice>
      <AllowDiscount>1</AllowDiscount>
      <itemStatus>1</itemStatus>
      <LastUpdateDate />
      <LastUpdateTime />
    </Product>
    <Product>
      <PriceUpdateDate>2015/04/29 11:43</PriceUpdateDate>
      <ItemCode>7290011499853</ItemCode>
      <ItemType>1</ItemType>
      <ItemName>גבינת שמנת 30% זיתים 200 גר` גד</ItemName>
      <ManufactureName>מחלבות גד שיווק 1992 בעמ</ManufactureName>
      <ManufactureCountry />
      <ManufactureItemDescription />
      <UnitQty>יח`</UnitQty>
      <Quantity>200</Quantity>
      <UnitMeasure>גרם</UnitMeasure>
      <BisWeighted>0</BisWeighted>
      <QtyInPackage>1</QtyInPackage>
      <ItemPrice>12.90</ItemPrice>
      <UnitOfMeasurePrice>6.45</UnitOfMeasurePrice>
      <AllowDiscount>0</AllowDiscount>
      <itemStatus>1</itemStatus>
      <LastUpdateDate />
      <LastUpdateTime />
    </Product>
    <Product>
      <PriceUpdateDate>2015/12/01 18:43</PriceUpdateDate>
      <ItemCode>7290011501150</ItemCode>
      <ItemType>1</ItemType>
      <ItemName>שקד טבעי המותג (200 גרם)</ItemName>
      <ManufactureName>דין שיווק - המותג</ManufactureName>
      <ManufactureCountry />
      <ManufactureItemDescription />
      <UnitQty>יח`</UnitQty>
      <Quantity>200</Quantity>
      <UnitMeasure>גרם</UnitMeasure>
      <BisWeighted>0</BisWeighted>
      <QtyInPackage>1</QtyInPackage>
      <ItemPrice>19.90</ItemPrice>
      <UnitOfMeasurePrice>9.95</UnitOfMeasurePrice>
      <AllowDiscount>0</AllowDiscount>
      <itemStatus>1</itemStatus>
      <LastUpdateDate />
      <LastUpdateTime />
    </Product>
    <Product>
      <PriceUpdateDate>2015/12/01 18:43</PriceUpdateDate>
      <ItemCode>7290011501181</ItemCode>
      <ItemType>1</ItemType>
      <ItemName>פיסטוק קלוי המותג (200 גרם)</ItemName>
      <ManufactureName>דין שיווק - המותג</ManufactureName>
      <ManufactureCountry />
      <ManufactureItemDescription />
      <UnitQty>יח`</UnitQty>
      <Quantity>200</Quantity>
      <UnitMeasure>גרם</UnitMeasure>
      <BisWeighted>0</BisWeighted>
      <QtyInPackage>1</QtyInPackage>
      <ItemPrice>19.90</ItemPrice>
      <UnitOfMeasurePrice>9.95</UnitOfMeasurePrice>
      <AllowDiscount>0</AllowDiscount>
      <itemStatus>1</itemStatus>
      <LastUpdateDate />
      <LastUpdateTime />
    </Product>
    <Product>
      <PriceUpdateDate>2015/01/28 16:43</PriceUpdateDate>
      <ItemCode>7290011505806</ItemCode>
      <ItemType>1</ItemType>
      <ItemName>קיסמי שיניים פלסטיק הוסטס) (200</ItemName>
      <ManufactureName>אינטרסן 1996 בעמ</ManufactureName>
      <ManufactureCountry />
      <ManufactureItemDescription />
      <UnitQty>יח`</UnitQty>
      <Quantity>1</Quantity>
      <UnitMeasure />
      <BisWeighted>0</BisWeighted>
      <QtyInPackage>1</QtyInPackage>
      <ItemPrice>9.90</ItemPrice>
      <UnitOfMeasurePrice>9.90</UnitOfMeasurePrice>
      <AllowDiscount>0</AllowDiscount>
      <itemStatus>1</itemStatus>
      <LastUpdateDate />
      <LastUpdateTime />
    </Product>
    <Product>
      <PriceUpdateDate>2019/01/30 09:25</PriceUpdateDate>
      <ItemCode>7290011518561</ItemCode>
      <ItemType>1</ItemType>
      <ItemName>אקטימל בטעם תות דנונה (100x14 מל)</ItemName>
      <ManufactureName>שטראוס גרופ בעמ/מצונן</ManufactureName>
      <ManufactureCountry />
      <ManufactureItemDescription />
      <UnitQty>יח`</UnitQty>
      <Quantity>1.40</Quantity>
      <UnitMeasure>1 ליטר</UnitMeasure>
      <BisWeighted>0</BisWeighted>
      <QtyInPackage>1</QtyInPackage>
      <ItemPrice>29.90</ItemPrice>
      <UnitOfMeasurePrice>21.36</UnitOfMeasurePrice>
      <AllowDiscount>0</AllowDiscount>
      <itemStatus>1</itemStatus>
      <LastUpdateDate />
      <LastUpdateTime />
    </Product>
    <Product>
      <PriceUpdateDate>2019/02/25 08:59</PriceUpdateDate>
      <ItemCode>7290011524555</ItemCode>
      <ItemType>1</ItemType>
      <ItemName>שעועית לבנה מבושלת קפוא 800 גר` פרי גליל</ItemName>
      <ManufactureName>ויטה -פרי גליל (החדשה) בעמ</ManufactureName>
      <ManufactureCountry />
      <ManufactureItemDescription />
      <UnitQty>יח`</UnitQty>
      <Quantity>800</Quantity>
      <UnitMeasure>גרם</UnitMeasure>
      <BisWeighted>0</BisWeighted>
      <QtyInPackage>1</QtyInPackage>
      <ItemPrice>9.90</ItemPrice>
      <UnitOfMeasurePrice>1.24</UnitOfMeasurePrice>
      <AllowDiscount>0</AllowDiscount>
      <itemStatus>1</itemStatus>
      <LastUpdateDate />
      <LastUpdateTime />
    </Product>
    <Product>
      <PriceUpdateDate>2014/10/29 14:43</PriceUpdateDate>
      <ItemCode>7290011525729</ItemCode>
      <ItemType>1</ItemType>
      <ItemName>קמיל בלו סנסטיב שמפו</ItemName>
      <ManufactureName>פישר תעשיות פרמצבטיות בעמ</ManufactureName>
      <ManufactureCountry />
      <ManufactureItemDescription />
      <UnitQty>יח`</UnitQty>
      <Quantity>1</Quantity>
      <UnitMeasure>1 ליטר</UnitMeasure>
      <BisWeighted>0</BisWeighted>
      <QtyInPackage>1</QtyInPackage>
      <ItemPrice>29.90</ItemPrice>
      <UnitOfMeasurePrice>29.90</UnitOfMeasurePrice>
      <AllowDiscount>1</AllowDiscount>
      <itemStatus>1</itemStatus>
      <LastUpdateDate />
      <LastUpdateTime />
    </Product>
    <Product>
      <PriceUpdateDate>2019/12/11 17:11</PriceUpdateDate>
      <ItemCode>7290011530945</ItemCode>
      <ItemType>1</ItemType>
      <ItemName>קרפציו עגל 210  גר`בלדי</ItemName>
      <ManufactureName>בלדי בעמ</ManufactureName>
      <ManufactureCountry />
      <ManufactureItemDescription />
      <UnitQty>יח`</UnitQty>
      <Quantity>210</Quantity>
      <UnitMeasure>גרם</UnitMeasure>
      <BisWeighted>0</BisWeighted>
      <QtyInPackage>1</QtyInPackage>
      <ItemPrice>39.90</ItemPrice>
      <UnitOfMeasurePrice>19</UnitOfMeasurePrice>
      <AllowDiscount>0</AllowDiscount>
      <itemStatus>1</itemStatus>
      <LastUpdateDate />
      <LastUpdateTime />
    </Product>
    <Product>
      <PriceUpdateDate>2014/10/21 09:05</PriceUpdateDate>
      <ItemCode>7290011570132</ItemCode>
      <ItemType>1</ItemType>
      <ItemName>קמח ללא גלוטן גלעם (1 קג)</ItemName>
      <ManufactureName>תומר יבוא ושיווק מוצרי מזון (1</ManufactureName>
      <ManufactureCountry />
      <ManufactureItemDescription />
      <UnitQty>יח`</UnitQty>
      <Quantity>1000</Quantity>
      <UnitMeasure>גרם</UnitMeasure>
      <BisWeighted>0</BisWeighted>
      <QtyInPackage>1</QtyInPackage>
      <ItemPrice>4.90</ItemPrice>
      <UnitOfMeasurePrice>0.49</UnitOfMeasurePrice>
      <AllowDiscount>0</AllowDiscount>
      <itemStatus>1</itemStatus>
      <LastUpdateDate />
      <LastUpdateTime />
    </Product>
    <Product>
      <PriceUpdateDate>2018/07/25 16:27</PriceUpdateDate>
      <ItemCode>7290011570934</ItemCode>
      <ItemType>1</ItemType>
      <ItemName>קמח נטול גלוטן-כרגיל  פנקייק 450 גר</ItemName>
      <ManufactureName>תומר יבוא ושיווק מוצרי מזון (1</ManufactureName>
      <ManufactureCountry />
      <ManufactureItemDescription />
      <UnitQty>יח`</UnitQty>
      <Quantity>450</Quantity>
      <UnitMeasure>גרם</UnitMeasure>
      <BisWeighted>0</BisWeighted>
      <QtyInPackage>1</QtyInPackage>
      <ItemPrice>15.90</ItemPrice>
      <UnitOfMeasurePrice>3.53</UnitOfMeasurePrice>
      <AllowDiscount>0</AllowDiscount>
      <itemStatus>1</itemStatus>
      <LastUpdateDate />
      <LastUpdateTime />
    </Product>
    <Product>
      <PriceUpdateDate>2015/12/01 18:41</PriceUpdateDate>
      <ItemCode>7290011587598</ItemCode>
      <ItemType>1</ItemType>
      <ItemName>פילה אנשובי בשמן תומר (45 גרם)</ItemName>
      <ManufactureName>תומר יבוא ושיווק מוצרי מזון (1</ManufactureName>
      <ManufactureCountry />
      <ManufactureItemDescription />
      <UnitQty>יח`</UnitQty>
      <Quantity>45</Quantity>
      <UnitMeasure>גרם</UnitMeasure>
      <BisWeighted>0</BisWeighted>
      <QtyInPackage>1</QtyInPackage>
      <ItemPrice>5.90</ItemPrice>
      <UnitOfMeasurePrice>13.11</UnitOfMeasurePrice>
      <AllowDiscount>0</AllowDiscount>
      <itemStatus>1</itemStatus>
      <LastUpdateDate />
      <LastUpdateTime />
    </Product>
    <Product>
      <PriceUpdateDate>2020/01/14 08:22</PriceUpdateDate>
      <ItemCode>7290011587611</ItemCode>
      <ItemType>1</ItemType>
      <ItemName>מקרל מרוקאי בשמן</ItemName>
      <ManufactureName>תומר יבוא ושיווק מוצרי מזון (1</ManufactureName>
      <ManufactureCountry />
      <ManufactureItemDescription />
      <UnitQty>יח`</UnitQty>
      <Quantity>125</Quantity>
      <UnitMeasure>גרם</UnitMeasure>
      <BisWeighted>0</BisWeighted>
      <QtyInPackage>1</QtyInPackage>
      <ItemPrice>3.90</ItemPrice>
      <UnitOfMeasurePrice>3.12</UnitOfMeasurePrice>
      <AllowDiscount>0</AllowDiscount>
      <itemStatus>1</itemStatus>
      <LastUpdateDate />
      <LastUpdateTime />
    </Product>
    <Product>
      <PriceUpdateDate>2020/01/14 08:22</PriceUpdateDate>
      <ItemCode>7290011587635</ItemCode>
      <ItemType>1</ItemType>
      <ItemName>מקרל מרוקאי ברוטב עגבניות</ItemName>
      <ManufactureName>תומר יבוא ושיווק מוצרי מזון (1</ManufactureName>
      <ManufactureCountry />
      <ManufactureItemDescription />
      <UnitQty>יח`</UnitQty>
      <Quantity>125</Quantity>
      <UnitMeasure>גרם</UnitMeasure>
      <BisWeighted>0</BisWeighted>
      <QtyInPackage>1</QtyInPackage>
      <ItemPrice>3.90</ItemPrice>
      <UnitOfMeasurePrice>3.12</UnitOfMeasurePrice>
      <AllowDiscount>0</AllowDiscount>
      <itemStatus>1</itemStatus>
      <LastUpdateDate />
      <LastUpdateTime />
    </Product>
    <Product>
      <PriceUpdateDate>2020/01/14 08:22</PriceUpdateDate>
      <ItemCode>7290011587642</ItemCode>
      <ItemType>1</ItemType>
      <ItemName>מקרל מרוקאי חריף</ItemName>
      <ManufactureName>תומר יבוא ושיווק מוצרי מזון (1</ManufactureName>
      <ManufactureCountry />
      <ManufactureItemDescription />
      <UnitQty>יח`</UnitQty>
      <Quantity>125</Quantity>
      <UnitMeasure>גרם</UnitMeasure>
      <BisWeighted>0</BisWeighted>
      <QtyInPackage>1</QtyInPackage>
      <ItemPrice>3.90</ItemPrice>
      <UnitOfMeasurePrice>3.12</UnitOfMeasurePrice>
      <AllowDiscount>0</AllowDiscount>
      <itemStatus>1</itemStatus>
      <LastUpdateDate />
      <LastUpdateTime />
    </Product>
    <Product>
      <PriceUpdateDate>2020/01/14 08:22</PriceUpdateDate>
      <ItemCode>7290011587697</ItemCode>
      <ItemType>1</ItemType>
      <ItemName>מממרח עגבניות פסטו 360  גר`תומר</ItemName>
      <ManufactureName>תומר יבוא ושיווק מוצרי מזון (1</ManufactureName>
      <ManufactureCountry />
      <ManufactureItemDescription />
      <UnitQty>יח`</UnitQty>
      <Quantity>360</Quantity>
      <UnitMeasure>גרם</UnitMeasure>
      <BisWeighted>0</BisWeighted>
      <QtyInPackage>1</QtyInPackage>
      <ItemPrice>12.90</ItemPrice>
      <UnitOfMeasurePrice>3.58</UnitOfMeasurePrice>
      <AllowDiscount>0</AllowDiscount>
      <itemStatus>1</itemStatus>
      <LastUpdateDate />
      <LastUpdateTime />
    </Product>
    <Product>
      <PriceUpdateDate>2020/01/12 10:26</PriceUpdateDate>
      <ItemCode>7290011593117</ItemCode>
      <ItemType>1</ItemType>
      <ItemName>זיתים סורי ירוק מבוקע 800 גר` סבא חביב</ItemName>
      <ManufactureName>אבאל יזמות בעמ</ManufactureName>
      <ManufactureCountry />
      <ManufactureItemDescription />
      <UnitQty>יח`</UnitQty>
      <Quantity>800</Quantity>
      <UnitMeasure>גרם</UnitMeasure>
      <BisWeighted>0</BisWeighted>
      <QtyInPackage>1</QtyInPackage>
      <ItemPrice>19.90</ItemPrice>
      <UnitOfMeasurePrice>2.49</UnitOfMeasurePrice>
      <AllowDiscount>1</AllowDiscount>
      <itemStatus>1</itemStatus>
      <LastUpdateDate />
      <LastUpdateTime />
    </Product>
    <Product>
      <PriceUpdateDate>2018/01/07 07:32</PriceUpdateDate>
      <ItemCode>7290011598211</ItemCode>
      <ItemType>1</ItemType>
      <ItemName>סנו אנטי קאלק 4ב1 700 מל</ItemName>
      <ManufactureName>החברה הדרומית לשיווק בעמ</ManufactureName>
      <ManufactureCountry />
      <ManufactureItemDescription />
      <UnitQty>יח`</UnitQty>
      <Quantity>700</Quantity>
      <UnitMeasure>מ"ל</UnitMeasure>
      <BisWeighted>0</BisWeighted>
      <QtyInPackage>1</QtyInPackage>
      <ItemPrice>19.90</ItemPrice>
      <UnitOfMeasurePrice>2.84</UnitOfMeasurePrice>
      <AllowDiscount>1</AllowDiscount>
      <itemStatus>1</itemStatus>
      <LastUpdateDate />
      <LastUpdateTime />
    </Product>
    <Product>
      <PriceUpdateDate>2018/01/07 07:32</PriceUpdateDate>
      <ItemCode>7290011598372</ItemCode>
      <ItemType>1</ItemType>
      <ItemName>מטלית רצפה מיקרופייבר סנו סושי</ItemName>
      <ManufactureName>החברה הדרומית לשיווק בעמ</ManufactureName>
      <ManufactureCountry />
      <ManufactureItemDescription />
      <UnitQty>יח`</UnitQty>
      <Quantity>1</Quantity>
      <UnitMeasure>יח`</UnitMeasure>
      <BisWeighted>0</BisWeighted>
      <QtyInPackage>1</QtyInPackage>
      <ItemPrice>11.90</ItemPrice>
      <UnitOfMeasurePrice>11.90</UnitOfMeasurePrice>
      <AllowDiscount>0</AllowDiscount>
      <itemStatus>1</itemStatus>
      <LastUpdateDate />
      <LastUpdateTime />
    </Product>
    <Product>
      <PriceUpdateDate>2019/01/30 08:31</PriceUpdateDate>
      <ItemCode>7290011598402</ItemCode>
      <ItemType>1</ItemType>
      <ItemName>סנו מקסימה 4 ליטר ורוד</ItemName>
      <ManufactureName>החברה הדרומית לשיווק בעמ</ManufactureName>
      <ManufactureCountry />
      <ManufactureItemDescription />
      <UnitQty>יח`</UnitQty>
      <Quantity>4</Quantity>
      <UnitMeasure>1 ליטר</UnitMeasure>
      <BisWeighted>0</BisWeighted>
      <QtyInPackage>1</QtyInPackage>
      <ItemPrice>19.90</ItemPrice>
      <UnitOfMeasurePrice>4.98</UnitOfMeasurePrice>
      <AllowDiscount>0</AllowDiscount>
      <itemStatus>1</itemStatus>
      <LastUpdateDate />
      <LastUpdateTime />
    </Product>
    <Product>
      <PriceUpdateDate>2015/12/01 10:21</PriceUpdateDate>
      <ItemCode>7290011607180</ItemCode>
      <ItemType>1</ItemType>
      <ItemName>קולון 1.25 קג 101 כתמים</ItemName>
      <ManufactureName>רקיט בנקיזר (ניר איסט) בעמ</ManufactureName>
      <ManufactureCountry />
      <ManufactureItemDescription />
      <UnitQty>יח`</UnitQty>
      <Quantity>1.25</Quantity>
      <UnitMeasure>ק"ג</UnitMeasure>
      <BisWeighted>0</BisWeighted>
      <QtyInPackage>1</QtyInPackage>
      <ItemPrice>19.90</ItemPrice>
      <UnitOfMeasurePrice>15.92</UnitOfMeasurePrice>
      <AllowDiscount>1</AllowDiscount>
      <itemStatus>1</itemStatus>
      <LastUpdateDate />
      <LastUpdateTime />
    </Product>
    <Product>
      <PriceUpdateDate>2015/12/01 18:43</PriceUpdateDate>
      <ItemCode>7290011618025</ItemCode>
      <ItemType>1</ItemType>
      <ItemName>נגיסי אורז לתינוקות טעם טבעי</ItemName>
      <ManufactureName>דנשר (1963) בעמ</ManufactureName>
      <ManufactureCountry />
      <ManufactureItemDescription />
      <UnitQty>יח`</UnitQty>
      <Quantity>50</Quantity>
      <UnitMeasure>גרם</UnitMeasure>
      <BisWeighted>0</BisWeighted>
      <QtyInPackage>1</QtyInPackage>
      <ItemPrice>13.90</ItemPrice>
      <UnitOfMeasurePrice>27.80</UnitOfMeasurePrice>
      <AllowDiscount>0</AllowDiscount>
      <itemStatus>1</itemStatus>
      <LastUpdateDate />
      <LastUpdateTime />
    </Product>
    <Product>
      <PriceUpdateDate>2018/02/06 09:32</PriceUpdateDate>
      <ItemCode>7290011618131</ItemCode>
      <ItemType>1</ItemType>
      <ItemName>בייבי ביס בטעם גזר</ItemName>
      <ManufactureName>דנשר (1963) בעמ</ManufactureName>
      <ManufactureCountry />
      <ManufactureItemDescription />
      <UnitQty>יח`</UnitQty>
      <Quantity>50</Quantity>
      <UnitMeasure>גרם</UnitMeasure>
      <BisWeighted>0</BisWeighted>
      <QtyInPackage>1</QtyInPackage>
      <ItemPrice>13.90</ItemPrice>
      <UnitOfMeasurePrice>27.80</UnitOfMeasurePrice>
      <AllowDiscount>0</AllowDiscount>
      <itemStatus>1</itemStatus>
      <LastUpdateDate />
      <LastUpdateTime />
    </Product>
    <Product>
      <PriceUpdateDate>2015/04/30 12:18</PriceUpdateDate>
      <ItemCode>7290011622428</ItemCode>
      <ItemType>1</ItemType>
      <ItemName>חטיף בריאות לילדים כתמטמינים (45 גרם)</ItemName>
      <ManufactureName>גורי מוצרי צריכה (1991) בעמ</ManufactureName>
      <ManufactureCountry />
      <ManufactureItemDescription />
      <UnitQty>יח`</UnitQty>
      <Quantity>46</Quantity>
      <UnitMeasure>גרם</UnitMeasure>
      <BisWeighted>0</BisWeighted>
      <QtyInPackage>1</QtyInPackage>
      <ItemPrice>5.90</ItemPrice>
      <UnitOfMeasurePrice>12.83</UnitOfMeasurePrice>
      <AllowDiscount>1</AllowDiscount>
      <itemStatus>1</itemStatus>
      <LastUpdateDate />
      <LastUpdateTime />
    </Product>
    <Product>
      <PriceUpdateDate>2018/02/06 08:47</PriceUpdateDate>
      <ItemCode>7290011668143</ItemCode>
      <ItemType>1</ItemType>
      <ItemName>מסכה משקמת פנינה רוזנבלום (1 ליטר)</ItemName>
      <ManufactureName>פנינה רוזנבלום בעמ</ManufactureName>
      <ManufactureCountry />
      <ManufactureItemDescription />
      <UnitQty>יח`</UnitQty>
      <Quantity>1</Quantity>
      <UnitMeasure>ק"ג</UnitMeasure>
      <BisWeighted>0</BisWeighted>
      <QtyInPackage>1</QtyInPackage>
      <ItemPrice>30.90</ItemPrice>
      <UnitOfMeasurePrice>30.90</UnitOfMeasurePrice>
      <AllowDiscount>0</AllowDiscount>
      <itemStatus>1</itemStatus>
      <LastUpdateDate />
      <LastUpdateTime />
    </Product>
    <Product>
      <PriceUpdateDate>2016/01/10 08:45</PriceUpdateDate>
      <ItemCode>7290011668570</ItemCode>
      <ItemType>1</ItemType>
      <ItemName>גרנולה פירות יבשים 500 גר פנינה רוזנבלום</ItemName>
      <ManufactureName>פנינה רוזנבלום בעמ</ManufactureName>
      <ManufactureCountry />
      <ManufactureItemDescription />
      <UnitQty>יח`</UnitQty>
      <Quantity>500</Quantity>
      <UnitMeasure>גרם</UnitMeasure>
      <BisWeighted>0</BisWeighted>
      <QtyInPackage>1</QtyInPackage>
      <ItemPrice>29.90</ItemPrice>
      <UnitOfMeasurePrice>5.98</UnitOfMeasurePrice>
      <AllowDiscount>1</AllowDiscount>
      <itemStatus>1</itemStatus>
      <LastUpdateDate />
      <LastUpdateTime />
    </Product>
    <Product>
      <PriceUpdateDate>2019/03/05 07:21</PriceUpdateDate>
      <ItemCode>7290011723200</ItemCode>
      <ItemType>1</ItemType>
      <ItemName>טחינה 500 גר`-הר  ברכה</ItemName>
      <ManufactureName>רזיט שיווק בעמ</ManufactureName>
      <ManufactureCountry />
      <ManufactureItemDescription />
      <UnitQty>יח`</UnitQty>
      <Quantity>500</Quantity>
      <UnitMeasure>גרם</UnitMeasure>
      <BisWeighted>0</BisWeighted>
      <QtyInPackage>1</QtyInPackage>
      <ItemPrice>16.90</ItemPrice>
      <UnitOfMeasurePrice>3.38</UnitOfMeasurePrice>
      <AllowDiscount>0</AllowDiscount>
      <itemStatus>1</itemStatus>
      <LastUpdateDate />
      <LastUpdateTime />
    </Product>
    <Product>
      <PriceUpdateDate>2015/12/01 18:43</PriceUpdateDate>
      <ItemCode>7290011765217</ItemCode>
      <ItemType>1</ItemType>
      <ItemName>ס. מדיק היגניק ג`ל לניקוי יד +אלוורה 100</ItemName>
      <ManufactureName>החברה הדרומית לשיווק בעמ</ManufactureName>
      <ManufactureCountry />
      <ManufactureItemDescription />
      <UnitQty>יח`</UnitQty>
      <Quantity>100</Quantity>
      <UnitMeasure>מ"ל</UnitMeasure>
      <BisWeighted>0</BisWeighted>
      <QtyInPackage>1</QtyInPackage>
      <ItemPrice>12.90</ItemPrice>
      <UnitOfMeasurePrice>12.90</UnitOfMeasurePrice>
      <AllowDiscount>1</AllowDiscount>
      <itemStatus>1</itemStatus>
      <LastUpdateDate />
      <LastUpdateTime />
    </Product>
    <Product>
      <PriceUpdateDate>2018/01/07 07:32</PriceUpdateDate>
      <ItemCode>7290011765392</ItemCode>
      <ItemType>1</ItemType>
      <ItemName>בוב ספוג שמפו לילדים כיף (750 מל).</ItemName>
      <ManufactureName>החברה הדרומית לשיווק בעמ</ManufactureName>
      <ManufactureCountry />
      <ManufactureItemDescription />
      <UnitQty>יח`</UnitQty>
      <Quantity>750</Quantity>
      <UnitMeasure>מ"ל</UnitMeasure>
      <BisWeighted>0</BisWeighted>
      <QtyInPackage>1</QtyInPackage>
      <ItemPrice>11.90</ItemPrice>
      <UnitOfMeasurePrice>1.59</UnitOfMeasurePrice>
      <AllowDiscount>1</AllowDiscount>
      <itemStatus>1</itemStatus>
      <LastUpdateDate />
      <LastUpdateTime />
    </Product>
    <Product>
      <PriceUpdateDate>2018/01/07 07:32</PriceUpdateDate>
      <ItemCode>7290011765415</ItemCode>
      <ItemType>1</ItemType>
      <ItemName>בוב ספוג מרכך שיער לילדים כיף (750 מל).</ItemName>
      <ManufactureName>החברה הדרומית לשיווק בעמ</ManufactureName>
      <ManufactureCountry />
      <ManufactureItemDescription />
      <UnitQty>יח`</UnitQty>
      <Quantity>750</Quantity>
      <UnitMeasure>מ"ל</UnitMeasure>
      <BisWeighted>0</BisWeighted>
      <QtyInPackage>1</QtyInPackage>
      <ItemPrice>11.90</ItemPrice>
      <UnitOfMeasurePrice>1.59</UnitOfMeasurePrice>
      <AllowDiscount>1</AllowDiscount>
      <itemStatus>1</itemStatus>
      <LastUpdateDate />
      <LastUpdateTime />
    </Product>
    <Product>
      <PriceUpdateDate>2015/12/01 18:43</PriceUpdateDate>
      <ItemCode>7290011765422</ItemCode>
      <ItemType>1</ItemType>
      <ItemName>בוב ספוג אל סבון כיף (750 מל)</ItemName>
      <ManufactureName>החברה הדרומית לשיווק בעמ</ManufactureName>
      <ManufactureCountry />
      <ManufactureItemDescription />
      <UnitQty>יח`</UnitQty>
      <Quantity>750</Quantity>
      <UnitMeasure>מ"ל</UnitMeasure>
      <BisWeighted>0</BisWeighted>
      <QtyInPackage>1</QtyInPackage>
      <ItemPrice>13.90</ItemPrice>
      <UnitOfMeasurePrice>1.85</UnitOfMeasurePrice>
      <AllowDiscount>1</AllowDiscount>
      <itemStatus>1</itemStatus>
      <LastUpdateDate />
      <LastUpdateTime />
    </Product>
    <Product>
      <PriceUpdateDate>2018/01/07 07:32</PriceUpdateDate>
      <ItemCode>7290011765446</ItemCode>
      <ItemType>1</ItemType>
      <ItemName>משחת שיניים אורביטול בוב ספוג 70 גרם</ItemName>
      <ManufactureName>החברה הדרומית לשיווק בעמ</ManufactureName>
      <ManufactureCountry />
      <ManufactureItemDescription />
      <UnitQty>יח`</UnitQty>
      <Quantity>70</Quantity>
      <UnitMeasure>גרם</UnitMeasure>
      <BisWeighted>0</BisWeighted>
      <QtyInPackage>1</QtyInPackage>
      <ItemPrice>7.90</ItemPrice>
      <UnitOfMeasurePrice>11.29</UnitOfMeasurePrice>
      <AllowDiscount>0</AllowDiscount>
      <itemStatus>1</itemStatus>
      <LastUpdateDate />
      <LastUpdateTime />
    </Product>
    <Product>
      <PriceUpdateDate>2019/04/05 11:38</PriceUpdateDate>
      <ItemCode>7290011765613</ItemCode>
      <ItemType>1</ItemType>
      <ItemName>מתז עובש בניחוח לימון 1 לייטר סנו</ItemName>
      <ManufactureName>החברה הדרומית לשיווק בעמ</ManufactureName>
      <ManufactureCountry />
      <ManufactureItemDescription />
      <UnitQty>יח`</UnitQty>
      <Quantity>1000</Quantity>
      <UnitMeasure>מ"ל</UnitMeasure>
      <BisWeighted>0</BisWeighted>
      <QtyInPackage>1</QtyInPackage>
      <ItemPrice>15.90</ItemPrice>
      <UnitOfMeasurePrice>1.59</UnitOfMeasurePrice>
      <AllowDiscount>0</AllowDiscount>
      <itemStatus>1</itemStatus>
      <LastUpdateDate />
      <LastUpdateTime />
    </Product>
    <Product>
      <PriceUpdateDate>2015/06/01 11:27</PriceUpdateDate>
      <ItemCode>7290011800642</ItemCode>
      <ItemType>1</ItemType>
      <ItemName>מטבוחה מרוקאית רפי כהן צבר (400 גרם)</ItemName>
      <ManufactureName>קבוצת אסם סחר שות. מוגבלת</ManufactureName>
      <ManufactureCountry />
      <ManufactureItemDescription />
      <UnitQty>יח`</UnitQty>
      <Quantity>400</Quantity>
      <UnitMeasure>גרם</UnitMeasure>
      <BisWeighted>0</BisWeighted>
      <QtyInPackage>1</QtyInPackage>
      <ItemPrice>15.90</ItemPrice>
      <UnitOfMeasurePrice>3.98</UnitOfMeasurePrice>
      <AllowDiscount>1</AllowDiscount>
      <itemStatus>1</itemStatus>
      <LastUpdateDate />
      <LastUpdateTime />
    </Product>
    <Product>
      <PriceUpdateDate>2015/06/01 11:27</PriceUpdateDate>
      <ItemCode>7290011800840</ItemCode>
      <ItemType>1</ItemType>
      <ItemName>טחינה בלאדי רפי כהן צבר (400 גרם)</ItemName>
      <ManufactureName>קבוצת אסם סחר שות. מוגבלת</ManufactureName>
      <ManufactureCountry />
      <ManufactureItemDescription />
      <UnitQty>יח`</UnitQty>
      <Quantity>400</Quantity>
      <UnitMeasure>גרם</UnitMeasure>
      <BisWeighted>0</BisWeighted>
      <QtyInPackage>1</QtyInPackage>
      <ItemPrice>15.90</ItemPrice>
      <UnitOfMeasurePrice>3.98</UnitOfMeasurePrice>
      <AllowDiscount>1</AllowDiscount>
      <itemStatus>1</itemStatus>
      <LastUpdateDate />
      <LastUpdateTime />
    </Product>
    <Product>
      <PriceUpdateDate>2015/05/27 18:21</PriceUpdateDate>
      <ItemCode>7290011876388</ItemCode>
      <ItemType>1</ItemType>
      <ItemName>קציצות עוף ובקר מאמא עוף (600 גרם)</ItemName>
      <ManufactureName>תנובה קפואים</ManufactureName>
      <ManufactureCountry />
      <ManufactureItemDescription />
      <UnitQty>יח`</UnitQty>
      <Quantity>600</Quantity>
      <UnitMeasure>גרם</UnitMeasure>
      <BisWeighted>0</BisWeighted>
      <QtyInPackage>1</QtyInPackage>
      <ItemPrice>32</ItemPrice>
      <UnitOfMeasurePrice>5.33</UnitOfMeasurePrice>
      <AllowDiscount>0</AllowDiscount>
      <itemStatus>1</itemStatus>
      <LastUpdateDate />
      <LastUpdateTime />
    </Product>
    <Product>
      <PriceUpdateDate>2015/01/29 12:20</PriceUpdateDate>
      <ItemCode>7290011876494</ItemCode>
      <ItemType>1</ItemType>
      <ItemName>שניצל עוף ותירס מאמא עוף (750 גרם)</ItemName>
      <ManufactureName>תנובה קפואים</ManufactureName>
      <ManufactureCountry />
      <ManufactureItemDescription />
      <UnitQty>יח`</UnitQty>
      <Quantity>750</Quantity>
      <UnitMeasure>גרם</UnitMeasure>
      <BisWeighted>0</BisWeighted>
      <QtyInPackage>1</QtyInPackage>
      <ItemPrice>36</ItemPrice>
      <UnitOfMeasurePrice>4.80</UnitOfMeasurePrice>
      <AllowDiscount>0</AllowDiscount>
      <itemStatus>1</itemStatus>
      <LastUpdateDate />
      <LastUpdateTime />
    </Product>
    <Product>
      <PriceUpdateDate>2013/11/26 17:59</PriceUpdateDate>
      <ItemCode>7290011877866</ItemCode>
      <ItemType>1</ItemType>
      <ItemName>סנו מקסימה 6 קג מאסק</ItemName>
      <ManufactureName>החברה הדרומית לשיווק בעמ</ManufactureName>
      <ManufactureCountry />
      <ManufactureItemDescription />
      <UnitQty>יח`</UnitQty>
      <Quantity>6000</Quantity>
      <UnitMeasure>גרם</UnitMeasure>
      <BisWeighted>0</BisWeighted>
      <QtyInPackage>1</QtyInPackage>
      <ItemPrice>49.90</ItemPrice>
      <UnitOfMeasurePrice>0.83</UnitOfMeasurePrice>
      <AllowDiscount>0</AllowDiscount>
      <itemStatus>1</itemStatus>
      <LastUpdateDate />
      <LastUpdateTime />
    </Product>
    <Product>
      <PriceUpdateDate>2017/01/22 08:28</PriceUpdateDate>
      <ItemCode>7290011923273</ItemCode>
      <ItemType>1</ItemType>
      <ItemName>טופו אורגני ליב (300 גרם)</ItemName>
      <ManufactureName>ל.י.ב. (לחיות יותר בטבע) בעמ</ManufactureName>
      <ManufactureCountry />
      <ManufactureItemDescription />
      <UnitQty>יח`</UnitQty>
      <Quantity>300</Quantity>
      <UnitMeasure>גרם</UnitMeasure>
      <BisWeighted>0</BisWeighted>
      <QtyInPackage>1</QtyInPackage>
      <ItemPrice>11.90</ItemPrice>
      <UnitOfMeasurePrice>3.97</UnitOfMeasurePrice>
      <AllowDiscount>0</AllowDiscount>
      <itemStatus>1</itemStatus>
      <LastUpdateDate />
      <LastUpdateTime />
    </Product>
    <Product>
      <PriceUpdateDate>2015/06/28 16:54</PriceUpdateDate>
      <ItemCode>7290011923303</ItemCode>
      <ItemType>1</ItemType>
      <ItemName>טופו טבעי ליב (300 גרם)</ItemName>
      <ManufactureName>ל.י.ב. (לחיות יותר בטבע) בעמ</ManufactureName>
      <ManufactureCountry />
      <ManufactureItemDescription />
      <UnitQty>יח`</UnitQty>
      <Quantity>300</Quantity>
      <UnitMeasure>גרם</UnitMeasure>
      <BisWeighted>0</BisWeighted>
      <QtyInPackage>1</QtyInPackage>
      <ItemPrice>9.90</ItemPrice>
      <UnitOfMeasurePrice>3.30</UnitOfMeasurePrice>
      <AllowDiscount>0</AllowDiscount>
      <itemStatus>1</itemStatus>
      <LastUpdateDate />
      <LastUpdateTime />
    </Product>
    <Product>
      <PriceUpdateDate>2019/11/24 08:50</PriceUpdateDate>
      <ItemCode>7290011947309</ItemCode>
      <ItemType>1</ItemType>
      <ItemName>זית סורי עם לימון כבוש זיתא (230 גרם)</ItemName>
      <ManufactureName>תה ויסוצקי (ישראל) בעמ</ManufactureName>
      <ManufactureCountry />
      <ManufactureItemDescription />
      <UnitQty>יח`</UnitQty>
      <Quantity>230</Quantity>
      <UnitMeasure>גרם</UnitMeasure>
      <BisWeighted>0</BisWeighted>
      <QtyInPackage>1</QtyInPackage>
      <ItemPrice>12.90</ItemPrice>
      <UnitOfMeasurePrice>5.61</UnitOfMeasurePrice>
      <AllowDiscount>0</AllowDiscount>
      <itemStatus>1</itemStatus>
      <LastUpdateDate />
      <LastUpdateTime />
    </Product>
    <Product>
      <PriceUpdateDate>2019/11/24 08:50</PriceUpdateDate>
      <ItemCode>7290011947316</ItemCode>
      <ItemType>1</ItemType>
      <ItemName>זיתי קלמטה 215 גר</ItemName>
      <ManufactureName>תה ויסוצקי (ישראל) בעמ</ManufactureName>
      <ManufactureCountry />
      <ManufactureItemDescription />
      <UnitQty>יח`</UnitQty>
      <Quantity>215</Quantity>
      <UnitMeasure>גרם</UnitMeasure>
      <BisWeighted>0</BisWeighted>
      <QtyInPackage>1</QtyInPackage>
      <ItemPrice>12.90</ItemPrice>
      <UnitOfMeasurePrice>6</UnitOfMeasurePrice>
      <AllowDiscount>0</AllowDiscount>
      <itemStatus>1</itemStatus>
      <LastUpdateDate />
      <LastUpdateTime />
    </Product>
    <Product>
      <PriceUpdateDate>2018/02/14 12:16</PriceUpdateDate>
      <ItemCode>7290011964344</ItemCode>
      <ItemType>1</ItemType>
      <ItemName>שום גבישי 120 גר`</ItemName>
      <ManufactureName>תבליני טעם וריח בעמ</ManufactureName>
      <ManufactureCountry />
      <ManufactureItemDescription />
      <UnitQty>יח`</UnitQty>
      <Quantity>120</Quantity>
      <UnitMeasure>גרם</UnitMeasure>
      <BisWeighted>0</BisWeighted>
      <QtyInPackage>1</QtyInPackage>
      <ItemPrice>8.90</ItemPrice>
      <UnitOfMeasurePrice>7.42</UnitOfMeasurePrice>
      <AllowDiscount>0</AllowDiscount>
      <itemStatus>1</itemStatus>
      <LastUpdateDate />
      <LastUpdateTime />
    </Product>
    <Product>
      <PriceUpdateDate>2018/02/14 12:16</PriceUpdateDate>
      <ItemCode>7290011964658</ItemCode>
      <ItemType>1</ItemType>
      <ItemName>מלח לימון 170 גר`</ItemName>
      <ManufactureName>תבליני טעם וריח בעמ</ManufactureName>
      <ManufactureCountry />
      <ManufactureItemDescription />
      <UnitQty>יח`</UnitQty>
      <Quantity>170</Quantity>
      <UnitMeasure>גרם</UnitMeasure>
      <BisWeighted>0</BisWeighted>
      <QtyInPackage>1</QtyInPackage>
      <ItemPrice>8.90</ItemPrice>
      <UnitOfMeasurePrice>5.24</UnitOfMeasurePrice>
      <AllowDiscount>0</AllowDiscount>
      <itemStatus>1</itemStatus>
      <LastUpdateDate />
      <LastUpdateTime />
    </Product>
    <Product>
      <PriceUpdateDate>2018/02/15 07:15</PriceUpdateDate>
      <ItemCode>7290011964689</ItemCode>
      <ItemType>1</ItemType>
      <ItemName>תיבול על האש 100 גר`</ItemName>
      <ManufactureName>תבליני טעם וריח בעמ</ManufactureName>
      <ManufactureCountry />
      <ManufactureItemDescription />
      <UnitQty>יח`</UnitQty>
      <Quantity>100</Quantity>
      <UnitMeasure>גרם</UnitMeasure>
      <BisWeighted>0</BisWeighted>
      <QtyInPackage>1</QtyInPackage>
      <ItemPrice>8.90</ItemPrice>
      <UnitOfMeasurePrice>8.90</UnitOfMeasurePrice>
      <AllowDiscount>0</AllowDiscount>
      <itemStatus>1</itemStatus>
      <LastUpdateDate />
      <LastUpdateTime />
    </Product>
    <Product>
      <PriceUpdateDate>2018/02/14 12:16</PriceUpdateDate>
      <ItemCode>7290011964702</ItemCode>
      <ItemType>1</ItemType>
      <ItemName>תיבול לשווארמה 100 גר`</ItemName>
      <ManufactureName>תבליני טעם וריח בעמ</ManufactureName>
      <ManufactureCountry />
      <ManufactureItemDescription />
      <UnitQty>יח`</UnitQty>
      <Quantity>100</Quantity>
      <UnitMeasure>גרם</UnitMeasure>
      <BisWeighted>0</BisWeighted>
      <QtyInPackage>1</QtyInPackage>
      <ItemPrice>8.90</ItemPrice>
      <UnitOfMeasurePrice>8.90</UnitOfMeasurePrice>
      <AllowDiscount>0</AllowDiscount>
      <itemStatus>1</itemStatus>
      <LastUpdateDate />
      <LastUpdateTime />
    </Product>
    <Product>
      <PriceUpdateDate>2018/08/01 08:45</PriceUpdateDate>
      <ItemCode>7290011969141</ItemCode>
      <ItemType>1</ItemType>
      <ItemName>מגבונים לחים טייגר 72 יח</ItemName>
      <ManufactureName>פאלאס תעשיות נטו (2014) בעמ</ManufactureName>
      <ManufactureCountry />
      <ManufactureItemDescription />
      <UnitQty>יח`</UnitQty>
      <Quantity>1</Quantity>
      <UnitMeasure />
      <BisWeighted>0</BisWeighted>
      <QtyInPackage>1</QtyInPackage>
      <ItemPrice>2.90</ItemPrice>
      <UnitOfMeasurePrice>2.90</UnitOfMeasurePrice>
      <AllowDiscount>1</AllowDiscount>
      <itemStatus>1</itemStatus>
      <LastUpdateDate />
      <LastUpdateTime />
    </Product>
    <Product>
      <PriceUpdateDate>2018/08/01 08:49</PriceUpdateDate>
      <ItemCode>7290011969158</ItemCode>
      <ItemType>1</ItemType>
      <ItemName>מגבונים לחים טייגר חמישייה 72 יח</ItemName>
      <ManufactureName>פאלאס תעשיות נטו (2014) בעמ</ManufactureName>
      <ManufactureCountry />
      <ManufactureItemDescription />
      <UnitQty>יח`</UnitQty>
      <Quantity>5</Quantity>
      <UnitMeasure>יח`</UnitMeasure>
      <BisWeighted>0</BisWeighted>
      <QtyInPackage>1</QtyInPackage>
      <ItemPrice>11.90</ItemPrice>
      <UnitOfMeasurePrice>2.38</UnitOfMeasurePrice>
      <AllowDiscount>0</AllowDiscount>
      <itemStatus>1</itemStatus>
      <LastUpdateDate />
      <LastUpdateTime />
    </Product>
    <Product>
      <PriceUpdateDate>2015/11/30 12:18</PriceUpdateDate>
      <ItemCode>7290011996000</ItemCode>
      <ItemType>1</ItemType>
      <ItemName>איטריות עגבניות 454 גר`</ItemName>
      <ManufactureName>טעמי אסיה בעמ</ManufactureName>
      <ManufactureCountry />
      <ManufactureItemDescription />
      <UnitQty>יח`</UnitQty>
      <Quantity>454</Quantity>
      <UnitMeasure>גרם</UnitMeasure>
      <BisWeighted>0</BisWeighted>
      <QtyInPackage>1</QtyInPackage>
      <ItemPrice>9.90</ItemPrice>
      <UnitOfMeasurePrice>2.18</UnitOfMeasurePrice>
      <AllowDiscount>1</AllowDiscount>
      <itemStatus>1</itemStatus>
      <LastUpdateDate />
      <LastUpdateTime />
    </Product>
    <Product>
      <PriceUpdateDate>2015/11/30 12:18</PriceUpdateDate>
      <ItemCode>7290011996017</ItemCode>
      <ItemType>1</ItemType>
      <ItemName>נודלס אטריות תרד טעמי אסיה (454 גרם)</ItemName>
      <ManufactureName>טעמי אסיה בעמ</ManufactureName>
      <ManufactureCountry />
      <ManufactureItemDescription />
      <UnitQty>יח`</UnitQty>
      <Quantity>454</Quantity>
      <UnitMeasure>גרם</UnitMeasure>
      <BisWeighted>0</BisWeighted>
      <QtyInPackage>1</QtyInPackage>
      <ItemPrice>9.90</ItemPrice>
      <UnitOfMeasurePrice>2.18</UnitOfMeasurePrice>
      <AllowDiscount>1</AllowDiscount>
      <itemStatus>1</itemStatus>
      <LastUpdateDate />
      <LastUpdateTime />
    </Product>
    <Product>
      <PriceUpdateDate>2015/11/30 12:18</PriceUpdateDate>
      <ItemCode>7290011996031</ItemCode>
      <ItemType>1</ItemType>
      <ItemName>אטריות ביצים טעמי אסיה (454 גרם)</ItemName>
      <ManufactureName>טעמי אסיה בעמ</ManufactureName>
      <ManufactureCountry />
      <ManufactureItemDescription />
      <UnitQty>יח`</UnitQty>
      <Quantity>454</Quantity>
      <UnitMeasure>גרם</UnitMeasure>
      <BisWeighted>0</BisWeighted>
      <QtyInPackage>1</QtyInPackage>
      <ItemPrice>9.90</ItemPrice>
      <UnitOfMeasurePrice>2.18</UnitOfMeasurePrice>
      <AllowDiscount>1</AllowDiscount>
      <itemStatus>1</itemStatus>
      <LastUpdateDate />
      <LastUpdateTime />
    </Product>
    <Product>
      <PriceUpdateDate>2015/05/27 11:08</PriceUpdateDate>
      <ItemCode>7290011996062</ItemCode>
      <ItemType>1</ItemType>
      <ItemName>אורז לסושי טעמי אסיה (1 קג)</ItemName>
      <ManufactureName>טעמי אסיה בעמ</ManufactureName>
      <ManufactureCountry />
      <ManufactureItemDescription />
      <UnitQty>יח`</UnitQty>
      <Quantity>1</Quantity>
      <UnitMeasure>ק"ג</UnitMeasure>
      <BisWeighted>0</BisWeighted>
      <QtyInPackage>1</QtyInPackage>
      <ItemPrice>12.90</ItemPrice>
      <UnitOfMeasurePrice>12.90</UnitOfMeasurePrice>
      <AllowDiscount>0</AllowDiscount>
      <itemStatus>1</itemStatus>
      <LastUpdateDate />
      <LastUpdateTime />
    </Product>
    <Product>
      <PriceUpdateDate>2015/02/16 09:07</PriceUpdateDate>
      <ItemCode>7290011996109</ItemCode>
      <ItemType>1</ItemType>
      <ItemName>רוטב צ`ילי מתוק טעמי אסיה (700 מל)</ItemName>
      <ManufactureName>טעמי אסיה בעמ</ManufactureName>
      <ManufactureCountry />
      <ManufactureItemDescription />
      <UnitQty>יח`</UnitQty>
      <Quantity>700</Quantity>
      <UnitMeasure>מ"ל</UnitMeasure>
      <BisWeighted>0</BisWeighted>
      <QtyInPackage>1</QtyInPackage>
      <ItemPrice>8.90</ItemPrice>
      <UnitOfMeasurePrice>1.27</UnitOfMeasurePrice>
      <AllowDiscount>0</AllowDiscount>
      <itemStatus>1</itemStatus>
      <LastUpdateDate />
      <LastUpdateTime />
    </Product>
    <Product>
      <PriceUpdateDate>2015/01/13 16:26</PriceUpdateDate>
      <ItemCode>7290011996178</ItemCode>
      <ItemType>1</ItemType>
      <ItemName>רוטב סויה בסגנון יפני 280</ItemName>
      <ManufactureName>טעמי אסיה בעמ</ManufactureName>
      <ManufactureCountry />
      <ManufactureItemDescription />
      <UnitQty>יח`</UnitQty>
      <Quantity>280</Quantity>
      <UnitMeasure>מ"ל</UnitMeasure>
      <BisWeighted>0</BisWeighted>
      <QtyInPackage>1</QtyInPackage>
      <ItemPrice>9.90</ItemPrice>
      <UnitOfMeasurePrice>3.54</UnitOfMeasurePrice>
      <AllowDiscount>0</AllowDiscount>
      <itemStatus>1</itemStatus>
      <LastUpdateDate />
      <LastUpdateTime />
    </Product>
    <Product>
      <PriceUpdateDate>2015/02/16 09:07</PriceUpdateDate>
      <ItemCode>7290011996185</ItemCode>
      <ItemType>1</ItemType>
      <ItemName>חומץ אורז לבן לסושי טעמי אסיה (250 מל)</ItemName>
      <ManufactureName>טעמי אסיה בעמ</ManufactureName>
      <ManufactureCountry />
      <ManufactureItemDescription />
      <UnitQty>יח`</UnitQty>
      <Quantity>250</Quantity>
      <UnitMeasure>מ"ל</UnitMeasure>
      <BisWeighted>0</BisWeighted>
      <QtyInPackage>1</QtyInPackage>
      <ItemPrice>9.90</ItemPrice>
      <UnitOfMeasurePrice>3.96</UnitOfMeasurePrice>
      <AllowDiscount>0</AllowDiscount>
      <itemStatus>1</itemStatus>
      <LastUpdateDate />
      <LastUpdateTime />
    </Product>
    <Product>
      <PriceUpdateDate>2015/11/30 12:18</PriceUpdateDate>
      <ItemCode>7290011996222</ItemCode>
      <ItemType>1</ItemType>
      <ItemName>מי קוקוס טעמי אסיה (400 מל)</ItemName>
      <ManufactureName>טעמי אסיה בעמ</ManufactureName>
      <ManufactureCountry />
      <ManufactureItemDescription />
      <UnitQty>יח`</UnitQty>
      <Quantity>400</Quantity>
      <UnitMeasure>מ"ל</UnitMeasure>
      <BisWeighted>0</BisWeighted>
      <QtyInPackage>1</QtyInPackage>
      <ItemPrice>7.90</ItemPrice>
      <UnitOfMeasurePrice>1.98</UnitOfMeasurePrice>
      <AllowDiscount>1</AllowDiscount>
      <itemStatus>1</itemStatus>
      <LastUpdateDate />
      <LastUpdateTime />
    </Product>
    <Product>
      <PriceUpdateDate>2015/02/16 09:07</PriceUpdateDate>
      <ItemCode>7290011996499</ItemCode>
      <ItemType>1</ItemType>
      <ItemName>אטריות אורז דקות טעמי אסיה (400 גרם)</ItemName>
      <ManufactureName>טעמי אסיה בעמ</ManufactureName>
      <ManufactureCountry />
      <ManufactureItemDescription />
      <UnitQty>יח`</UnitQty>
      <Quantity>400</Quantity>
      <UnitMeasure>גרם</UnitMeasure>
      <BisWeighted>0</BisWeighted>
      <QtyInPackage>1</QtyInPackage>
      <ItemPrice>9.90</ItemPrice>
      <UnitOfMeasurePrice>2.48</UnitOfMeasurePrice>
      <AllowDiscount>0</AllowDiscount>
      <itemStatus>1</itemStatus>
      <LastUpdateDate />
      <LastUpdateTime />
    </Product>
    <Product>
      <PriceUpdateDate>2014/10/07 14:36</PriceUpdateDate>
      <ItemCode>7290011996512</ItemCode>
      <ItemType>1</ItemType>
      <ItemName>אטריות אורז 3 סמ טעמי אסיה (400 גרם)</ItemName>
      <ManufactureName>טעמי אסיה בעמ</ManufactureName>
      <ManufactureCountry />
      <ManufactureItemDescription />
      <UnitQty>יח`</UnitQty>
      <Quantity>400</Quantity>
      <UnitMeasure>גרם</UnitMeasure>
      <BisWeighted>0</BisWeighted>
      <QtyInPackage>1</QtyInPackage>
      <ItemPrice>9.90</ItemPrice>
      <UnitOfMeasurePrice>2.48</UnitOfMeasurePrice>
      <AllowDiscount>0</AllowDiscount>
      <itemStatus>1</itemStatus>
      <LastUpdateDate />
      <LastUpdateTime />
    </Product>
    <Product>
      <PriceUpdateDate>2014/10/29 12:31</PriceUpdateDate>
      <ItemCode>7290011996581</ItemCode>
      <ItemType>1</ItemType>
      <ItemName>רוטב חמוץ מתוק 300 מל</ItemName>
      <ManufactureName>טעמי אסיה בעמ</ManufactureName>
      <ManufactureCountry />
      <ManufactureItemDescription />
      <UnitQty>יח`</UnitQty>
      <Quantity>300</Quantity>
      <UnitMeasure>מ"ל</UnitMeasure>
      <BisWeighted>0</BisWeighted>
      <QtyInPackage>1</QtyInPackage>
      <ItemPrice>9.90</ItemPrice>
      <UnitOfMeasurePrice>3.30</UnitOfMeasurePrice>
      <AllowDiscount>0</AllowDiscount>
      <itemStatus>1</itemStatus>
      <LastUpdateDate />
      <LastUpdateTime />
    </Product>
    <Product>
      <PriceUpdateDate>2015/02/16 09:07</PriceUpdateDate>
      <ItemCode>7290011996604</ItemCode>
      <ItemType>1</ItemType>
      <ItemName>רוטב פאד תאי טעמי אסיה (300 מל)</ItemName>
      <ManufactureName>טעמי אסיה בעמ</ManufactureName>
      <ManufactureCountry />
      <ManufactureItemDescription />
      <UnitQty>יח`</UnitQty>
      <Quantity>366</Quantity>
      <UnitMeasure>גרם</UnitMeasure>
      <BisWeighted>0</BisWeighted>
      <QtyInPackage>1</QtyInPackage>
      <ItemPrice>16.90</ItemPrice>
      <UnitOfMeasurePrice>4.62</UnitOfMeasurePrice>
      <AllowDiscount>0</AllowDiscount>
      <itemStatus>1</itemStatus>
      <LastUpdateDate />
      <LastUpdateTime />
    </Product>
    <Product>
      <PriceUpdateDate>2015/01/13 16:26</PriceUpdateDate>
      <ItemCode>7290011996642</ItemCode>
      <ItemType>1</ItemType>
      <ItemName>מלחייה קלוי 100 גר`</ItemName>
      <ManufactureName>טעמי אסיה בעמ</ManufactureName>
      <ManufactureCountry />
      <ManufactureItemDescription />
      <UnitQty>יח`</UnitQty>
      <Quantity>100</Quantity>
      <UnitMeasure>גרם</UnitMeasure>
      <BisWeighted>0</BisWeighted>
      <QtyInPackage>1</QtyInPackage>
      <ItemPrice>13.90</ItemPrice>
      <UnitOfMeasurePrice>13.90</UnitOfMeasurePrice>
      <AllowDiscount>0</AllowDiscount>
      <itemStatus>1</itemStatus>
      <LastUpdateDate />
      <LastUpdateTime />
    </Product>
    <Product>
      <PriceUpdateDate>2019/01/03 11:50</PriceUpdateDate>
      <ItemCode>7290011996703</ItemCode>
      <ItemType>1</ItemType>
      <ItemName>טעם אסיה אצות וקאמה 100גר</ItemName>
      <ManufactureName>טעמי אסיה בעמ</ManufactureName>
      <ManufactureCountry />
      <ManufactureItemDescription />
      <UnitQty>יח`</UnitQty>
      <Quantity>100</Quantity>
      <UnitMeasure>גרם</UnitMeasure>
      <BisWeighted>0</BisWeighted>
      <QtyInPackage>1</QtyInPackage>
      <ItemPrice>11.90</ItemPrice>
      <UnitOfMeasurePrice>11.90</UnitOfMeasurePrice>
      <AllowDiscount>0</AllowDiscount>
      <itemStatus>1</itemStatus>
      <LastUpdateDate />
      <LastUpdateTime />
    </Product>
    <Product>
      <PriceUpdateDate>2015/02/16 09:07</PriceUpdateDate>
      <ItemCode>7290011996758</ItemCode>
      <ItemType>1</ItemType>
      <ItemName>קמח טמפורה כשר מזרח ומערב 500 גר`</ItemName>
      <ManufactureName>טעמי אסיה בעמ</ManufactureName>
      <ManufactureCountry />
      <ManufactureItemDescription />
      <UnitQty>יח`</UnitQty>
      <Quantity>500</Quantity>
      <UnitMeasure>גרם</UnitMeasure>
      <BisWeighted>0</BisWeighted>
      <QtyInPackage>1</QtyInPackage>
      <ItemPrice>10.90</ItemPrice>
      <UnitOfMeasurePrice>2.18</UnitOfMeasurePrice>
      <AllowDiscount>0</AllowDiscount>
      <itemStatus>1</itemStatus>
      <LastUpdateDate />
      <LastUpdateTime />
    </Product>
    <Product>
      <PriceUpdateDate>2015/02/16 09:07</PriceUpdateDate>
      <ItemCode>7290011996765</ItemCode>
      <ItemType>1</ItemType>
      <ItemName>ווסאבי משחה 43</ItemName>
      <ManufactureName>טעמי אסיה בעמ</ManufactureName>
      <ManufactureCountry />
      <ManufactureItemDescription />
      <UnitQty>יח`</UnitQty>
      <Quantity>43</Quantity>
      <UnitMeasure>גרם</UnitMeasure>
      <BisWeighted>0</BisWeighted>
      <QtyInPackage>1</QtyInPackage>
      <ItemPrice>10.90</ItemPrice>
      <UnitOfMeasurePrice>25.35</UnitOfMeasurePrice>
      <AllowDiscount>0</AllowDiscount>
      <itemStatus>1</itemStatus>
      <LastUpdateDate />
      <LastUpdateTime />
    </Product>
    <Product>
      <PriceUpdateDate>2015/05/27 11:08</PriceUpdateDate>
      <ItemCode>7290011996789</ItemCode>
      <ItemType>1</ItemType>
      <ItemName>פנקו טעמי אסיה (200 גרם)</ItemName>
      <ManufactureName>טעמי אסיה בעמ</ManufactureName>
      <ManufactureCountry />
      <ManufactureItemDescription />
      <UnitQty>יח`</UnitQty>
      <Quantity>200</Quantity>
      <UnitMeasure>גרם</UnitMeasure>
      <BisWeighted>0</BisWeighted>
      <QtyInPackage>1</QtyInPackage>
      <ItemPrice>10.90</ItemPrice>
      <UnitOfMeasurePrice>5.45</UnitOfMeasurePrice>
      <AllowDiscount>0</AllowDiscount>
      <itemStatus>1</itemStatus>
      <LastUpdateDate />
      <LastUpdateTime />
    </Product>
    <Product>
      <PriceUpdateDate>2015/01/13 16:26</PriceUpdateDate>
      <ItemCode>7290011996802</ItemCode>
      <ItemType>1</ItemType>
      <ItemName>אבקת רוטב ווסבי 70 גר`</ItemName>
      <ManufactureName>טעמי אסיה בעמ</ManufactureName>
      <ManufactureCountry />
      <ManufactureItemDescription />
      <UnitQty>יח`</UnitQty>
      <Quantity>70</Quantity>
      <UnitMeasure>גרם</UnitMeasure>
      <BisWeighted>0</BisWeighted>
      <QtyInPackage>1</QtyInPackage>
      <ItemPrice>17.90</ItemPrice>
      <UnitOfMeasurePrice>25.57</UnitOfMeasurePrice>
      <AllowDiscount>0</AllowDiscount>
      <itemStatus>1</itemStatus>
      <LastUpdateDate />
      <LastUpdateTime />
    </Product>
    <Product>
      <PriceUpdateDate>2015/02/16 09:07</PriceUpdateDate>
      <ItemCode>7290011996819</ItemCode>
      <ItemType>1</ItemType>
      <ItemName>מקלוני שעועית טעמי אסיה (250 גרם)</ItemName>
      <ManufactureName>טעמי אסיה בעמ</ManufactureName>
      <ManufactureCountry />
      <ManufactureItemDescription />
      <UnitQty>יח`</UnitQty>
      <Quantity>250</Quantity>
      <UnitMeasure>גרם</UnitMeasure>
      <BisWeighted>0</BisWeighted>
      <QtyInPackage>1</QtyInPackage>
      <ItemPrice>5.90</ItemPrice>
      <UnitOfMeasurePrice>2.36</UnitOfMeasurePrice>
      <AllowDiscount>0</AllowDiscount>
      <itemStatus>1</itemStatus>
      <LastUpdateDate />
      <LastUpdateTime />
    </Product>
    <Product>
      <PriceUpdateDate>2012/01/29 11:42</PriceUpdateDate>
      <ItemCode>7290012020230</ItemCode>
      <ItemType>1</ItemType>
      <ItemName>כרוב אדום</ItemName>
      <ManufactureName>ערן שיווק</ManufactureName>
      <ManufactureCountry />
      <ManufactureItemDescription />
      <UnitQty>ק"ג</UnitQty>
      <Quantity>1</Quantity>
      <UnitMeasure />
      <BisWeighted>1</BisWeighted>
      <QtyInPackage>1</QtyInPackage>
      <ItemPrice>12.90</ItemPrice>
      <UnitOfMeasurePrice>12.90</UnitOfMeasurePrice>
      <AllowDiscount>1</AllowDiscount>
      <itemStatus>1</itemStatus>
      <LastUpdateDate />
      <LastUpdateTime />
    </Product>
    <Product>
      <PriceUpdateDate>2018/02/05 10:09</PriceUpdateDate>
      <ItemCode>7290012022005</ItemCode>
      <ItemType>1</ItemType>
      <ItemName>קריספיות</ItemName>
      <ManufactureName>דילייט 2005 בעמ</ManufactureName>
      <ManufactureCountry />
      <ManufactureItemDescription />
      <UnitQty>יח`</UnitQty>
      <Quantity>60</Quantity>
      <UnitMeasure>גרם</UnitMeasure>
      <BisWeighted>0</BisWeighted>
      <QtyInPackage>1</QtyInPackage>
      <ItemPrice>11.90</ItemPrice>
      <UnitOfMeasurePrice>19.83</UnitOfMeasurePrice>
      <AllowDiscount>0</AllowDiscount>
      <itemStatus>1</itemStatus>
      <LastUpdateDate />
      <LastUpdateTime />
    </Product>
    <Product>
      <PriceUpdateDate>2018/02/05 10:09</PriceUpdateDate>
      <ItemCode>7290012022050</ItemCode>
      <ItemType>1</ItemType>
      <ItemName>קריספיות חיטה מלאה</ItemName>
      <ManufactureName>דילייט 2005 בעמ</ManufactureName>
      <ManufactureCountry />
      <ManufactureItemDescription />
      <UnitQty>יח`</UnitQty>
      <Quantity>75</Quantity>
      <UnitMeasure>גרם</UnitMeasure>
      <BisWeighted>0</BisWeighted>
      <QtyInPackage>1</QtyInPackage>
      <ItemPrice>13.90</ItemPrice>
      <UnitOfMeasurePrice>18.53</UnitOfMeasurePrice>
      <AllowDiscount>0</AllowDiscount>
      <itemStatus>1</itemStatus>
      <LastUpdateDate />
      <LastUpdateTime />
    </Product>
    <Product>
      <PriceUpdateDate>2016/02/11 11:11</PriceUpdateDate>
      <ItemCode>7290012022067</ItemCode>
      <ItemType>1</ItemType>
      <ItemName>קריספיות קידס 30 גרם</ItemName>
      <ManufactureName>דילייט 2005 בעמ</ManufactureName>
      <ManufactureCountry />
      <ManufactureItemDescription />
      <UnitQty>יח`</UnitQty>
      <Quantity>30</Quantity>
      <UnitMeasure>גרם</UnitMeasure>
      <BisWeighted>0</BisWeighted>
      <QtyInPackage>1</QtyInPackage>
      <ItemPrice>10.90</ItemPrice>
      <UnitOfMeasurePrice>36.33</UnitOfMeasurePrice>
      <AllowDiscount>0</AllowDiscount>
      <itemStatus>1</itemStatus>
      <LastUpdateDate />
      <LastUpdateTime />
    </Product>
    <Product>
      <PriceUpdateDate>2019/02/24 14:14</PriceUpdateDate>
      <ItemCode>7290012028243</ItemCode>
      <ItemType>1</ItemType>
      <ItemName>טבק לגלגול סיגריות נקסט</ItemName>
      <ManufactureName>פיליפ מוריס בעמ</ManufactureName>
      <ManufactureCountry />
      <ManufactureItemDescription />
      <UnitQty>יח`</UnitQty>
      <Quantity>1</Quantity>
      <UnitMeasure />
      <BisWeighted>0</BisWeighted>
      <QtyInPackage>1</QtyInPackage>
      <ItemPrice>70</ItemPrice>
      <UnitOfMeasurePrice>70</UnitOfMeasurePrice>
      <AllowDiscount>0</AllowDiscount>
      <itemStatus>1</itemStatus>
      <LastUpdateDate />
      <LastUpdateTime />
    </Product>
    <Product>
      <PriceUpdateDate>2019/02/24 14:14</PriceUpdateDate>
      <ItemCode>7290012028441</ItemCode>
      <ItemType>1</ItemType>
      <ItemName>טבק לגלגול מרלבורו גולד</ItemName>
      <ManufactureName>פיליפ מוריס בעמ</ManufactureName>
      <ManufactureCountry />
      <ManufactureItemDescription />
      <UnitQty>יח`</UnitQty>
      <Quantity>1</Quantity>
      <UnitMeasure />
      <BisWeighted>0</BisWeighted>
      <QtyInPackage>1</QtyInPackage>
      <ItemPrice>74</ItemPrice>
      <UnitOfMeasurePrice>74</UnitOfMeasurePrice>
      <AllowDiscount>0</AllowDiscount>
      <itemStatus>1</itemStatus>
      <LastUpdateDate />
      <LastUpdateTime />
    </Product>
    <Product>
      <PriceUpdateDate>2019/07/29 09:01</PriceUpdateDate>
      <ItemCode>7290012030499</ItemCode>
      <ItemType>1</ItemType>
      <ItemName>אל.אמ בלו לייבל קצר חפיסה) (20</ItemName>
      <ManufactureName>פיליפ מוריס בעמ</ManufactureName>
      <ManufactureCountry />
      <ManufactureItemDescription />
      <UnitQty>יח`</UnitQty>
      <Quantity>1</Quantity>
      <UnitMeasure />
      <BisWeighted>0</BisWeighted>
      <QtyInPackage>1</QtyInPackage>
      <ItemPrice>28</ItemPrice>
      <UnitOfMeasurePrice>28</UnitOfMeasurePrice>
      <AllowDiscount>0</AllowDiscount>
      <itemStatus>1</itemStatus>
      <LastUpdateDate />
      <LastUpdateTime />
    </Product>
    <Product>
      <PriceUpdateDate>2019/07/29 09:01</PriceUpdateDate>
      <ItemCode>7290012030512</ItemCode>
      <ItemType>1</ItemType>
      <ItemName>ל.מ. בלו לייבל ארוך בודד</ItemName>
      <ManufactureName>פיליפ מוריס בעמ</ManufactureName>
      <ManufactureCountry />
      <ManufactureItemDescription />
      <UnitQty>יח`</UnitQty>
      <Quantity>1</Quantity>
      <UnitMeasure />
      <BisWeighted>0</BisWeighted>
      <QtyInPackage>1</QtyInPackage>
      <ItemPrice>28</ItemPrice>
      <UnitOfMeasurePrice>28</UnitOfMeasurePrice>
      <AllowDiscount>0</AllowDiscount>
      <itemStatus>1</itemStatus>
      <LastUpdateDate />
      <LastUpdateTime />
    </Product>
    <Product>
      <PriceUpdateDate>2019/07/29 09:01</PriceUpdateDate>
      <ItemCode>7290012030574</ItemCode>
      <ItemType>1</ItemType>
      <ItemName>ל.מ.פורוורד בודד</ItemName>
      <ManufactureName>פיליפ מוריס בעמ</ManufactureName>
      <ManufactureCountry />
      <ManufactureItemDescription />
      <UnitQty>יח`</UnitQty>
      <Quantity>1</Quantity>
      <UnitMeasure />
      <BisWeighted>0</BisWeighted>
      <QtyInPackage>1</QtyInPackage>
      <ItemPrice>28</ItemPrice>
      <UnitOfMeasurePrice>28</UnitOfMeasurePrice>
      <AllowDiscount>0</AllowDiscount>
      <itemStatus>1</itemStatus>
      <LastUpdateDate />
      <LastUpdateTime />
    </Product>
    <Product>
      <PriceUpdateDate>2019/11/21 17:03</PriceUpdateDate>
      <ItemCode>7290012040009</ItemCode>
      <ItemType>1</ItemType>
      <ItemName>ל.מ בלו פאקט) (10 חדש</ItemName>
      <ManufactureName>פיליפ מוריס בעמ</ManufactureName>
      <ManufactureCountry />
      <ManufactureItemDescription />
      <UnitQty>יח`</UnitQty>
      <Quantity>1</Quantity>
      <UnitMeasure />
      <BisWeighted>0</BisWeighted>
      <QtyInPackage>1</QtyInPackage>
      <ItemPrice>280</ItemPrice>
      <UnitOfMeasurePrice>280</UnitOfMeasurePrice>
      <AllowDiscount>0</AllowDiscount>
      <itemStatus>1</itemStatus>
      <LastUpdateDate />
      <LastUpdateTime />
    </Product>
    <Product>
      <PriceUpdateDate>2019/11/21 17:03</PriceUpdateDate>
      <ItemCode>7290012040047</ItemCode>
      <ItemType>1</ItemType>
      <ItemName>ל.מ בלו 100 פאקט) (10</ItemName>
      <ManufactureName>פיליפ מוריס בעמ</ManufactureName>
      <ManufactureCountry />
      <ManufactureItemDescription />
      <UnitQty>יח`</UnitQty>
      <Quantity>1</Quantity>
      <UnitMeasure />
      <BisWeighted>0</BisWeighted>
      <QtyInPackage>1</QtyInPackage>
      <ItemPrice>280</ItemPrice>
      <UnitOfMeasurePrice>280</UnitOfMeasurePrice>
      <AllowDiscount>0</AllowDiscount>
      <itemStatus>1</itemStatus>
      <LastUpdateDate />
      <LastUpdateTime />
    </Product>
    <Product>
      <PriceUpdateDate>2019/11/21 17:02</PriceUpdateDate>
      <ItemCode>7290012040252</ItemCode>
      <ItemType>1</ItemType>
      <ItemName>מרלבורו גולד פאקט) (10 חדש</ItemName>
      <ManufactureName>פיליפ מוריס בעמ</ManufactureName>
      <ManufactureCountry />
      <ManufactureItemDescription />
      <UnitQty>יח`</UnitQty>
      <Quantity>1</Quantity>
      <UnitMeasure />
      <BisWeighted>0</BisWeighted>
      <QtyInPackage>1</QtyInPackage>
      <ItemPrice>320</ItemPrice>
      <UnitOfMeasurePrice>320</UnitOfMeasurePrice>
      <AllowDiscount>0</AllowDiscount>
      <itemStatus>1</itemStatus>
      <LastUpdateDate />
      <LastUpdateTime />
    </Product>
    <Product>
      <PriceUpdateDate>2019/11/21 17:02</PriceUpdateDate>
      <ItemCode>7290012040269</ItemCode>
      <ItemType>1</ItemType>
      <ItemName>נקסט  אדג`פאקט) (10</ItemName>
      <ManufactureName>פיליפ מוריס בעמ</ManufactureName>
      <ManufactureCountry />
      <ManufactureItemDescription />
      <UnitQty>יח`</UnitQty>
      <Quantity>1</Quantity>
      <UnitMeasure />
      <BisWeighted>0</BisWeighted>
      <QtyInPackage>1</QtyInPackage>
      <ItemPrice>240</ItemPrice>
      <UnitOfMeasurePrice>240</UnitOfMeasurePrice>
      <AllowDiscount>0</AllowDiscount>
      <itemStatus>1</itemStatus>
      <LastUpdateDate />
      <LastUpdateTime />
    </Product>
    <Product>
      <PriceUpdateDate>2019/11/21 17:03</PriceUpdateDate>
      <ItemCode>7290012040276</ItemCode>
      <ItemType>1</ItemType>
      <ItemName>נקסט פיין  אדג`פאקט) (10</ItemName>
      <ManufactureName>פיליפ מוריס בעמ</ManufactureName>
      <ManufactureCountry />
      <ManufactureItemDescription />
      <UnitQty>יח`</UnitQty>
      <Quantity>1</Quantity>
      <UnitMeasure />
      <BisWeighted>0</BisWeighted>
      <QtyInPackage>1</QtyInPackage>
      <ItemPrice>240</ItemPrice>
      <UnitOfMeasurePrice>240</UnitOfMeasurePrice>
      <AllowDiscount>0</AllowDiscount>
      <itemStatus>1</itemStatus>
      <LastUpdateDate />
      <LastUpdateTime />
    </Product>
    <Product>
      <PriceUpdateDate>2019/11/18 08:59</PriceUpdateDate>
      <ItemCode>7290012040511</ItemCode>
      <ItemType>1</ItemType>
      <ItemName>טבק לגלגול נקסט פיין (40 גרם)</ItemName>
      <ManufactureName>פיליפ מוריס בעמ</ManufactureName>
      <ManufactureCountry />
      <ManufactureItemDescription />
      <UnitQty>יח`</UnitQty>
      <Quantity>1</Quantity>
      <UnitMeasure />
      <BisWeighted>0</BisWeighted>
      <QtyInPackage>1</QtyInPackage>
      <ItemPrice>70</ItemPrice>
      <UnitOfMeasurePrice>70</UnitOfMeasurePrice>
      <AllowDiscount>0</AllowDiscount>
      <itemStatus>1</itemStatus>
      <LastUpdateDate />
      <LastUpdateTime />
    </Product>
    <Product>
      <PriceUpdateDate>2020/03/19 14:17</PriceUpdateDate>
      <ItemCode>7290012071690</ItemCode>
      <ItemType>1</ItemType>
      <ItemName>אלכוגל מגבונים אנטי בקטריאלים למשטחים</ItemName>
      <ManufactureName>פישר תעשיות פרמצבטיות בעמ</ManufactureName>
      <ManufactureCountry />
      <ManufactureItemDescription />
      <UnitQty>יח`</UnitQty>
      <Quantity>1</Quantity>
      <UnitMeasure />
      <BisWeighted>0</BisWeighted>
      <QtyInPackage>1</QtyInPackage>
      <ItemPrice>12.90</ItemPrice>
      <UnitOfMeasurePrice>12.90</UnitOfMeasurePrice>
      <AllowDiscount>0</AllowDiscount>
      <itemStatus>1</itemStatus>
      <LastUpdateDate />
      <LastUpdateTime />
    </Product>
    <Product>
      <PriceUpdateDate>2017/04/18 09:22</PriceUpdateDate>
      <ItemCode>7290012116551</ItemCode>
      <ItemType>1</ItemType>
      <ItemName>אנטי קאלק מנקה כללי סנו (2 ליטר)</ItemName>
      <ManufactureName>החברה הדרומית לשיווק בעמ</ManufactureName>
      <ManufactureCountry />
      <ManufactureItemDescription />
      <UnitQty>יח`</UnitQty>
      <Quantity>2</Quantity>
      <UnitMeasure>1 ליטר</UnitMeasure>
      <BisWeighted>0</BisWeighted>
      <QtyInPackage>1</QtyInPackage>
      <ItemPrice>19.90</ItemPrice>
      <UnitOfMeasurePrice>9.95</UnitOfMeasurePrice>
      <AllowDiscount>1</AllowDiscount>
      <itemStatus>1</itemStatus>
      <LastUpdateDate />
      <LastUpdateTime />
    </Product>
    <Product>
      <PriceUpdateDate>2013/11/26 17:59</PriceUpdateDate>
      <ItemCode>7290012117091</ItemCode>
      <ItemType>1</ItemType>
      <ItemName>סנו מקסימה 6 קג</ItemName>
      <ManufactureName>החברה הדרומית לשיווק בעמ</ManufactureName>
      <ManufactureCountry />
      <ManufactureItemDescription />
      <UnitQty>יח`</UnitQty>
      <Quantity>6000</Quantity>
      <UnitMeasure>גרם</UnitMeasure>
      <BisWeighted>0</BisWeighted>
      <QtyInPackage>1</QtyInPackage>
      <ItemPrice>49.90</ItemPrice>
      <UnitOfMeasurePrice>0.83</UnitOfMeasurePrice>
      <AllowDiscount>0</AllowDiscount>
      <itemStatus>1</itemStatus>
      <LastUpdateDate />
      <LastUpdateTime />
    </Product>
    <Product>
      <PriceUpdateDate>2017/08/27 08:36</PriceUpdateDate>
      <ItemCode>7290012117275</ItemCode>
      <ItemType>1</ItemType>
      <ItemName>סנוקליר שקית מילוי 750 מל</ItemName>
      <ManufactureName>החברה הדרומית לשיווק בעמ</ManufactureName>
      <ManufactureCountry />
      <ManufactureItemDescription />
      <UnitQty>יח`</UnitQty>
      <Quantity>750</Quantity>
      <UnitMeasure>מ"ל</UnitMeasure>
      <BisWeighted>0</BisWeighted>
      <QtyInPackage>1</QtyInPackage>
      <ItemPrice>7.90</ItemPrice>
      <UnitOfMeasurePrice>1.05</UnitOfMeasurePrice>
      <AllowDiscount>1</AllowDiscount>
      <itemStatus>1</itemStatus>
      <LastUpdateDate />
      <LastUpdateTime />
    </Product>
    <Product>
      <PriceUpdateDate>2019/04/22 14:15</PriceUpdateDate>
      <ItemCode>7290012117350</ItemCode>
      <ItemType>1</ItemType>
      <ItemName>ריצפז פרש 2 ליטר לילך</ItemName>
      <ManufactureName>החברה הדרומית לשיווק בעמ</ManufactureName>
      <ManufactureCountry />
      <ManufactureItemDescription />
      <UnitQty>יח`</UnitQty>
      <Quantity>2</Quantity>
      <UnitMeasure>1 ליטר</UnitMeasure>
      <BisWeighted>0</BisWeighted>
      <QtyInPackage>1</QtyInPackage>
      <ItemPrice>21.90</ItemPrice>
      <UnitOfMeasurePrice>10.95</UnitOfMeasurePrice>
      <AllowDiscount>1</AllowDiscount>
      <itemStatus>1</itemStatus>
      <LastUpdateDate />
      <LastUpdateTime />
    </Product>
    <Product>
      <PriceUpdateDate>2015/04/30 12:30</PriceUpdateDate>
      <ItemCode>7290012117411</ItemCode>
      <ItemType>1</ItemType>
      <ItemName>קרמה ג`ל רחצה לגבר 700 מל כתום</ItemName>
      <ManufactureName>החברה הדרומית לשיווק בעמ</ManufactureName>
      <ManufactureCountry />
      <ManufactureItemDescription />
      <UnitQty>יח`</UnitQty>
      <Quantity>700</Quantity>
      <UnitMeasure>מ"ל</UnitMeasure>
      <BisWeighted>0</BisWeighted>
      <QtyInPackage>1</QtyInPackage>
      <ItemPrice>20.90</ItemPrice>
      <UnitOfMeasurePrice>2.99</UnitOfMeasurePrice>
      <AllowDiscount>0</AllowDiscount>
      <itemStatus>1</itemStatus>
      <LastUpdateDate />
      <LastUpdateTime />
    </Product>
    <Product>
      <PriceUpdateDate>2015/04/30 12:30</PriceUpdateDate>
      <ItemCode>7290012117435</ItemCode>
      <ItemType>1</ItemType>
      <ItemName>קרמה ג`ל רחצה לגבר 700 מל</ItemName>
      <ManufactureName>החברה הדרומית לשיווק בעמ</ManufactureName>
      <ManufactureCountry />
      <ManufactureItemDescription />
      <UnitQty>יח`</UnitQty>
      <Quantity>700</Quantity>
      <UnitMeasure>מ"ל</UnitMeasure>
      <BisWeighted>0</BisWeighted>
      <QtyInPackage>1</QtyInPackage>
      <ItemPrice>20.90</ItemPrice>
      <UnitOfMeasurePrice>2.99</UnitOfMeasurePrice>
      <AllowDiscount>0</AllowDiscount>
      <itemStatus>1</itemStatus>
      <LastUpdateDate />
      <LastUpdateTime />
    </Product>
    <Product>
      <PriceUpdateDate>2018/01/07 07:32</PriceUpdateDate>
      <ItemCode>7290012117534</ItemCode>
      <ItemType>1</ItemType>
      <ItemName>סנו מקסימה מרכך 1 ליטר כחול</ItemName>
      <ManufactureName>החברה הדרומית לשיווק בעמ</ManufactureName>
      <ManufactureCountry />
      <ManufactureItemDescription />
      <UnitQty>יח`</UnitQty>
      <Quantity>1000</Quantity>
      <UnitMeasure>מ"ל</UnitMeasure>
      <BisWeighted>0</BisWeighted>
      <QtyInPackage>1</QtyInPackage>
      <ItemPrice>17.90</ItemPrice>
      <UnitOfMeasurePrice>1.79</UnitOfMeasurePrice>
      <AllowDiscount>1</AllowDiscount>
      <itemStatus>1</itemStatus>
      <LastUpdateDate />
      <LastUpdateTime />
    </Product>
    <Product>
      <PriceUpdateDate>2018/01/07 07:32</PriceUpdateDate>
      <ItemCode>7290012117558</ItemCode>
      <ItemType>1</ItemType>
      <ItemName>סנו מקסימה מרכך 1 ליטר ורוד בהיר</ItemName>
      <ManufactureName>החברה הדרומית לשיווק בעמ</ManufactureName>
      <ManufactureCountry />
      <ManufactureItemDescription />
      <UnitQty>יח`</UnitQty>
      <Quantity>1000</Quantity>
      <UnitMeasure>מ"ל</UnitMeasure>
      <BisWeighted>0</BisWeighted>
      <QtyInPackage>1</QtyInPackage>
      <ItemPrice>17.90</ItemPrice>
      <UnitOfMeasurePrice>1.79</UnitOfMeasurePrice>
      <AllowDiscount>0</AllowDiscount>
      <itemStatus>1</itemStatus>
      <LastUpdateDate />
      <LastUpdateTime />
    </Product>
    <Product>
      <PriceUpdateDate>2019/01/30 08:31</PriceUpdateDate>
      <ItemCode>7290012117732</ItemCode>
      <ItemType>1</ItemType>
      <ItemName>סנו מקסימה 4 ליטר</ItemName>
      <ManufactureName>החברה הדרומית לשיווק בעמ</ManufactureName>
      <ManufactureCountry />
      <ManufactureItemDescription />
      <UnitQty>יח`</UnitQty>
      <Quantity>4</Quantity>
      <UnitMeasure>1 ליטר</UnitMeasure>
      <BisWeighted>0</BisWeighted>
      <QtyInPackage>1</QtyInPackage>
      <ItemPrice>19.90</ItemPrice>
      <UnitOfMeasurePrice>4.98</UnitOfMeasurePrice>
      <AllowDiscount>0</AllowDiscount>
      <itemStatus>1</itemStatus>
      <LastUpdateDate />
      <LastUpdateTime />
    </Product>
    <Product>
      <PriceUpdateDate>2014/08/17 11:24</PriceUpdateDate>
      <ItemCode>7290012117879</ItemCode>
      <ItemType>1</ItemType>
      <ItemName>סנו קליר 750 מל לחלונות</ItemName>
      <ManufactureName>החברה הדרומית לשיווק בעמ</ManufactureName>
      <ManufactureCountry />
      <ManufactureItemDescription />
      <UnitQty>יח`</UnitQty>
      <Quantity>750</Quantity>
      <UnitMeasure>מ"ל</UnitMeasure>
      <BisWeighted>0</BisWeighted>
      <QtyInPackage>1</QtyInPackage>
      <ItemPrice>13.90</ItemPrice>
      <UnitOfMeasurePrice>1.85</UnitOfMeasurePrice>
      <AllowDiscount>1</AllowDiscount>
      <itemStatus>1</itemStatus>
      <LastUpdateDate />
      <LastUpdateTime />
    </Product>
    <Product>
      <PriceUpdateDate>2015/05/27 13:59</PriceUpdateDate>
      <ItemCode>7290012159275</ItemCode>
      <ItemType>1</ItemType>
      <ItemName>מיונז לינה (430 גרם)</ItemName>
      <ManufactureName>יורוסטנדרט בעמ</ManufactureName>
      <ManufactureCountry />
      <ManufactureItemDescription />
      <UnitQty>יח`</UnitQty>
      <Quantity>430</Quantity>
      <UnitMeasure>גרם</UnitMeasure>
      <BisWeighted>0</BisWeighted>
      <QtyInPackage>1</QtyInPackage>
      <ItemPrice>10</ItemPrice>
      <UnitOfMeasurePrice>2.33</UnitOfMeasurePrice>
      <AllowDiscount>1</AllowDiscount>
      <itemStatus>1</itemStatus>
      <LastUpdateDate />
      <LastUpdateTime />
    </Product>
    <Product>
      <PriceUpdateDate>2014/07/29 11:35</PriceUpdateDate>
      <ItemCode>7290012159329</ItemCode>
      <ItemType>1</ItemType>
      <ItemName>מיונז לינה 860 גר`</ItemName>
      <ManufactureName>יורוסטנדרט בעמ</ManufactureName>
      <ManufactureCountry />
      <ManufactureItemDescription />
      <UnitQty>יח`</UnitQty>
      <Quantity>860</Quantity>
      <UnitMeasure>גרם</UnitMeasure>
      <BisWeighted>0</BisWeighted>
      <QtyInPackage>1</QtyInPackage>
      <ItemPrice>18</ItemPrice>
      <UnitOfMeasurePrice>2.09</UnitOfMeasurePrice>
      <AllowDiscount>1</AllowDiscount>
      <itemStatus>1</itemStatus>
      <LastUpdateDate />
      <LastUpdateTime />
    </Product>
    <Product>
      <PriceUpdateDate>2015/05/27 13:59</PriceUpdateDate>
      <ItemCode>7290012159336</ItemCode>
      <ItemType>1</ItemType>
      <ItemName>מיונז טעם זיתים 430 גר</ItemName>
      <ManufactureName>יורוסטנדרט בעמ</ManufactureName>
      <ManufactureCountry />
      <ManufactureItemDescription />
      <UnitQty>יח`</UnitQty>
      <Quantity>430</Quantity>
      <UnitMeasure>גרם</UnitMeasure>
      <BisWeighted>0</BisWeighted>
      <QtyInPackage>1</QtyInPackage>
      <ItemPrice>10</ItemPrice>
      <UnitOfMeasurePrice>2.33</UnitOfMeasurePrice>
      <AllowDiscount>1</AllowDiscount>
      <itemStatus>1</itemStatus>
      <LastUpdateDate />
      <LastUpdateTime />
    </Product>
    <Product>
      <PriceUpdateDate>2015/04/29 10:24</PriceUpdateDate>
      <ItemCode>7290012226021</ItemCode>
      <ItemType>1</ItemType>
      <ItemName>נקניק סלמי מעושן פראג זוגלובק (400 גרם)</ItemName>
      <ManufactureName>זוגלובק שיווק בעמ</ManufactureName>
      <ManufactureCountry />
      <ManufactureItemDescription />
      <UnitQty>יח`</UnitQty>
      <Quantity>400</Quantity>
      <UnitMeasure>גרם</UnitMeasure>
      <BisWeighted>0</BisWeighted>
      <QtyInPackage>1</QtyInPackage>
      <ItemPrice>21.90</ItemPrice>
      <UnitOfMeasurePrice>5.48</UnitOfMeasurePrice>
      <AllowDiscount>0</AllowDiscount>
      <itemStatus>1</itemStatus>
      <LastUpdateDate />
      <LastUpdateTime />
    </Product>
    <Product>
      <PriceUpdateDate>2015/12/01 11:01</PriceUpdateDate>
      <ItemCode>7290012226120</ItemCode>
      <ItemType>1</ItemType>
      <ItemName>קבנוס זוגלובק (45x3 גרם)</ItemName>
      <ManufactureName>זוגלובק שיווק בעמ</ManufactureName>
      <ManufactureCountry />
      <ManufactureItemDescription />
      <UnitQty>יח`</UnitQty>
      <Quantity>135</Quantity>
      <UnitMeasure>גרם</UnitMeasure>
      <BisWeighted>0</BisWeighted>
      <QtyInPackage>1</QtyInPackage>
      <ItemPrice>11.90</ItemPrice>
      <UnitOfMeasurePrice>8.81</UnitOfMeasurePrice>
      <AllowDiscount>1</AllowDiscount>
      <itemStatus>1</itemStatus>
      <LastUpdateDate />
      <LastUpdateTime />
    </Product>
    <Product>
      <PriceUpdateDate>2020/04/24 14:06</PriceUpdateDate>
      <ItemCode>7290012226342</ItemCode>
      <ItemType>1</ItemType>
      <ItemName>נקניקיה מן הצומח עשירה בחלבון 460  גר`זו</ItemName>
      <ManufactureName>זוגלובק שיווק בעמ</ManufactureName>
      <ManufactureCountry />
      <ManufactureItemDescription />
      <UnitQty>יח`</UnitQty>
      <Quantity>460</Quantity>
      <UnitMeasure>גרם</UnitMeasure>
      <BisWeighted>0</BisWeighted>
      <QtyInPackage>1</QtyInPackage>
      <ItemPrice>27.90</ItemPrice>
      <UnitOfMeasurePrice>6.07</UnitOfMeasurePrice>
      <AllowDiscount>0</AllowDiscount>
      <itemStatus>1</itemStatus>
      <LastUpdateDate />
      <LastUpdateTime />
    </Product>
    <Product>
      <PriceUpdateDate>2020/04/24 14:06</PriceUpdateDate>
      <ItemCode>7290012226762</ItemCode>
      <ItemType>1</ItemType>
      <ItemName>בורגר פטריות עדשים וקינואה 450  גר`זוגלו</ItemName>
      <ManufactureName>זוגלובק שיווק בעמ</ManufactureName>
      <ManufactureCountry />
      <ManufactureItemDescription />
      <UnitQty>יח`</UnitQty>
      <Quantity>450</Quantity>
      <UnitMeasure>גרם</UnitMeasure>
      <BisWeighted>0</BisWeighted>
      <QtyInPackage>1</QtyInPackage>
      <ItemPrice>27.90</ItemPrice>
      <UnitOfMeasurePrice>6.20</UnitOfMeasurePrice>
      <AllowDiscount>0</AllowDiscount>
      <itemStatus>1</itemStatus>
      <LastUpdateDate />
      <LastUpdateTime />
    </Product>
    <Product>
      <PriceUpdateDate>2020/04/24 14:06</PriceUpdateDate>
      <ItemCode>7290012226816</ItemCode>
      <ItemType>1</ItemType>
      <ItemName>שניצל דק דק מן הצומח עשיר 540  גר`זוגלוב</ItemName>
      <ManufactureName>זוגלובק שיווק בעמ</ManufactureName>
      <ManufactureCountry />
      <ManufactureItemDescription />
      <UnitQty>יח`</UnitQty>
      <Quantity>540</Quantity>
      <UnitMeasure>גרם</UnitMeasure>
      <BisWeighted>0</BisWeighted>
      <QtyInPackage>1</QtyInPackage>
      <ItemPrice>27.90</ItemPrice>
      <UnitOfMeasurePrice>5.17</UnitOfMeasurePrice>
      <AllowDiscount>0</AllowDiscount>
      <itemStatus>1</itemStatus>
      <LastUpdateDate />
      <LastUpdateTime />
    </Product>
    <Product>
      <PriceUpdateDate>2015/12/01 11:01</PriceUpdateDate>
      <ItemCode>7290012226922</ItemCode>
      <ItemType>1</ItemType>
      <ItemName>קבנוס בטעם שום זוגלובק (45x3 גרם)</ItemName>
      <ManufactureName>זוגלובק שיווק בעמ</ManufactureName>
      <ManufactureCountry />
      <ManufactureItemDescription />
      <UnitQty>יח`</UnitQty>
      <Quantity>135</Quantity>
      <UnitMeasure>גרם</UnitMeasure>
      <BisWeighted>0</BisWeighted>
      <QtyInPackage>1</QtyInPackage>
      <ItemPrice>11.90</ItemPrice>
      <UnitOfMeasurePrice>8.81</UnitOfMeasurePrice>
      <AllowDiscount>1</AllowDiscount>
      <itemStatus>1</itemStatus>
      <LastUpdateDate />
      <LastUpdateTime />
    </Product>
    <Product>
      <PriceUpdateDate>2015/12/01 11:01</PriceUpdateDate>
      <ItemCode>7290012226939</ItemCode>
      <ItemType>1</ItemType>
      <ItemName>קבנוס 135 גר` עם צ`ילי חריף זוגלובק</ItemName>
      <ManufactureName>זוגלובק שיווק בעמ</ManufactureName>
      <ManufactureCountry />
      <ManufactureItemDescription />
      <UnitQty>יח`</UnitQty>
      <Quantity>135</Quantity>
      <UnitMeasure>גרם</UnitMeasure>
      <BisWeighted>0</BisWeighted>
      <QtyInPackage>1</QtyInPackage>
      <ItemPrice>11.90</ItemPrice>
      <UnitOfMeasurePrice>8.81</UnitOfMeasurePrice>
      <AllowDiscount>1</AllowDiscount>
      <itemStatus>1</itemStatus>
      <LastUpdateDate />
      <LastUpdateTime />
    </Product>
    <Product>
      <PriceUpdateDate>2015/12/01 11:01</PriceUpdateDate>
      <ItemCode>7290012226946</ItemCode>
      <ItemType>1</ItemType>
      <ItemName>קבנוס בטעם בצל זוגלובק (45x3 גרם)</ItemName>
      <ManufactureName>זוגלובק שיווק בעמ</ManufactureName>
      <ManufactureCountry />
      <ManufactureItemDescription />
      <UnitQty>יח`</UnitQty>
      <Quantity>135</Quantity>
      <UnitMeasure>גרם</UnitMeasure>
      <BisWeighted>0</BisWeighted>
      <QtyInPackage>1</QtyInPackage>
      <ItemPrice>11.90</ItemPrice>
      <UnitOfMeasurePrice>8.81</UnitOfMeasurePrice>
      <AllowDiscount>1</AllowDiscount>
      <itemStatus>1</itemStatus>
      <LastUpdateDate />
      <LastUpdateTime />
    </Product>
    <Product>
      <PriceUpdateDate>2018/02/11 15:05</PriceUpdateDate>
      <ItemCode>7290012227172</ItemCode>
      <ItemType>1</ItemType>
      <ItemName>חרמון כפרית 300 גר`+ברביקיו 300 גר`</ItemName>
      <ManufactureName>זוגלובק שיווק בעמ</ManufactureName>
      <ManufactureCountry />
      <ManufactureItemDescription />
      <UnitQty>יח`</UnitQty>
      <Quantity>600</Quantity>
      <UnitMeasure>גרם</UnitMeasure>
      <BisWeighted>0</BisWeighted>
      <QtyInPackage>1</QtyInPackage>
      <ItemPrice>33.90</ItemPrice>
      <UnitOfMeasurePrice>5.65</UnitOfMeasurePrice>
      <AllowDiscount>1</AllowDiscount>
      <itemStatus>1</itemStatus>
      <LastUpdateDate />
      <LastUpdateTime />
    </Product>
    <Product>
      <PriceUpdateDate>2019/10/27 10:05</PriceUpdateDate>
      <ItemCode>7290012227325</ItemCode>
      <ItemType>1</ItemType>
      <ItemName>סלמי מעושן דק דק 120 גר` זוגלובק</ItemName>
      <ManufactureName>זוגלובק שיווק בעמ</ManufactureName>
      <ManufactureCountry />
      <ManufactureItemDescription />
      <UnitQty>יח`</UnitQty>
      <Quantity>120</Quantity>
      <UnitMeasure>גרם</UnitMeasure>
      <BisWeighted>0</BisWeighted>
      <QtyInPackage>1</QtyInPackage>
      <ItemPrice>13.50</ItemPrice>
      <UnitOfMeasurePrice>11.25</UnitOfMeasurePrice>
      <AllowDiscount>1</AllowDiscount>
      <itemStatus>1</itemStatus>
      <LastUpdateDate />
      <LastUpdateTime />
    </Product>
    <Product>
      <PriceUpdateDate>2014/12/10 15:32</PriceUpdateDate>
      <ItemCode>7290012227622</ItemCode>
      <ItemType>1</ItemType>
      <ItemName>חרמון כפרית דבש 400  גר- מחפוד</ItemName>
      <ManufactureName>זוגלובק שיווק בעמ</ManufactureName>
      <ManufactureCountry />
      <ManufactureItemDescription />
      <UnitQty>יח`</UnitQty>
      <Quantity>400</Quantity>
      <UnitMeasure>גרם</UnitMeasure>
      <BisWeighted>0</BisWeighted>
      <QtyInPackage>1</QtyInPackage>
      <ItemPrice>19.90</ItemPrice>
      <UnitOfMeasurePrice>4.98</UnitOfMeasurePrice>
      <AllowDiscount>0</AllowDiscount>
      <itemStatus>1</itemStatus>
      <LastUpdateDate />
      <LastUpdateTime />
    </Product>
    <Product>
      <PriceUpdateDate>2016/06/08 08:35</PriceUpdateDate>
      <ItemCode>7290012227912</ItemCode>
      <ItemType>1</ItemType>
      <ItemName>קבנוס מעודן 135 גרם</ItemName>
      <ManufactureName>זוגלובק שיווק בעמ</ManufactureName>
      <ManufactureCountry />
      <ManufactureItemDescription />
      <UnitQty>יח`</UnitQty>
      <Quantity>135</Quantity>
      <UnitMeasure>גרם</UnitMeasure>
      <BisWeighted>0</BisWeighted>
      <QtyInPackage>1</QtyInPackage>
      <ItemPrice>10.90</ItemPrice>
      <UnitOfMeasurePrice>8.07</UnitOfMeasurePrice>
      <AllowDiscount>1</AllowDiscount>
      <itemStatus>1</itemStatus>
      <LastUpdateDate />
      <LastUpdateTime />
    </Product>
    <Product>
      <PriceUpdateDate>2019/10/27 10:05</PriceUpdateDate>
      <ItemCode>7290012227974</ItemCode>
      <ItemType>1</ItemType>
      <ItemName>פסטרמה בדבש 120 גר` זוגלובק</ItemName>
      <ManufactureName>זוגלובק שיווק בעמ</ManufactureName>
      <ManufactureCountry />
      <ManufactureItemDescription />
      <UnitQty>יח`</UnitQty>
      <Quantity>120</Quantity>
      <UnitMeasure>גרם</UnitMeasure>
      <BisWeighted>0</BisWeighted>
      <QtyInPackage>1</QtyInPackage>
      <ItemPrice>13.50</ItemPrice>
      <UnitOfMeasurePrice>11.25</UnitOfMeasurePrice>
      <AllowDiscount>1</AllowDiscount>
      <itemStatus>1</itemStatus>
      <LastUpdateDate />
      <LastUpdateTime />
    </Product>
    <Product>
      <PriceUpdateDate>2019/10/27 10:05</PriceUpdateDate>
      <ItemCode>7290012227981</ItemCode>
      <ItemType>1</ItemType>
      <ItemName>פסטרמה ברביקין 120 גר` זוגלובק</ItemName>
      <ManufactureName>זוגלובק שיווק בעמ</ManufactureName>
      <ManufactureCountry />
      <ManufactureItemDescription />
      <UnitQty>יח`</UnitQty>
      <Quantity>120</Quantity>
      <UnitMeasure>גרם</UnitMeasure>
      <BisWeighted>0</BisWeighted>
      <QtyInPackage>1</QtyInPackage>
      <ItemPrice>13.50</ItemPrice>
      <UnitOfMeasurePrice>11.25</UnitOfMeasurePrice>
      <AllowDiscount>1</AllowDiscount>
      <itemStatus>1</itemStatus>
      <LastUpdateDate />
      <LastUpdateTime />
    </Product>
    <Product>
      <PriceUpdateDate>2019/10/27 10:05</PriceUpdateDate>
      <ItemCode>7290012227998</ItemCode>
      <ItemType>1</ItemType>
      <ItemName>חזה בקר 120 גר` זוגלובק</ItemName>
      <ManufactureName>זוגלובק שיווק בעמ</ManufactureName>
      <ManufactureCountry />
      <ManufactureItemDescription />
      <UnitQty>יח`</UnitQty>
      <Quantity>120</Quantity>
      <UnitMeasure>גרם</UnitMeasure>
      <BisWeighted>0</BisWeighted>
      <QtyInPackage>1</QtyInPackage>
      <ItemPrice>13.50</ItemPrice>
      <UnitOfMeasurePrice>11.25</UnitOfMeasurePrice>
      <AllowDiscount>1</AllowDiscount>
      <itemStatus>1</itemStatus>
      <LastUpdateDate />
      <LastUpdateTime />
    </Product>
    <Product>
      <PriceUpdateDate>2017/11/26 12:01</PriceUpdateDate>
      <ItemCode>7290012228124</ItemCode>
      <ItemType>1</ItemType>
      <ItemName>קבנוס סטיקס 50 גר` זוגלובק</ItemName>
      <ManufactureName>זוגלובק שיווק בעמ</ManufactureName>
      <ManufactureCountry />
      <ManufactureItemDescription />
      <UnitQty>יח`</UnitQty>
      <Quantity>50</Quantity>
      <UnitMeasure>גרם</UnitMeasure>
      <BisWeighted>0</BisWeighted>
      <QtyInPackage>1</QtyInPackage>
      <ItemPrice>9.90</ItemPrice>
      <UnitOfMeasurePrice>19.80</UnitOfMeasurePrice>
      <AllowDiscount>1</AllowDiscount>
      <itemStatus>1</itemStatus>
      <LastUpdateDate />
      <LastUpdateTime />
    </Product>
    <Product>
      <PriceUpdateDate>2019/10/27 10:05</PriceUpdateDate>
      <ItemCode>7290012228230</ItemCode>
      <ItemType>1</ItemType>
      <ItemName>פטרמה חזה עוף 120 גר` זוגלובק</ItemName>
      <ManufactureName>זוגלובק שיווק בעמ</ManufactureName>
      <ManufactureCountry />
      <ManufactureItemDescription />
      <UnitQty>יח`</UnitQty>
      <Quantity>120</Quantity>
      <UnitMeasure>גרם</UnitMeasure>
      <BisWeighted>0</BisWeighted>
      <QtyInPackage>1</QtyInPackage>
      <ItemPrice>13.50</ItemPrice>
      <UnitOfMeasurePrice>11.25</UnitOfMeasurePrice>
      <AllowDiscount>1</AllowDiscount>
      <itemStatus>1</itemStatus>
      <LastUpdateDate />
      <LastUpdateTime />
    </Product>
    <Product>
      <PriceUpdateDate>2019/08/19 17:03</PriceUpdateDate>
      <ItemCode>7290012228711</ItemCode>
      <ItemType>1</ItemType>
      <ItemName>קבנוס סטיקס בטעם סיציליאני 50 גר` זוגלו</ItemName>
      <ManufactureName>זוגלובק שיווק בעמ</ManufactureName>
      <ManufactureCountry />
      <ManufactureItemDescription />
      <UnitQty>יח`</UnitQty>
      <Quantity>50</Quantity>
      <UnitMeasure>גרם</UnitMeasure>
      <BisWeighted>0</BisWeighted>
      <QtyInPackage>1</QtyInPackage>
      <ItemPrice>9.90</ItemPrice>
      <UnitOfMeasurePrice>19.80</UnitOfMeasurePrice>
      <AllowDiscount>1</AllowDiscount>
      <itemStatus>1</itemStatus>
      <LastUpdateDate />
      <LastUpdateTime />
    </Product>
    <Product>
      <PriceUpdateDate>2019/11/26 12:15</PriceUpdateDate>
      <ItemCode>7290012228742</ItemCode>
      <ItemType>1</ItemType>
      <ItemName>נקניקיות מרגז קפואות זוגלובק (450 גרם)</ItemName>
      <ManufactureName>זוגלובק שיווק בעמ</ManufactureName>
      <ManufactureCountry />
      <ManufactureItemDescription />
      <UnitQty>יח`</UnitQty>
      <Quantity>450</Quantity>
      <UnitMeasure>גרם</UnitMeasure>
      <BisWeighted>0</BisWeighted>
      <QtyInPackage>1</QtyInPackage>
      <ItemPrice>29.90</ItemPrice>
      <UnitOfMeasurePrice>6.64</UnitOfMeasurePrice>
      <AllowDiscount>1</AllowDiscount>
      <itemStatus>1</itemStatus>
      <LastUpdateDate />
      <LastUpdateTime />
    </Product>
    <Product>
      <PriceUpdateDate>2019/11/28 10:10</PriceUpdateDate>
      <ItemCode>7290012228759</ItemCode>
      <ItemType>1</ItemType>
      <ItemName>פסטרמה בדבש גריל מופחת נתרן 330גר</ItemName>
      <ManufactureName>זוגלובק שיווק בעמ</ManufactureName>
      <ManufactureCountry />
      <ManufactureItemDescription />
      <UnitQty>יח`</UnitQty>
      <Quantity>330</Quantity>
      <UnitMeasure>גרם</UnitMeasure>
      <BisWeighted>0</BisWeighted>
      <QtyInPackage>1</QtyInPackage>
      <ItemPrice>28.90</ItemPrice>
      <UnitOfMeasurePrice>8.76</UnitOfMeasurePrice>
      <AllowDiscount>1</AllowDiscount>
      <itemStatus>1</itemStatus>
      <LastUpdateDate />
      <LastUpdateTime />
    </Product>
    <Product>
      <PriceUpdateDate>2020/01/05 11:10</PriceUpdateDate>
      <ItemCode>7290012228841</ItemCode>
      <ItemType>1</ItemType>
      <ItemName>אקטיב פסטרמה הודו בדבש 125 גר זוגלובק</ItemName>
      <ManufactureName>זוגלובק שיווק בעמ</ManufactureName>
      <ManufactureCountry />
      <ManufactureItemDescription />
      <UnitQty>יח`</UnitQty>
      <Quantity>125</Quantity>
      <UnitMeasure>גרם</UnitMeasure>
      <BisWeighted>0</BisWeighted>
      <QtyInPackage>1</QtyInPackage>
      <ItemPrice>16.90</ItemPrice>
      <UnitOfMeasurePrice>13.52</UnitOfMeasurePrice>
      <AllowDiscount>0</AllowDiscount>
      <itemStatus>1</itemStatus>
      <LastUpdateDate />
      <LastUpdateTime />
    </Product>
    <Product>
      <PriceUpdateDate>2020/03/23 12:42</PriceUpdateDate>
      <ItemCode>7290012245329</ItemCode>
      <ItemType>1</ItemType>
      <ItemName>גולד צ`יפס קלאסי 1.5 קג</ItemName>
      <ManufactureName>קפוא-זן תעשיות מזון בעמ - תפוג</ManufactureName>
      <ManufactureCountry />
      <ManufactureItemDescription />
      <UnitQty>יח`</UnitQty>
      <Quantity>1.50</Quantity>
      <UnitMeasure>גרם</UnitMeasure>
      <BisWeighted>0</BisWeighted>
      <QtyInPackage>1</QtyInPackage>
      <ItemPrice>15.90</ItemPrice>
      <UnitOfMeasurePrice>1060</UnitOfMeasurePrice>
      <AllowDiscount>0</AllowDiscount>
      <itemStatus>1</itemStatus>
      <LastUpdateDate />
      <LastUpdateTime />
    </Product>
    <Product>
      <PriceUpdateDate>2016/05/10 06:32</PriceUpdateDate>
      <ItemCode>7290012309366</ItemCode>
      <ItemType>1</ItemType>
      <ItemName>אורז בסמטי 5 קג שק שקדיה</ItemName>
      <ManufactureName>דין שיווק וקליה בעמ</ManufactureName>
      <ManufactureCountry />
      <ManufactureItemDescription />
      <UnitQty>יח`</UnitQty>
      <Quantity>5</Quantity>
      <UnitMeasure>ק"ג</UnitMeasure>
      <BisWeighted>0</BisWeighted>
      <QtyInPackage>1</QtyInPackage>
      <ItemPrice>62.90</ItemPrice>
      <UnitOfMeasurePrice>12.58</UnitOfMeasurePrice>
      <AllowDiscount>0</AllowDiscount>
      <itemStatus>1</itemStatus>
      <LastUpdateDate />
      <LastUpdateTime />
    </Product>
    <Product>
      <PriceUpdateDate>2015/03/02 15:48</PriceUpdateDate>
      <ItemCode>7290012309939</ItemCode>
      <ItemType>1</ItemType>
      <ItemName>חלבה מסולסלת</ItemName>
      <ManufactureName>דין שיווק וקליה בעמ</ManufactureName>
      <ManufactureCountry />
      <ManufactureItemDescription />
      <UnitQty>יח`</UnitQty>
      <Quantity>500</Quantity>
      <UnitMeasure>גרם</UnitMeasure>
      <BisWeighted>0</BisWeighted>
      <QtyInPackage>1</QtyInPackage>
      <ItemPrice>14.90</ItemPrice>
      <UnitOfMeasurePrice>2.98</UnitOfMeasurePrice>
      <AllowDiscount>0</AllowDiscount>
      <itemStatus>1</itemStatus>
      <LastUpdateDate />
      <LastUpdateTime />
    </Product>
    <Product>
      <PriceUpdateDate>2017/07/03 11:30</PriceUpdateDate>
      <ItemCode>7290012313141</ItemCode>
      <ItemType>1</ItemType>
      <ItemName>מלפפון פרוסות במלח</ItemName>
      <ManufactureName>קבוצת יבנה מוצרי מזון אגודה שי</ManufactureName>
      <ManufactureCountry />
      <ManufactureItemDescription />
      <UnitQty>יח`</UnitQty>
      <Quantity>540</Quantity>
      <UnitMeasure>גרם</UnitMeasure>
      <BisWeighted>0</BisWeighted>
      <QtyInPackage>1</QtyInPackage>
      <ItemPrice>6.90</ItemPrice>
      <UnitOfMeasurePrice>1.28</UnitOfMeasurePrice>
      <AllowDiscount>1</AllowDiscount>
      <itemStatus>1</itemStatus>
      <LastUpdateDate />
      <LastUpdateTime />
    </Product>
    <Product>
      <PriceUpdateDate>2015/07/07 11:53</PriceUpdateDate>
      <ItemCode>7290012313547</ItemCode>
      <ItemType>1</ItemType>
      <ItemName>זיתים קלמטה בחומץ יין</ItemName>
      <ManufactureName>קבוצת יבנה מוצרי מזון אגודה שי</ManufactureName>
      <ManufactureCountry />
      <ManufactureItemDescription />
      <UnitQty>יח`</UnitQty>
      <Quantity>560</Quantity>
      <UnitMeasure>גרם</UnitMeasure>
      <BisWeighted>0</BisWeighted>
      <QtyInPackage>1</QtyInPackage>
      <ItemPrice>9.90</ItemPrice>
      <UnitOfMeasurePrice>1.77</UnitOfMeasurePrice>
      <AllowDiscount>0</AllowDiscount>
      <itemStatus>1</itemStatus>
      <LastUpdateDate />
      <LastUpdateTime />
    </Product>
    <Product>
      <PriceUpdateDate>2019/01/14 08:23</PriceUpdateDate>
      <ItemCode>7290012404146</ItemCode>
      <ItemType>1</ItemType>
      <ItemName>משקה פירות תפוחים שוופס (1.5 ליטר)</ItemName>
      <ManufactureName>יפאורה</ManufactureName>
      <ManufactureCountry />
      <ManufactureItemDescription />
      <UnitQty>יח`</UnitQty>
      <Quantity>1500</Quantity>
      <UnitMeasure>מ"ל</UnitMeasure>
      <BisWeighted>0</BisWeighted>
      <QtyInPackage>1</QtyInPackage>
      <ItemPrice>6.90</ItemPrice>
      <UnitOfMeasurePrice>0.46</UnitOfMeasurePrice>
      <AllowDiscount>1</AllowDiscount>
      <itemStatus>1</itemStatus>
      <LastUpdateDate />
      <LastUpdateTime />
    </Product>
    <Product>
      <PriceUpdateDate>2019/01/14 08:23</PriceUpdateDate>
      <ItemCode>7290012404160</ItemCode>
      <ItemType>1</ItemType>
      <ItemName>שוופס מוגז פירות אשכולית אדומה 1.5 ליטר</ItemName>
      <ManufactureName>יפאורה</ManufactureName>
      <ManufactureCountry />
      <ManufactureItemDescription />
      <UnitQty>יח`</UnitQty>
      <Quantity>1.50</Quantity>
      <UnitMeasure>1 ליטר</UnitMeasure>
      <BisWeighted>0</BisWeighted>
      <QtyInPackage>1</QtyInPackage>
      <ItemPrice>6.90</ItemPrice>
      <UnitOfMeasurePrice>4.60</UnitOfMeasurePrice>
      <AllowDiscount>1</AllowDiscount>
      <itemStatus>1</itemStatus>
      <LastUpdateDate />
      <LastUpdateTime />
    </Product>
    <Product>
      <PriceUpdateDate>2014/05/11 10:00</PriceUpdateDate>
      <ItemCode>7290012404238</ItemCode>
      <ItemType>1</ItemType>
      <ItemName>משקה ראשן שוופס (1.5 ליטר)</ItemName>
      <ManufactureName>יפאורה</ManufactureName>
      <ManufactureCountry />
      <ManufactureItemDescription />
      <UnitQty>יח`</UnitQty>
      <Quantity>1500</Quantity>
      <UnitMeasure>מ"ל</UnitMeasure>
      <BisWeighted>0</BisWeighted>
      <QtyInPackage>1</QtyInPackage>
      <ItemPrice>9.90</ItemPrice>
      <UnitOfMeasurePrice>0.66</UnitOfMeasurePrice>
      <AllowDiscount>0</AllowDiscount>
      <itemStatus>1</itemStatus>
      <LastUpdateDate />
      <LastUpdateTime />
    </Product>
    <Product>
      <PriceUpdateDate>2019/03/24 10:34</PriceUpdateDate>
      <ItemCode>7290012404283</ItemCode>
      <ItemType>1</ItemType>
      <ItemName>משקה קל מנגו עסיסי תפוזינה (1.5 ליטר)</ItemName>
      <ManufactureName>יפאורה</ManufactureName>
      <ManufactureCountry />
      <ManufactureItemDescription />
      <UnitQty>יח`</UnitQty>
      <Quantity>1500</Quantity>
      <UnitMeasure>מ"ל</UnitMeasure>
      <BisWeighted>0</BisWeighted>
      <QtyInPackage>1</QtyInPackage>
      <ItemPrice>6.50</ItemPrice>
      <UnitOfMeasurePrice>0.43</UnitOfMeasurePrice>
      <AllowDiscount>1</AllowDiscount>
      <itemStatus>1</itemStatus>
      <LastUpdateDate />
      <LastUpdateTime />
    </Product>
    <Product>
      <PriceUpdateDate>2019/01/13 11:17</PriceUpdateDate>
      <ItemCode>7290012404320</ItemCode>
      <ItemType>1</ItemType>
      <ItemName>משקה קל ענבים ספרינג (1.5 ליטר)</ItemName>
      <ManufactureName>יפאורה</ManufactureName>
      <ManufactureCountry />
      <ManufactureItemDescription />
      <UnitQty>יח`</UnitQty>
      <Quantity>1500</Quantity>
      <UnitMeasure>מ"ל</UnitMeasure>
      <BisWeighted>0</BisWeighted>
      <QtyInPackage>1</QtyInPackage>
      <ItemPrice>6.40</ItemPrice>
      <UnitOfMeasurePrice>0.43</UnitOfMeasurePrice>
      <AllowDiscount>1</AllowDiscount>
      <itemStatus>1</itemStatus>
      <LastUpdateDate />
      <LastUpdateTime />
    </Product>
    <Product>
      <PriceUpdateDate>2019/01/14 08:23</PriceUpdateDate>
      <ItemCode>7290012404863</ItemCode>
      <ItemType>1</ItemType>
      <ItemName>תה קר מנגו אפרסק ספרינג (1.5 ליטר)</ItemName>
      <ManufactureName>יפאורה</ManufactureName>
      <ManufactureCountry />
      <ManufactureItemDescription />
      <UnitQty>יח`</UnitQty>
      <Quantity>1.50</Quantity>
      <UnitMeasure>1 ליטר</UnitMeasure>
      <BisWeighted>0</BisWeighted>
      <QtyInPackage>1</QtyInPackage>
      <ItemPrice>6.40</ItemPrice>
      <UnitOfMeasurePrice>4.27</UnitOfMeasurePrice>
      <AllowDiscount>1</AllowDiscount>
      <itemStatus>1</itemStatus>
      <LastUpdateDate />
      <LastUpdateTime />
    </Product>
    <Product>
      <PriceUpdateDate>2015/11/12 19:01</PriceUpdateDate>
      <ItemCode>7290012404993</ItemCode>
      <ItemType>1</ItemType>
      <ItemName>חמוציות דיאט ספרינג קולקשן (1.25 ליטר)</ItemName>
      <ManufactureName>יפאורה</ManufactureName>
      <ManufactureCountry />
      <ManufactureItemDescription />
      <UnitQty>יח`</UnitQty>
      <Quantity>1250</Quantity>
      <UnitMeasure>מ"ל</UnitMeasure>
      <BisWeighted>0</BisWeighted>
      <QtyInPackage>1</QtyInPackage>
      <ItemPrice>9.90</ItemPrice>
      <UnitOfMeasurePrice>0.77</UnitOfMeasurePrice>
      <AllowDiscount>0</AllowDiscount>
      <itemStatus>1</itemStatus>
      <LastUpdateDate />
      <LastUpdateTime />
    </Product>
    <Product>
      <PriceUpdateDate>2019/08/07 10:33</PriceUpdateDate>
      <ItemCode>7290012470493</ItemCode>
      <ItemType>1</ItemType>
      <ItemName>כובע רחצה 2 שכבות</ItemName>
      <ManufactureName>קונסיגנציה- ש. י גיספאן 1993</ManufactureName>
      <ManufactureCountry />
      <ManufactureItemDescription />
      <UnitQty>יח`</UnitQty>
      <Quantity>1</Quantity>
      <UnitMeasure />
      <BisWeighted>0</BisWeighted>
      <QtyInPackage>1</QtyInPackage>
      <ItemPrice>14.90</ItemPrice>
      <UnitOfMeasurePrice>14.90</UnitOfMeasurePrice>
      <AllowDiscount>0</AllowDiscount>
      <itemStatus>1</itemStatus>
      <LastUpdateDate />
      <LastUpdateTime />
    </Product>
    <Product>
      <PriceUpdateDate>2014/04/24 11:05</PriceUpdateDate>
      <ItemCode>7290012483608</ItemCode>
      <ItemType>1</ItemType>
      <ItemName>אורז בסמטי דאווט וילי פוד (5 קג)</ItemName>
      <ManufactureName>ג.וילי-פוד אינטרנשיונל בעמ</ManufactureName>
      <ManufactureCountry />
      <ManufactureItemDescription />
      <UnitQty>יח`</UnitQty>
      <Quantity>5</Quantity>
      <UnitMeasure>ק"ג</UnitMeasure>
      <BisWeighted>0</BisWeighted>
      <QtyInPackage>1</QtyInPackage>
      <ItemPrice>49.90</ItemPrice>
      <UnitOfMeasurePrice>9.98</UnitOfMeasurePrice>
      <AllowDiscount>0</AllowDiscount>
      <itemStatus>1</itemStatus>
      <LastUpdateDate />
      <LastUpdateTime />
    </Product>
    <Product>
      <PriceUpdateDate>2015/05/25 09:07</PriceUpdateDate>
      <ItemCode>7290012522581</ItemCode>
      <ItemType>1</ItemType>
      <ItemName>שניצל תירס ללא גלוטן טבעול (664 גרם)</ItemName>
      <ManufactureName>קבוצת אסם סחר שות. מוגבלת</ManufactureName>
      <ManufactureCountry />
      <ManufactureItemDescription />
      <UnitQty>יח`</UnitQty>
      <Quantity>750</Quantity>
      <UnitMeasure>גרם</UnitMeasure>
      <BisWeighted>0</BisWeighted>
      <QtyInPackage>1</QtyInPackage>
      <ItemPrice>19.90</ItemPrice>
      <UnitOfMeasurePrice>2.65</UnitOfMeasurePrice>
      <AllowDiscount>0</AllowDiscount>
      <itemStatus>1</itemStatus>
      <LastUpdateDate />
      <LastUpdateTime />
    </Product>
    <Product>
      <PriceUpdateDate>2020/01/14 08:22</PriceUpdateDate>
      <ItemCode>7290012642814</ItemCode>
      <ItemType>1</ItemType>
      <ItemName>פלפל מעורב בחומץ חריף 540 מ`ל תומר</ItemName>
      <ManufactureName>תומר יבוא ושיווק מוצרי מזון (1</ManufactureName>
      <ManufactureCountry />
      <ManufactureItemDescription />
      <UnitQty>יח`</UnitQty>
      <Quantity>540</Quantity>
      <UnitMeasure>מ"ל</UnitMeasure>
      <BisWeighted>0</BisWeighted>
      <QtyInPackage>1</QtyInPackage>
      <ItemPrice>9.90</ItemPrice>
      <UnitOfMeasurePrice>1.83</UnitOfMeasurePrice>
      <AllowDiscount>0</AllowDiscount>
      <itemStatus>1</itemStatus>
      <LastUpdateDate />
      <LastUpdateTime />
    </Product>
    <Product>
      <PriceUpdateDate>2020/01/14 08:22</PriceUpdateDate>
      <ItemCode>7290012642906</ItemCode>
      <ItemType>1</ItemType>
      <ItemName>פלפלונים ירוק בחומץ 540 מ`ל תומר</ItemName>
      <ManufactureName>תומר יבוא ושיווק מוצרי מזון (1</ManufactureName>
      <ManufactureCountry />
      <ManufactureItemDescription />
      <UnitQty>יח`</UnitQty>
      <Quantity>540</Quantity>
      <UnitMeasure>מ"ל</UnitMeasure>
      <BisWeighted>0</BisWeighted>
      <QtyInPackage>1</QtyInPackage>
      <ItemPrice>9.90</ItemPrice>
      <UnitOfMeasurePrice>1.83</UnitOfMeasurePrice>
      <AllowDiscount>0</AllowDiscount>
      <itemStatus>1</itemStatus>
      <LastUpdateDate />
      <LastUpdateTime />
    </Product>
    <Product>
      <PriceUpdateDate>2015/07/14 08:41</PriceUpdateDate>
      <ItemCode>7290012645297</ItemCode>
      <ItemType>1</ItemType>
      <ItemName>יוגורט עיזים בטעם טיבעי 150 גר` חלב האר</ItemName>
      <ManufactureName>שטראוס גרופ בעמ/מצונן</ManufactureName>
      <ManufactureCountry />
      <ManufactureItemDescription />
      <UnitQty>יח`</UnitQty>
      <Quantity>150</Quantity>
      <UnitMeasure>גרם</UnitMeasure>
      <BisWeighted>0</BisWeighted>
      <QtyInPackage>1</QtyInPackage>
      <ItemPrice>5.90</ItemPrice>
      <UnitOfMeasurePrice>3.93</UnitOfMeasurePrice>
      <AllowDiscount>1</AllowDiscount>
      <itemStatus>1</itemStatus>
      <LastUpdateDate />
      <LastUpdateTime />
    </Product>
    <Product>
      <PriceUpdateDate>2020/04/30 06:55</PriceUpdateDate>
      <ItemCode>7290012665059</ItemCode>
      <ItemType>1</ItemType>
      <ItemName>קובה מרק 400 גר</ItemName>
      <ManufactureName>חמים וטעים בעמ</ManufactureName>
      <ManufactureCountry />
      <ManufactureItemDescription />
      <UnitQty>יח`</UnitQty>
      <Quantity>400</Quantity>
      <UnitMeasure>גרם</UnitMeasure>
      <BisWeighted>0</BisWeighted>
      <QtyInPackage>1</QtyInPackage>
      <ItemPrice>11.90</ItemPrice>
      <UnitOfMeasurePrice>2.98</UnitOfMeasurePrice>
      <AllowDiscount>0</AllowDiscount>
      <itemStatus>1</itemStatus>
      <LastUpdateDate />
      <LastUpdateTime />
    </Product>
    <Product>
      <PriceUpdateDate>2020/04/30 06:55</PriceUpdateDate>
      <ItemCode>7290012665073</ItemCode>
      <ItemType>1</ItemType>
      <ItemName>רביולי בטטה</ItemName>
      <ManufactureName>חמים וטעים בעמ</ManufactureName>
      <ManufactureCountry />
      <ManufactureItemDescription />
      <UnitQty>יח`</UnitQty>
      <Quantity>400</Quantity>
      <UnitMeasure>גרם</UnitMeasure>
      <BisWeighted>0</BisWeighted>
      <QtyInPackage>1</QtyInPackage>
      <ItemPrice>11.90</ItemPrice>
      <UnitOfMeasurePrice>2.98</UnitOfMeasurePrice>
      <AllowDiscount>0</AllowDiscount>
      <itemStatus>1</itemStatus>
      <LastUpdateDate />
      <LastUpdateTime />
    </Product>
    <Product>
      <PriceUpdateDate>2020/04/30 06:55</PriceUpdateDate>
      <ItemCode>7290012665363</ItemCode>
      <ItemType>1</ItemType>
      <ItemName>רביולי פטריות</ItemName>
      <ManufactureName>חמים וטעים בעמ</ManufactureName>
      <ManufactureCountry />
      <ManufactureItemDescription />
      <UnitQty>יח`</UnitQty>
      <Quantity>400</Quantity>
      <UnitMeasure>גרם</UnitMeasure>
      <BisWeighted>0</BisWeighted>
      <QtyInPackage>1</QtyInPackage>
      <ItemPrice>11.90</ItemPrice>
      <UnitOfMeasurePrice>2.98</UnitOfMeasurePrice>
      <AllowDiscount>0</AllowDiscount>
      <itemStatus>1</itemStatus>
      <LastUpdateDate />
      <LastUpdateTime />
    </Product>
    <Product>
      <PriceUpdateDate>2016/03/06 08:22</PriceUpdateDate>
      <ItemCode>7290012697081</ItemCode>
      <ItemType>1</ItemType>
      <ItemName>סטיוויה שקיות סוכרזית (100)</ItemName>
      <ManufactureName>שטראוס גרופ בעמ</ManufactureName>
      <ManufactureCountry />
      <ManufactureItemDescription />
      <UnitQty>יח`</UnitQty>
      <Quantity>100</Quantity>
      <UnitMeasure>גרם</UnitMeasure>
      <BisWeighted>0</BisWeighted>
      <QtyInPackage>1</QtyInPackage>
      <ItemPrice>29.90</ItemPrice>
      <UnitOfMeasurePrice>29.90</UnitOfMeasurePrice>
      <AllowDiscount>0</AllowDiscount>
      <itemStatus>1</itemStatus>
      <LastUpdateDate />
      <LastUpdateTime />
    </Product>
    <Product>
      <PriceUpdateDate>2019/10/27 12:09</PriceUpdateDate>
      <ItemCode>7290012803055</ItemCode>
      <ItemType>1</ItemType>
      <ItemName>סוכרלוז שקיות מרמולייט) (100</ItemName>
      <ManufactureName>דנשר (1963) בעמ</ManufactureName>
      <ManufactureCountry />
      <ManufactureItemDescription />
      <UnitQty>יח`</UnitQty>
      <Quantity>100</Quantity>
      <UnitMeasure>גרם</UnitMeasure>
      <BisWeighted>0</BisWeighted>
      <QtyInPackage>1</QtyInPackage>
      <ItemPrice>32.90</ItemPrice>
      <UnitOfMeasurePrice>32.90</UnitOfMeasurePrice>
      <AllowDiscount>0</AllowDiscount>
      <itemStatus>1</itemStatus>
      <LastUpdateDate />
      <LastUpdateTime />
    </Product>
    <Product>
      <PriceUpdateDate>2015/12/01 18:43</PriceUpdateDate>
      <ItemCode>7290012803215</ItemCode>
      <ItemType>1</ItemType>
      <ItemName>וופל בלגי בטעם שוקולד 200 גרם</ItemName>
      <ManufactureName>דנשר (1963) בעמ</ManufactureName>
      <ManufactureCountry />
      <ManufactureItemDescription />
      <UnitQty>יח`</UnitQty>
      <Quantity>200</Quantity>
      <UnitMeasure>גרם</UnitMeasure>
      <BisWeighted>0</BisWeighted>
      <QtyInPackage>1</QtyInPackage>
      <ItemPrice>10.90</ItemPrice>
      <UnitOfMeasurePrice>5.45</UnitOfMeasurePrice>
      <AllowDiscount>0</AllowDiscount>
      <itemStatus>1</itemStatus>
      <LastUpdateDate />
      <LastUpdateTime />
    </Product>
    <Product>
      <PriceUpdateDate>2015/05/27 11:09</PriceUpdateDate>
      <ItemCode>7290012803352</ItemCode>
      <ItemType>1</ItemType>
      <ItemName>קוטל מעופפים רייד (300 מל)</ItemName>
      <ManufactureName>דנשר (1963) בעמ</ManufactureName>
      <ManufactureCountry />
      <ManufactureItemDescription />
      <UnitQty>יח`</UnitQty>
      <Quantity>300</Quantity>
      <UnitMeasure>מ"ל</UnitMeasure>
      <BisWeighted>0</BisWeighted>
      <QtyInPackage>1</QtyInPackage>
      <ItemPrice>17.90</ItemPrice>
      <UnitOfMeasurePrice>5.97</UnitOfMeasurePrice>
      <AllowDiscount>1</AllowDiscount>
      <itemStatus>1</itemStatus>
      <LastUpdateDate />
      <LastUpdateTime />
    </Product>
    <Product>
      <PriceUpdateDate>2015/12/01 18:43</PriceUpdateDate>
      <ItemCode>7290012803772</ItemCode>
      <ItemType>1</ItemType>
      <ItemName>שוקולד חלב ללא סוכר טוסו (100 גרם)</ItemName>
      <ManufactureName>דנשר (1963) בעמ</ManufactureName>
      <ManufactureCountry />
      <ManufactureItemDescription />
      <UnitQty>יח`</UnitQty>
      <Quantity>100</Quantity>
      <UnitMeasure>גרם</UnitMeasure>
      <BisWeighted>0</BisWeighted>
      <QtyInPackage>1</QtyInPackage>
      <ItemPrice>12.90</ItemPrice>
      <UnitOfMeasurePrice>12.90</UnitOfMeasurePrice>
      <AllowDiscount>0</AllowDiscount>
      <itemStatus>1</itemStatus>
      <LastUpdateDate />
      <LastUpdateTime />
    </Product>
    <Product>
      <PriceUpdateDate>2018/01/07 07:32</PriceUpdateDate>
      <ItemCode>7290012823381</ItemCode>
      <ItemType>1</ItemType>
      <ItemName>סנו מקסימה מרכך 1 ליטר ורוד פסים</ItemName>
      <ManufactureName>החברה הדרומית לשיווק בעמ</ManufactureName>
      <ManufactureCountry />
      <ManufactureItemDescription />
      <UnitQty>יח`</UnitQty>
      <Quantity>1000</Quantity>
      <UnitMeasure>מ"ל</UnitMeasure>
      <BisWeighted>0</BisWeighted>
      <QtyInPackage>1</QtyInPackage>
      <ItemPrice>17.90</ItemPrice>
      <UnitOfMeasurePrice>1.79</UnitOfMeasurePrice>
      <AllowDiscount>1</AllowDiscount>
      <itemStatus>1</itemStatus>
      <LastUpdateDate />
      <LastUpdateTime />
    </Product>
    <Product>
      <PriceUpdateDate>2020/01/19 09:13</PriceUpdateDate>
      <ItemCode>7290012823558</ItemCode>
      <ItemType>1</ItemType>
      <ItemName>מטליות לחות לריצפה סנו סושי (10)</ItemName>
      <ManufactureName>החברה הדרומית לשיווק בעמ</ManufactureName>
      <ManufactureCountry />
      <ManufactureItemDescription />
      <UnitQty>יח`</UnitQty>
      <Quantity>1</Quantity>
      <UnitMeasure />
      <BisWeighted>0</BisWeighted>
      <QtyInPackage>1</QtyInPackage>
      <ItemPrice>9.90</ItemPrice>
      <UnitOfMeasurePrice>9.90</UnitOfMeasurePrice>
      <AllowDiscount>1</AllowDiscount>
      <itemStatus>1</itemStatus>
      <LastUpdateDate />
      <LastUpdateTime />
    </Product>
    <Product>
      <PriceUpdateDate>2019/04/22 14:15</PriceUpdateDate>
      <ItemCode>7290012823589</ItemCode>
      <ItemType>1</ItemType>
      <ItemName>ריצפז פרש 2 ליטר</ItemName>
      <ManufactureName>החברה הדרומית לשיווק בעמ</ManufactureName>
      <ManufactureCountry />
      <ManufactureItemDescription />
      <UnitQty>יח`</UnitQty>
      <Quantity>2000</Quantity>
      <UnitMeasure>1 ליטר</UnitMeasure>
      <BisWeighted>0</BisWeighted>
      <QtyInPackage>1</QtyInPackage>
      <ItemPrice>21.90</ItemPrice>
      <UnitOfMeasurePrice>0.01</UnitOfMeasurePrice>
      <AllowDiscount>1</AllowDiscount>
      <itemStatus>1</itemStatus>
      <LastUpdateDate />
      <LastUpdateTime />
    </Product>
    <Product>
      <PriceUpdateDate>2015/05/27 11:12</PriceUpdateDate>
      <ItemCode>7290012823602</ItemCode>
      <ItemType>1</ItemType>
      <ItemName>נייר טואלט סופט 32 גלגלים</ItemName>
      <ManufactureName>החברה הדרומית לשיווק בעמ</ManufactureName>
      <ManufactureCountry />
      <ManufactureItemDescription />
      <UnitQty>יח`</UnitQty>
      <Quantity>1</Quantity>
      <UnitMeasure />
      <BisWeighted>0</BisWeighted>
      <QtyInPackage>1</QtyInPackage>
      <ItemPrice>42.90</ItemPrice>
      <UnitOfMeasurePrice>42.90</UnitOfMeasurePrice>
      <AllowDiscount>0</AllowDiscount>
      <itemStatus>1</itemStatus>
      <LastUpdateDate />
      <LastUpdateTime />
    </Product>
    <Product>
      <PriceUpdateDate>2016/03/08 13:38</PriceUpdateDate>
      <ItemCode>7290012864001</ItemCode>
      <ItemType>1</ItemType>
      <ItemName>נבטי חמניה</ItemName>
      <ManufactureName>א.אדמה (2007) בעמ</ManufactureName>
      <ManufactureCountry />
      <ManufactureItemDescription />
      <UnitQty>יח`</UnitQty>
      <Quantity>1</Quantity>
      <UnitMeasure />
      <BisWeighted>0</BisWeighted>
      <QtyInPackage>1</QtyInPackage>
      <ItemPrice>9.90</ItemPrice>
      <UnitOfMeasurePrice>9.90</UnitOfMeasurePrice>
      <AllowDiscount>1</AllowDiscount>
      <itemStatus>1</itemStatus>
      <LastUpdateDate />
      <LastUpdateTime />
    </Product>
    <Product>
      <PriceUpdateDate>2018/08/12 10:21</PriceUpdateDate>
      <ItemCode>7290012864025</ItemCode>
      <ItemType>1</ItemType>
      <ItemName>אלפלפא</ItemName>
      <ManufactureName>א.אדמה (2007) בעמ</ManufactureName>
      <ManufactureCountry />
      <ManufactureItemDescription />
      <UnitQty>יח`</UnitQty>
      <Quantity>1</Quantity>
      <UnitMeasure />
      <BisWeighted>0</BisWeighted>
      <QtyInPackage>1</QtyInPackage>
      <ItemPrice>7.90</ItemPrice>
      <UnitOfMeasurePrice>7.90</UnitOfMeasurePrice>
      <AllowDiscount>1</AllowDiscount>
      <itemStatus>1</itemStatus>
      <LastUpdateDate />
      <LastUpdateTime />
    </Product>
    <Product>
      <PriceUpdateDate>2014/01/01 08:37</PriceUpdateDate>
      <ItemCode>7290012864032</ItemCode>
      <ItemType>1</ItemType>
      <ItemName>נבטוטים</ItemName>
      <ManufactureName>א.אדמה (2007) בעמ</ManufactureName>
      <ManufactureCountry />
      <ManufactureItemDescription />
      <UnitQty>יח`</UnitQty>
      <Quantity>1</Quantity>
      <UnitMeasure />
      <BisWeighted>0</BisWeighted>
      <QtyInPackage>1</QtyInPackage>
      <ItemPrice>9</ItemPrice>
      <UnitOfMeasurePrice>9</UnitOfMeasurePrice>
      <AllowDiscount>1</AllowDiscount>
      <itemStatus>1</itemStatus>
      <LastUpdateDate />
      <LastUpdateTime />
    </Product>
    <Product>
      <PriceUpdateDate>2018/12/31 17:17</PriceUpdateDate>
      <ItemCode>7290012864049</ItemCode>
      <ItemType>1</ItemType>
      <ItemName>נבטי צנונית</ItemName>
      <ManufactureName>א.אדמה (2007) בעמ</ManufactureName>
      <ManufactureCountry />
      <ManufactureItemDescription />
      <UnitQty>יח`</UnitQty>
      <Quantity>1</Quantity>
      <UnitMeasure />
      <BisWeighted>0</BisWeighted>
      <QtyInPackage>1</QtyInPackage>
      <ItemPrice>9.90</ItemPrice>
      <UnitOfMeasurePrice>9.90</UnitOfMeasurePrice>
      <AllowDiscount>1</AllowDiscount>
      <itemStatus>1</itemStatus>
      <LastUpdateDate />
      <LastUpdateTime />
    </Product>
    <Product>
      <PriceUpdateDate>2018/12/31 17:17</PriceUpdateDate>
      <ItemCode>7290012864056</ItemCode>
      <ItemType>1</ItemType>
      <ItemName>נבטי ברוקולי</ItemName>
      <ManufactureName>א.אדמה (2007) בעמ</ManufactureName>
      <ManufactureCountry />
      <ManufactureItemDescription />
      <UnitQty>יח`</UnitQty>
      <Quantity>1</Quantity>
      <UnitMeasure />
      <BisWeighted>0</BisWeighted>
      <QtyInPackage>1</QtyInPackage>
      <ItemPrice>9.90</ItemPrice>
      <UnitOfMeasurePrice>9.90</UnitOfMeasurePrice>
      <AllowDiscount>1</AllowDiscount>
      <itemStatus>1</itemStatus>
      <LastUpdateDate />
      <LastUpdateTime />
    </Product>
    <Product>
      <PriceUpdateDate>2018/12/31 17:17</PriceUpdateDate>
      <ItemCode>7290012864131</ItemCode>
      <ItemType>1</ItemType>
      <ItemName>נבטי עדשים שחורות</ItemName>
      <ManufactureName>א.אדמה (2007) בעמ</ManufactureName>
      <ManufactureCountry />
      <ManufactureItemDescription />
      <UnitQty>יח`</UnitQty>
      <Quantity>1</Quantity>
      <UnitMeasure />
      <BisWeighted>0</BisWeighted>
      <QtyInPackage>1</QtyInPackage>
      <ItemPrice>9.90</ItemPrice>
      <UnitOfMeasurePrice>9.90</UnitOfMeasurePrice>
      <AllowDiscount>1</AllowDiscount>
      <itemStatus>1</itemStatus>
      <LastUpdateDate />
      <LastUpdateTime />
    </Product>
    <Product>
      <PriceUpdateDate>2015/04/12 18:16</PriceUpdateDate>
      <ItemCode>7290012884986</ItemCode>
      <ItemType>1</ItemType>
      <ItemName>צ`יפס לתנור עד 4% שומן תפוגן (1.5 קג)</ItemName>
      <ManufactureName>קבוצת אסם סחר שות. מוגבלת</ManufactureName>
      <ManufactureCountry />
      <ManufactureItemDescription />
      <UnitQty>יח`</UnitQty>
      <Quantity>1500</Quantity>
      <UnitMeasure>גרם</UnitMeasure>
      <BisWeighted>0</BisWeighted>
      <QtyInPackage>1</QtyInPackage>
      <ItemPrice>24.90</ItemPrice>
      <UnitOfMeasurePrice>1.66</UnitOfMeasurePrice>
      <AllowDiscount>0</AllowDiscount>
      <itemStatus>1</itemStatus>
      <LastUpdateDate />
      <LastUpdateTime />
    </Product>
    <Product>
      <PriceUpdateDate>2018/12/02 08:14</PriceUpdateDate>
      <ItemCode>7290012901256</ItemCode>
      <ItemType>1</ItemType>
      <ItemName>חומץ תפוחים 946 מל גאלה</ItemName>
      <ManufactureName>מור-ים מרקטינג בעמ</ManufactureName>
      <ManufactureCountry />
      <ManufactureItemDescription />
      <UnitQty>יח`</UnitQty>
      <Quantity>946</Quantity>
      <UnitMeasure>מ"ל</UnitMeasure>
      <BisWeighted>0</BisWeighted>
      <QtyInPackage>1</QtyInPackage>
      <ItemPrice>13.90</ItemPrice>
      <UnitOfMeasurePrice>1.47</UnitOfMeasurePrice>
      <AllowDiscount>0</AllowDiscount>
      <itemStatus>1</itemStatus>
      <LastUpdateDate />
      <LastUpdateTime />
    </Product>
    <Product>
      <PriceUpdateDate>2018/12/02 08:14</PriceUpdateDate>
      <ItemCode>7290012901355</ItemCode>
      <ItemType>1</ItemType>
      <ItemName>ארוחת אטריות עם גבינה 206  גר`Doodles</ItemName>
      <ManufactureName>מור-ים מרקטינג בעמ</ManufactureName>
      <ManufactureCountry />
      <ManufactureItemDescription />
      <UnitQty>יח`</UnitQty>
      <Quantity>206</Quantity>
      <UnitMeasure>גרם</UnitMeasure>
      <BisWeighted>0</BisWeighted>
      <QtyInPackage>1</QtyInPackage>
      <ItemPrice>10.90</ItemPrice>
      <UnitOfMeasurePrice>5.29</UnitOfMeasurePrice>
      <AllowDiscount>0</AllowDiscount>
      <itemStatus>1</itemStatus>
      <LastUpdateDate />
      <LastUpdateTime />
    </Product>
    <Product>
      <PriceUpdateDate>2019/04/02 08:33</PriceUpdateDate>
      <ItemCode>7290012901867</ItemCode>
      <ItemType>1</ItemType>
      <ItemName>דיניקולה רוטב פסטה בזיליקום 737  גר`כשר</ItemName>
      <ManufactureName>מור-ים מרקטינג בעמ</ManufactureName>
      <ManufactureCountry />
      <ManufactureItemDescription />
      <UnitQty>יח`</UnitQty>
      <Quantity>737</Quantity>
      <UnitMeasure>גרם</UnitMeasure>
      <BisWeighted>0</BisWeighted>
      <QtyInPackage>1</QtyInPackage>
      <ItemPrice>14.90</ItemPrice>
      <UnitOfMeasurePrice>2.02</UnitOfMeasurePrice>
      <AllowDiscount>0</AllowDiscount>
      <itemStatus>1</itemStatus>
      <LastUpdateDate />
      <LastUpdateTime />
    </Product>
    <Product>
      <PriceUpdateDate>2020/02/23 16:39</PriceUpdateDate>
      <ItemCode>7290012901959</ItemCode>
      <ItemType>1</ItemType>
      <ItemName>ארוחת אטריות עם גבינה מסולסלים 156 גר`</ItemName>
      <ManufactureName>מור-ים מרקטינג בעמ</ManufactureName>
      <ManufactureCountry />
      <ManufactureItemDescription />
      <UnitQty>יח`</UnitQty>
      <Quantity>206</Quantity>
      <UnitMeasure>גרם</UnitMeasure>
      <BisWeighted>0</BisWeighted>
      <QtyInPackage>1</QtyInPackage>
      <ItemPrice>10.90</ItemPrice>
      <UnitOfMeasurePrice>5.29</UnitOfMeasurePrice>
      <AllowDiscount>0</AllowDiscount>
      <itemStatus>1</itemStatus>
      <LastUpdateDate />
      <LastUpdateTime />
    </Product>
    <Product>
      <PriceUpdateDate>2015/02/16 09:07</PriceUpdateDate>
      <ItemCode>7290012911156</ItemCode>
      <ItemType>1</ItemType>
      <ItemName>רוטב טריאקי שומשום 300 מל</ItemName>
      <ManufactureName>טעמי אסיה בעמ</ManufactureName>
      <ManufactureCountry />
      <ManufactureItemDescription />
      <UnitQty>יח`</UnitQty>
      <Quantity>300</Quantity>
      <UnitMeasure>מ"ל</UnitMeasure>
      <BisWeighted>0</BisWeighted>
      <QtyInPackage>1</QtyInPackage>
      <ItemPrice>13.90</ItemPrice>
      <UnitOfMeasurePrice>4.63</UnitOfMeasurePrice>
      <AllowDiscount>0</AllowDiscount>
      <itemStatus>1</itemStatus>
      <LastUpdateDate />
      <LastUpdateTime />
    </Product>
    <Product>
      <PriceUpdateDate>2015/01/13 16:26</PriceUpdateDate>
      <ItemCode>7290012911248</ItemCode>
      <ItemType>1</ItemType>
      <ItemName>שיכר שזיפים 750 מל`</ItemName>
      <ManufactureName>טעמי אסיה בעמ</ManufactureName>
      <ManufactureCountry />
      <ManufactureItemDescription />
      <UnitQty>יח`</UnitQty>
      <Quantity>750</Quantity>
      <UnitMeasure>מ"ל</UnitMeasure>
      <BisWeighted>0</BisWeighted>
      <QtyInPackage>1</QtyInPackage>
      <ItemPrice>20.20</ItemPrice>
      <UnitOfMeasurePrice>2.65</UnitOfMeasurePrice>
      <AllowDiscount>0</AllowDiscount>
      <itemStatus>1</itemStatus>
      <LastUpdateDate />
      <LastUpdateTime />
    </Product>
    <Product>
      <PriceUpdateDate>2015/04/29 14:51</PriceUpdateDate>
      <ItemCode>7290012911293</ItemCode>
      <ItemType>1</ItemType>
      <ItemName>דפי אורז 22 סמ טעמי אסיה (300 גרם)</ItemName>
      <ManufactureName>טעמי אסיה בעמ</ManufactureName>
      <ManufactureCountry />
      <ManufactureItemDescription />
      <UnitQty>יח`</UnitQty>
      <Quantity>300</Quantity>
      <UnitMeasure>גרם</UnitMeasure>
      <BisWeighted>0</BisWeighted>
      <QtyInPackage>1</QtyInPackage>
      <ItemPrice>10.90</ItemPrice>
      <UnitOfMeasurePrice>3.63</UnitOfMeasurePrice>
      <AllowDiscount>0</AllowDiscount>
      <itemStatus>1</itemStatus>
      <LastUpdateDate />
      <LastUpdateTime />
    </Product>
    <Product>
      <PriceUpdateDate>2018/10/08 09:26</PriceUpdateDate>
      <ItemCode>7290012911415</ItemCode>
      <ItemType>1</ItemType>
      <ItemName>ממרח קארי ירוק טעמי אסיה (400 גרם)</ItemName>
      <ManufactureName>טעמי אסיה בעמ</ManufactureName>
      <ManufactureCountry />
      <ManufactureItemDescription />
      <UnitQty>יח`</UnitQty>
      <Quantity>400</Quantity>
      <UnitMeasure>גרם</UnitMeasure>
      <BisWeighted>0</BisWeighted>
      <QtyInPackage>1</QtyInPackage>
      <ItemPrice>18.50</ItemPrice>
      <UnitOfMeasurePrice>4.63</UnitOfMeasurePrice>
      <AllowDiscount>0</AllowDiscount>
      <itemStatus>1</itemStatus>
      <LastUpdateDate />
      <LastUpdateTime />
    </Product>
    <Product>
      <PriceUpdateDate>2018/10/08 09:26</PriceUpdateDate>
      <ItemCode>7290012911422</ItemCode>
      <ItemType>1</ItemType>
      <ItemName>ממרח קארי אדום טעמי אסיה (400 גרם)</ItemName>
      <ManufactureName>טעמי אסיה בעמ</ManufactureName>
      <ManufactureCountry />
      <ManufactureItemDescription />
      <UnitQty>יח`</UnitQty>
      <Quantity>400</Quantity>
      <UnitMeasure>גרם</UnitMeasure>
      <BisWeighted>0</BisWeighted>
      <QtyInPackage>1</QtyInPackage>
      <ItemPrice>18.50</ItemPrice>
      <UnitOfMeasurePrice>4.63</UnitOfMeasurePrice>
      <AllowDiscount>0</AllowDiscount>
      <itemStatus>1</itemStatus>
      <LastUpdateDate />
      <LastUpdateTime />
    </Product>
    <Product>
      <PriceUpdateDate>2018/10/08 09:26</PriceUpdateDate>
      <ItemCode>7290012911439</ItemCode>
      <ItemType>1</ItemType>
      <ItemName>ממרח קארי צהוב 400 גרם</ItemName>
      <ManufactureName>טעמי אסיה בעמ</ManufactureName>
      <ManufactureCountry />
      <ManufactureItemDescription />
      <UnitQty>יח`</UnitQty>
      <Quantity>400</Quantity>
      <UnitMeasure>גרם</UnitMeasure>
      <BisWeighted>0</BisWeighted>
      <QtyInPackage>1</QtyInPackage>
      <ItemPrice>18.50</ItemPrice>
      <UnitOfMeasurePrice>4.63</UnitOfMeasurePrice>
      <AllowDiscount>0</AllowDiscount>
      <itemStatus>1</itemStatus>
      <LastUpdateDate />
      <LastUpdateTime />
    </Product>
    <Product>
      <PriceUpdateDate>2015/05/27 11:08</PriceUpdateDate>
      <ItemCode>7290012911477</ItemCode>
      <ItemType>1</ItemType>
      <ItemName>קרם קוקוס טעמי אסיה (400 מל)</ItemName>
      <ManufactureName>טעמי אסיה בעמ</ManufactureName>
      <ManufactureCountry />
      <ManufactureItemDescription />
      <UnitQty>יח`</UnitQty>
      <Quantity>400</Quantity>
      <UnitMeasure>גרם</UnitMeasure>
      <BisWeighted>0</BisWeighted>
      <QtyInPackage>1</QtyInPackage>
      <ItemPrice>9.90</ItemPrice>
      <UnitOfMeasurePrice>2.48</UnitOfMeasurePrice>
      <AllowDiscount>1</AllowDiscount>
      <itemStatus>1</itemStatus>
      <LastUpdateDate />
      <LastUpdateTime />
    </Product>
    <Product>
      <PriceUpdateDate>2015/02/16 09:07</PriceUpdateDate>
      <ItemCode>7290012911675</ItemCode>
      <ItemType>1</ItemType>
      <ItemName>פטריות שטאקה טעמי אסיה (85 גרם)</ItemName>
      <ManufactureName>טעמי אסיה בעמ</ManufactureName>
      <ManufactureCountry />
      <ManufactureItemDescription />
      <UnitQty>יח`</UnitQty>
      <Quantity>85</Quantity>
      <UnitMeasure>גרם</UnitMeasure>
      <BisWeighted>0</BisWeighted>
      <QtyInPackage>1</QtyInPackage>
      <ItemPrice>19.90</ItemPrice>
      <UnitOfMeasurePrice>23.41</UnitOfMeasurePrice>
      <AllowDiscount>0</AllowDiscount>
      <itemStatus>1</itemStatus>
      <LastUpdateDate />
      <LastUpdateTime />
    </Product>
    <Product>
      <PriceUpdateDate>2014/03/31 16:00</PriceUpdateDate>
      <ItemCode>7290012911729</ItemCode>
      <ItemType>1</ItemType>
      <ItemName>ג`ינג`ר לסושי ורוד 250 גר</ItemName>
      <ManufactureName>טעמי אסיה בעמ</ManufactureName>
      <ManufactureCountry />
      <ManufactureItemDescription />
      <UnitQty>יח`</UnitQty>
      <Quantity>250</Quantity>
      <UnitMeasure>גרם</UnitMeasure>
      <BisWeighted>0</BisWeighted>
      <QtyInPackage>1</QtyInPackage>
      <ItemPrice>8.90</ItemPrice>
      <UnitOfMeasurePrice>3.56</UnitOfMeasurePrice>
      <AllowDiscount>0</AllowDiscount>
      <itemStatus>1</itemStatus>
      <LastUpdateDate />
      <LastUpdateTime />
    </Product>
    <Product>
      <PriceUpdateDate>2014/01/01 08:37</PriceUpdateDate>
      <ItemCode>7290012931116</ItemCode>
      <ItemType>1</ItemType>
      <ItemName>מגב חד להב גומי</ItemName>
      <ManufactureName>מ.א.ייצור ויבוא מטליות בעמ</ManufactureName>
      <ManufactureCountry />
      <ManufactureItemDescription />
      <UnitQty>יח`</UnitQty>
      <Quantity>1</Quantity>
      <UnitMeasure />
      <BisWeighted>0</BisWeighted>
      <QtyInPackage>1</QtyInPackage>
      <ItemPrice>24</ItemPrice>
      <UnitOfMeasurePrice>24</UnitOfMeasurePrice>
      <AllowDiscount>0</AllowDiscount>
      <itemStatus>1</itemStatus>
      <LastUpdateDate />
      <LastUpdateTime />
    </Product>
    <Product>
      <PriceUpdateDate>2020/01/15 17:11</PriceUpdateDate>
      <ItemCode>7290012931611</ItemCode>
      <ItemType>1</ItemType>
      <ItemName>3 כריות ברזל לקרצוף חזק shiny</ItemName>
      <ManufactureName>מ.א.ייצור ויבוא מטליות בעמ</ManufactureName>
      <ManufactureCountry />
      <ManufactureItemDescription />
      <UnitQty>יח`</UnitQty>
      <Quantity>1</Quantity>
      <UnitMeasure />
      <BisWeighted>0</BisWeighted>
      <QtyInPackage>1</QtyInPackage>
      <ItemPrice>6.90</ItemPrice>
      <UnitOfMeasurePrice>6.90</UnitOfMeasurePrice>
      <AllowDiscount>0</AllowDiscount>
      <itemStatus>1</itemStatus>
      <LastUpdateDate />
      <LastUpdateTime />
    </Product>
    <Product>
      <PriceUpdateDate>2016/01/06 14:11</PriceUpdateDate>
      <ItemCode>7290012936906</ItemCode>
      <ItemType>1</ItemType>
      <ItemName>ציפורן שלם 25 גר`</ItemName>
      <ManufactureName>א.ל.ייצור ושיווק תבלינים בעמ</ManufactureName>
      <ManufactureCountry />
      <ManufactureItemDescription />
      <UnitQty>יח`</UnitQty>
      <Quantity>25</Quantity>
      <UnitMeasure>גרם</UnitMeasure>
      <BisWeighted>0</BisWeighted>
      <QtyInPackage>1</QtyInPackage>
      <ItemPrice>11.90</ItemPrice>
      <UnitOfMeasurePrice>47.60</UnitOfMeasurePrice>
      <AllowDiscount>0</AllowDiscount>
      <itemStatus>1</itemStatus>
      <LastUpdateDate />
      <LastUpdateTime />
    </Product>
    <Product>
      <PriceUpdateDate>2016/01/20 09:22</PriceUpdateDate>
      <ItemCode>7290012938580</ItemCode>
      <ItemType>1</ItemType>
      <ItemName>הלבנה עדינה סנסודיין (75 מל)</ItemName>
      <ManufactureName>גורי ע.ע.ע בעמ</ManufactureName>
      <ManufactureCountry />
      <ManufactureItemDescription />
      <UnitQty>יח`</UnitQty>
      <Quantity>75</Quantity>
      <UnitMeasure>מ"ל</UnitMeasure>
      <BisWeighted>0</BisWeighted>
      <QtyInPackage>1</QtyInPackage>
      <ItemPrice>20</ItemPrice>
      <UnitOfMeasurePrice>26.67</UnitOfMeasurePrice>
      <AllowDiscount>1</AllowDiscount>
      <itemStatus>1</itemStatus>
      <LastUpdateDate />
      <LastUpdateTime />
    </Product>
    <Product>
      <PriceUpdateDate>2015/05/27 12:15</PriceUpdateDate>
      <ItemCode>7290012938597</ItemCode>
      <ItemType>1</ItemType>
      <ItemName>משחת שיניים רפיד רליף סנסודיין (75 מל)</ItemName>
      <ManufactureName>גורי ע.ע.ע בעמ</ManufactureName>
      <ManufactureCountry />
      <ManufactureItemDescription />
      <UnitQty>יח`</UnitQty>
      <Quantity>75</Quantity>
      <UnitMeasure>גרם</UnitMeasure>
      <BisWeighted>0</BisWeighted>
      <QtyInPackage>1</QtyInPackage>
      <ItemPrice>19.90</ItemPrice>
      <UnitOfMeasurePrice>26.53</UnitOfMeasurePrice>
      <AllowDiscount>0</AllowDiscount>
      <itemStatus>1</itemStatus>
      <LastUpdateDate />
      <LastUpdateTime />
    </Product>
    <Product>
      <PriceUpdateDate>2016/10/30 08:31</PriceUpdateDate>
      <ItemCode>7290012962448</ItemCode>
      <ItemType>1</ItemType>
      <ItemName>מדליק פחם נוזלי 250 מל</ItemName>
      <ManufactureName>אינטרסן 1996 בעמ</ManufactureName>
      <ManufactureCountry />
      <ManufactureItemDescription />
      <UnitQty>יח`</UnitQty>
      <Quantity>250</Quantity>
      <UnitMeasure>מ"ל</UnitMeasure>
      <BisWeighted>0</BisWeighted>
      <QtyInPackage>1</QtyInPackage>
      <ItemPrice>9.90</ItemPrice>
      <UnitOfMeasurePrice>3.96</UnitOfMeasurePrice>
      <AllowDiscount>0</AllowDiscount>
      <itemStatus>1</itemStatus>
      <LastUpdateDate />
      <LastUpdateTime />
    </Product>
    <Product>
      <PriceUpdateDate>2015/04/27 08:30</PriceUpdateDate>
      <ItemCode>7290012962592</ItemCode>
      <ItemType>1</ItemType>
      <ItemName>מדליק פחם מוצק אקולוגי 32 יח</ItemName>
      <ManufactureName>אינטרסן 1996 בעמ</ManufactureName>
      <ManufactureCountry />
      <ManufactureItemDescription />
      <UnitQty>יח`</UnitQty>
      <Quantity>1</Quantity>
      <UnitMeasure />
      <BisWeighted>0</BisWeighted>
      <QtyInPackage>1</QtyInPackage>
      <ItemPrice>6.90</ItemPrice>
      <UnitOfMeasurePrice>6.90</UnitOfMeasurePrice>
      <AllowDiscount>0</AllowDiscount>
      <itemStatus>1</itemStatus>
      <LastUpdateDate />
      <LastUpdateTime />
    </Product>
    <Product>
      <PriceUpdateDate>2014/01/01 08:37</PriceUpdateDate>
      <ItemCode>7290012974205</ItemCode>
      <ItemType>1</ItemType>
      <ItemName>שישיית קולה דיאט 1.5 המותג</ItemName>
      <ManufactureName>המותג-לא פעיל להקלדה</ManufactureName>
      <ManufactureCountry />
      <ManufactureItemDescription />
      <UnitQty>יח`</UnitQty>
      <Quantity>9</Quantity>
      <UnitMeasure>1 ליטר</UnitMeasure>
      <BisWeighted>0</BisWeighted>
      <QtyInPackage>1</QtyInPackage>
      <ItemPrice>17.20</ItemPrice>
      <UnitOfMeasurePrice>1.91</UnitOfMeasurePrice>
      <AllowDiscount>0</AllowDiscount>
      <itemStatus>1</itemStatus>
      <LastUpdateDate />
      <LastUpdateTime />
    </Product>
    <Product>
      <PriceUpdateDate>2020/02/23 11:19</PriceUpdateDate>
      <ItemCode>7290012983610</ItemCode>
      <ItemType>1</ItemType>
      <ItemName>תמר כבוש 500 גר`</ItemName>
      <ManufactureName>דנשר (1963) בעמ</ManufactureName>
      <ManufactureCountry />
      <ManufactureItemDescription />
      <UnitQty>יח`</UnitQty>
      <Quantity>500</Quantity>
      <UnitMeasure>גרם</UnitMeasure>
      <BisWeighted>0</BisWeighted>
      <QtyInPackage>1</QtyInPackage>
      <ItemPrice>10.90</ItemPrice>
      <UnitOfMeasurePrice>2.18</UnitOfMeasurePrice>
      <AllowDiscount>0</AllowDiscount>
      <itemStatus>1</itemStatus>
      <LastUpdateDate />
      <LastUpdateTime />
    </Product>
    <Product>
      <PriceUpdateDate>2017/04/05 11:35</PriceUpdateDate>
      <ItemCode>7290012996672</ItemCode>
      <ItemType>1</ItemType>
      <ItemName>סבון אסלה זוגי הפי</ItemName>
      <ManufactureName>יעקב יעקבי ובניו בעמ</ManufactureName>
      <ManufactureCountry />
      <ManufactureItemDescription />
      <UnitQty>יח`</UnitQty>
      <Quantity>88</Quantity>
      <UnitMeasure>מ"ל</UnitMeasure>
      <BisWeighted>0</BisWeighted>
      <QtyInPackage>1</QtyInPackage>
      <ItemPrice>9.90</ItemPrice>
      <UnitOfMeasurePrice>11.25</UnitOfMeasurePrice>
      <AllowDiscount>0</AllowDiscount>
      <itemStatus>1</itemStatus>
      <LastUpdateDate />
      <LastUpdateTime />
    </Product>
    <Product>
      <PriceUpdateDate>2019/10/23 09:02</PriceUpdateDate>
      <ItemCode>7290013027399</ItemCode>
      <ItemType>1</ItemType>
      <ItemName>לחם אנג`ל 100 בתוספת שיפון-קל 750גר</ItemName>
      <ManufactureName>שלמה א. אנג`ל בעמ</ManufactureName>
      <ManufactureCountry />
      <ManufactureItemDescription />
      <UnitQty>יח`</UnitQty>
      <Quantity>750</Quantity>
      <UnitMeasure>גרם</UnitMeasure>
      <BisWeighted>0</BisWeighted>
      <QtyInPackage>1</QtyInPackage>
      <ItemPrice>12.90</ItemPrice>
      <UnitOfMeasurePrice>1.72</UnitOfMeasurePrice>
      <AllowDiscount>0</AllowDiscount>
      <itemStatus>1</itemStatus>
      <LastUpdateDate />
      <LastUpdateTime />
    </Product>
    <Product>
      <PriceUpdateDate>2019/02/18 11:45</PriceUpdateDate>
      <ItemCode>7290013038234</ItemCode>
      <ItemType>1</ItemType>
      <ItemName>אקווה נובה 2 ליטר שישיה</ItemName>
      <ManufactureName>טמפו משקאות בעמ</ManufactureName>
      <ManufactureCountry />
      <ManufactureItemDescription />
      <UnitQty>יח`</UnitQty>
      <Quantity>12</Quantity>
      <UnitMeasure>1 ליטר</UnitMeasure>
      <BisWeighted>0</BisWeighted>
      <QtyInPackage>1</QtyInPackage>
      <ItemPrice>10.90</ItemPrice>
      <UnitOfMeasurePrice>0.91</UnitOfMeasurePrice>
      <AllowDiscount>0</AllowDiscount>
      <itemStatus>1</itemStatus>
      <LastUpdateDate />
      <LastUpdateTime />
    </Product>
    <Product>
      <PriceUpdateDate>2019/01/30 08:51</PriceUpdateDate>
      <ItemCode>7290013083661</ItemCode>
      <ItemType>1</ItemType>
      <ItemName>מטרנה אקסטרא קייר 700 גר` שלב 1</ItemName>
      <ManufactureName>קבוצת אסם סחר שות. מוגבלת</ManufactureName>
      <ManufactureCountry />
      <ManufactureItemDescription />
      <UnitQty>יח`</UnitQty>
      <Quantity>700</Quantity>
      <UnitMeasure>גרם</UnitMeasure>
      <BisWeighted>0</BisWeighted>
      <QtyInPackage>1</QtyInPackage>
      <ItemPrice>59.90</ItemPrice>
      <UnitOfMeasurePrice>8.56</UnitOfMeasurePrice>
      <AllowDiscount>1</AllowDiscount>
      <itemStatus>1</itemStatus>
      <LastUpdateDate />
      <LastUpdateTime />
    </Product>
    <Product>
      <PriceUpdateDate>2019/01/30 08:51</PriceUpdateDate>
      <ItemCode>7290013083685</ItemCode>
      <ItemType>1</ItemType>
      <ItemName>מטרנה אקסטרא קייר 700 גר` שלב3</ItemName>
      <ManufactureName>קבוצת אסם סחר שות. מוגבלת</ManufactureName>
      <ManufactureCountry />
      <ManufactureItemDescription />
      <UnitQty>יח`</UnitQty>
      <Quantity>700</Quantity>
      <UnitMeasure>גרם</UnitMeasure>
      <BisWeighted>0</BisWeighted>
      <QtyInPackage>1</QtyInPackage>
      <ItemPrice>59.90</ItemPrice>
      <UnitOfMeasurePrice>8.56</UnitOfMeasurePrice>
      <AllowDiscount>1</AllowDiscount>
      <itemStatus>1</itemStatus>
      <LastUpdateDate />
      <LastUpdateTime />
    </Product>
    <Product>
      <PriceUpdateDate>2019/08/28 09:14</PriceUpdateDate>
      <ItemCode>7290013083951</ItemCode>
      <ItemType>1</ItemType>
      <ItemName>לה קט מיקס סלמון ופורל 400 גר</ItemName>
      <ManufactureName>שחורי אריה ואנסטסיה</ManufactureName>
      <ManufactureCountry />
      <ManufactureItemDescription />
      <UnitQty>יח`</UnitQty>
      <Quantity>1</Quantity>
      <UnitMeasure />
      <BisWeighted>0</BisWeighted>
      <QtyInPackage>1</QtyInPackage>
      <ItemPrice>6.90</ItemPrice>
      <UnitOfMeasurePrice>6.90</UnitOfMeasurePrice>
      <AllowDiscount>0</AllowDiscount>
      <itemStatus>1</itemStatus>
      <LastUpdateDate />
      <LastUpdateTime />
    </Product>
    <Product>
      <PriceUpdateDate>2016/10/19 10:09</PriceUpdateDate>
      <ItemCode>7290013117212</ItemCode>
      <ItemType>1</ItemType>
      <ItemName>בורקס פילו גבינה מעדנות</ItemName>
      <ManufactureName>תנובה קפואים</ManufactureName>
      <ManufactureCountry />
      <ManufactureItemDescription />
      <UnitQty>יח`</UnitQty>
      <Quantity>600</Quantity>
      <UnitMeasure>גרם</UnitMeasure>
      <BisWeighted>0</BisWeighted>
      <QtyInPackage>1</QtyInPackage>
      <ItemPrice>21.90</ItemPrice>
      <UnitOfMeasurePrice>3.65</UnitOfMeasurePrice>
      <AllowDiscount>1</AllowDiscount>
      <itemStatus>1</itemStatus>
      <LastUpdateDate />
      <LastUpdateTime />
    </Product>
    <Product>
      <PriceUpdateDate>2016/10/19 10:09</PriceUpdateDate>
      <ItemCode>7290013117229</ItemCode>
      <ItemType>1</ItemType>
      <ItemName>בורקס פילו תפוא מעדנות</ItemName>
      <ManufactureName>תנובה קפואים</ManufactureName>
      <ManufactureCountry />
      <ManufactureItemDescription />
      <UnitQty>יח`</UnitQty>
      <Quantity>600</Quantity>
      <UnitMeasure>גרם</UnitMeasure>
      <BisWeighted>0</BisWeighted>
      <QtyInPackage>1</QtyInPackage>
      <ItemPrice>21.90</ItemPrice>
      <UnitOfMeasurePrice>3.65</UnitOfMeasurePrice>
      <AllowDiscount>1</AllowDiscount>
      <itemStatus>1</itemStatus>
      <LastUpdateDate />
      <LastUpdateTime />
    </Product>
    <Product>
      <PriceUpdateDate>2016/10/19 10:09</PriceUpdateDate>
      <ItemCode>7290013117236</ItemCode>
      <ItemType>1</ItemType>
      <ItemName>בורקס פילו פיצה מעדנות</ItemName>
      <ManufactureName>תנובה קפואים</ManufactureName>
      <ManufactureCountry />
      <ManufactureItemDescription />
      <UnitQty>יח`</UnitQty>
      <Quantity>600</Quantity>
      <UnitMeasure>גרם</UnitMeasure>
      <BisWeighted>0</BisWeighted>
      <QtyInPackage>1</QtyInPackage>
      <ItemPrice>21.90</ItemPrice>
      <UnitOfMeasurePrice>3.65</UnitOfMeasurePrice>
      <AllowDiscount>1</AllowDiscount>
      <itemStatus>1</itemStatus>
      <LastUpdateDate />
      <LastUpdateTime />
    </Product>
    <Product>
      <PriceUpdateDate>2016/10/19 10:09</PriceUpdateDate>
      <ItemCode>7290013117243</ItemCode>
      <ItemType>1</ItemType>
      <ItemName>בורקס פילו בולגרית מעדנות</ItemName>
      <ManufactureName>תנובה קפואים</ManufactureName>
      <ManufactureCountry />
      <ManufactureItemDescription />
      <UnitQty>יח`</UnitQty>
      <Quantity>600</Quantity>
      <UnitMeasure>גרם</UnitMeasure>
      <BisWeighted>0</BisWeighted>
      <QtyInPackage>1</QtyInPackage>
      <ItemPrice>21.90</ItemPrice>
      <UnitOfMeasurePrice>3.65</UnitOfMeasurePrice>
      <AllowDiscount>1</AllowDiscount>
      <itemStatus>1</itemStatus>
      <LastUpdateDate />
      <LastUpdateTime />
    </Product>
    <Product>
      <PriceUpdateDate>2016/12/12 08:18</PriceUpdateDate>
      <ItemCode>7290013117526</ItemCode>
      <ItemType>1</ItemType>
      <ItemName>בצק שמרים מתוק מעדנות</ItemName>
      <ManufactureName>תנובה קפואים</ManufactureName>
      <ManufactureCountry />
      <ManufactureItemDescription />
      <UnitQty>יח`</UnitQty>
      <Quantity>900</Quantity>
      <UnitMeasure>גרם</UnitMeasure>
      <BisWeighted>0</BisWeighted>
      <QtyInPackage>1</QtyInPackage>
      <ItemPrice>22.90</ItemPrice>
      <UnitOfMeasurePrice>2.54</UnitOfMeasurePrice>
      <AllowDiscount>1</AllowDiscount>
      <itemStatus>1</itemStatus>
      <LastUpdateDate />
      <LastUpdateTime />
    </Product>
    <Product>
      <PriceUpdateDate>2017/10/31 12:52</PriceUpdateDate>
      <ItemCode>7290013121110</ItemCode>
      <ItemType>1</ItemType>
      <ItemName>לחמניות בורגר 350  גר`ללא גלוטן</ItemName>
      <ManufactureName>זוגלובק-גרין לייט</ManufactureName>
      <ManufactureCountry />
      <ManufactureItemDescription />
      <UnitQty>יח`</UnitQty>
      <Quantity>350</Quantity>
      <UnitMeasure>גרם</UnitMeasure>
      <BisWeighted>0</BisWeighted>
      <QtyInPackage>1</QtyInPackage>
      <ItemPrice>13.90</ItemPrice>
      <UnitOfMeasurePrice>3.97</UnitOfMeasurePrice>
      <AllowDiscount>0</AllowDiscount>
      <itemStatus>1</itemStatus>
      <LastUpdateDate />
      <LastUpdateTime />
    </Product>
    <Product>
      <PriceUpdateDate>2017/10/31 12:52</PriceUpdateDate>
      <ItemCode>7290013121158</ItemCode>
      <ItemType>1</ItemType>
      <ItemName>לחמניות  סנדוויץ`גרין לייט (115x4 גרם)</ItemName>
      <ManufactureName>זוגלובק-גרין לייט</ManufactureName>
      <ManufactureCountry />
      <ManufactureItemDescription />
      <UnitQty>יח`</UnitQty>
      <Quantity>1</Quantity>
      <UnitMeasure />
      <BisWeighted>0</BisWeighted>
      <QtyInPackage>1</QtyInPackage>
      <ItemPrice>15.90</ItemPrice>
      <UnitOfMeasurePrice>15.90</UnitOfMeasurePrice>
      <AllowDiscount>0</AllowDiscount>
      <itemStatus>1</itemStatus>
      <LastUpdateDate />
      <LastUpdateTime />
    </Product>
    <Product>
      <PriceUpdateDate>2017/10/31 12:52</PriceUpdateDate>
      <ItemCode>7290013121165</ItemCode>
      <ItemType>1</ItemType>
      <ItemName>לחמניות נקנקיה ללא גלוטן</ItemName>
      <ManufactureName>זוגלובק-גרין לייט</ManufactureName>
      <ManufactureCountry />
      <ManufactureItemDescription />
      <UnitQty>יח`</UnitQty>
      <Quantity>460</Quantity>
      <UnitMeasure>גרם</UnitMeasure>
      <BisWeighted>0</BisWeighted>
      <QtyInPackage>1</QtyInPackage>
      <ItemPrice>15.90</ItemPrice>
      <UnitOfMeasurePrice>3.46</UnitOfMeasurePrice>
      <AllowDiscount>0</AllowDiscount>
      <itemStatus>1</itemStatus>
      <LastUpdateDate />
      <LastUpdateTime />
    </Product>
    <Product>
      <PriceUpdateDate>2019/01/03 10:55</PriceUpdateDate>
      <ItemCode>7290013121691</ItemCode>
      <ItemType>1</ItemType>
      <ItemName>שלישיית לאפות 80  גר`ליחידה ללא גולטן גר</ItemName>
      <ManufactureName>זוגלובק-גרין לייט</ManufactureName>
      <ManufactureCountry />
      <ManufactureItemDescription />
      <UnitQty>יח`</UnitQty>
      <Quantity>240</Quantity>
      <UnitMeasure>גרם</UnitMeasure>
      <BisWeighted>0</BisWeighted>
      <QtyInPackage>1</QtyInPackage>
      <ItemPrice>16.90</ItemPrice>
      <UnitOfMeasurePrice>7.04</UnitOfMeasurePrice>
      <AllowDiscount>0</AllowDiscount>
      <itemStatus>1</itemStatus>
      <LastUpdateDate />
      <LastUpdateTime />
    </Product>
    <Product>
      <PriceUpdateDate>2019/07/21 08:37</PriceUpdateDate>
      <ItemCode>7290013144188</ItemCode>
      <ItemType>1</ItemType>
      <ItemName>תערובת בראוניס 600 גר`</ItemName>
      <ManufactureName>מימונס אפיה בעמ</ManufactureName>
      <ManufactureCountry />
      <ManufactureItemDescription />
      <UnitQty>יח`</UnitQty>
      <Quantity>600</Quantity>
      <UnitMeasure>גרם</UnitMeasure>
      <BisWeighted>0</BisWeighted>
      <QtyInPackage>1</QtyInPackage>
      <ItemPrice>15.90</ItemPrice>
      <UnitOfMeasurePrice>2.65</UnitOfMeasurePrice>
      <AllowDiscount>1</AllowDiscount>
      <itemStatus>1</itemStatus>
      <LastUpdateDate />
      <LastUpdateTime />
    </Product>
    <Product>
      <PriceUpdateDate>2018/02/06 08:16</PriceUpdateDate>
      <ItemCode>7290013144195</ItemCode>
      <ItemType>1</ItemType>
      <ItemName>תערובת כדורי שוקולד 500 גר`</ItemName>
      <ManufactureName>מימונס אפיה בעמ</ManufactureName>
      <ManufactureCountry />
      <ManufactureItemDescription />
      <UnitQty>יח`</UnitQty>
      <Quantity>500</Quantity>
      <UnitMeasure>גרם</UnitMeasure>
      <BisWeighted>0</BisWeighted>
      <QtyInPackage>1</QtyInPackage>
      <ItemPrice>17.90</ItemPrice>
      <UnitOfMeasurePrice>3.58</UnitOfMeasurePrice>
      <AllowDiscount>1</AllowDiscount>
      <itemStatus>1</itemStatus>
      <LastUpdateDate />
      <LastUpdateTime />
    </Product>
    <Product>
      <PriceUpdateDate>2019/07/21 08:37</PriceUpdateDate>
      <ItemCode>7290013144218</ItemCode>
      <ItemType>1</ItemType>
      <ItemName>תערובת עוגת וניל מימונס (560 גרם)</ItemName>
      <ManufactureName>מימונס אפיה בעמ</ManufactureName>
      <ManufactureCountry />
      <ManufactureItemDescription />
      <UnitQty>יח`</UnitQty>
      <Quantity>560</Quantity>
      <UnitMeasure>גרם</UnitMeasure>
      <BisWeighted>0</BisWeighted>
      <QtyInPackage>1</QtyInPackage>
      <ItemPrice>15.90</ItemPrice>
      <UnitOfMeasurePrice>2.84</UnitOfMeasurePrice>
      <AllowDiscount>1</AllowDiscount>
      <itemStatus>1</itemStatus>
      <LastUpdateDate />
      <LastUpdateTime />
    </Product>
    <Product>
      <PriceUpdateDate>2019/07/21 08:37</PriceUpdateDate>
      <ItemCode>7290013144225</ItemCode>
      <ItemType>1</ItemType>
      <ItemName>תערובת עוגת שיש 560 גר`</ItemName>
      <ManufactureName>מימונס אפיה בעמ</ManufactureName>
      <ManufactureCountry />
      <ManufactureItemDescription />
      <UnitQty>יח`</UnitQty>
      <Quantity>560</Quantity>
      <UnitMeasure>גרם</UnitMeasure>
      <BisWeighted>0</BisWeighted>
      <QtyInPackage>1</QtyInPackage>
      <ItemPrice>15.90</ItemPrice>
      <UnitOfMeasurePrice>2.84</UnitOfMeasurePrice>
      <AllowDiscount>1</AllowDiscount>
      <itemStatus>1</itemStatus>
      <LastUpdateDate />
      <LastUpdateTime />
    </Product>
    <Product>
      <PriceUpdateDate>2015/12/01 18:12</PriceUpdateDate>
      <ItemCode>7290013144232</ItemCode>
      <ItemType>1</ItemType>
      <ItemName>פודינג בטעם וניל 85 גר` מימונס</ItemName>
      <ManufactureName>מימונס אפיה בעמ</ManufactureName>
      <ManufactureCountry />
      <ManufactureItemDescription />
      <UnitQty>יח`</UnitQty>
      <Quantity>85</Quantity>
      <UnitMeasure>גרם</UnitMeasure>
      <BisWeighted>0</BisWeighted>
      <QtyInPackage>1</QtyInPackage>
      <ItemPrice>5.90</ItemPrice>
      <UnitOfMeasurePrice>6.94</UnitOfMeasurePrice>
      <AllowDiscount>1</AllowDiscount>
      <itemStatus>1</itemStatus>
      <LastUpdateDate />
      <LastUpdateTime />
    </Product>
    <Product>
      <PriceUpdateDate>2015/12/01 18:12</PriceUpdateDate>
      <ItemCode>7290013144249</ItemCode>
      <ItemType>1</ItemType>
      <ItemName>פודינג בטעם שוקולד 95 גר` מימונס</ItemName>
      <ManufactureName>מימונס אפיה בעמ</ManufactureName>
      <ManufactureCountry />
      <ManufactureItemDescription />
      <UnitQty>יח`</UnitQty>
      <Quantity>95</Quantity>
      <UnitMeasure>גרם</UnitMeasure>
      <BisWeighted>0</BisWeighted>
      <QtyInPackage>1</QtyInPackage>
      <ItemPrice>5.90</ItemPrice>
      <UnitOfMeasurePrice>6.21</UnitOfMeasurePrice>
      <AllowDiscount>1</AllowDiscount>
      <itemStatus>1</itemStatus>
      <LastUpdateDate />
      <LastUpdateTime />
    </Product>
    <Product>
      <PriceUpdateDate>2015/05/27 12:54</PriceUpdateDate>
      <ItemCode>7290013144263</ItemCode>
      <ItemType>1</ItemType>
      <ItemName>מלבי 112 גר`</ItemName>
      <ManufactureName>מימונס אפיה בעמ</ManufactureName>
      <ManufactureCountry />
      <ManufactureItemDescription />
      <UnitQty>יח`</UnitQty>
      <Quantity>100</Quantity>
      <UnitMeasure>גרם</UnitMeasure>
      <BisWeighted>0</BisWeighted>
      <QtyInPackage>1</QtyInPackage>
      <ItemPrice>10.90</ItemPrice>
      <UnitOfMeasurePrice>10.90</UnitOfMeasurePrice>
      <AllowDiscount>0</AllowDiscount>
      <itemStatus>1</itemStatus>
      <LastUpdateDate />
      <LastUpdateTime />
    </Product>
    <Product>
      <PriceUpdateDate>2019/07/21 08:37</PriceUpdateDate>
      <ItemCode>7290013144287</ItemCode>
      <ItemType>1</ItemType>
      <ItemName>ג`לי בטעם תות 85 גר` מימונס</ItemName>
      <ManufactureName>מימונס אפיה בעמ</ManufactureName>
      <ManufactureCountry />
      <ManufactureItemDescription />
      <UnitQty>יח`</UnitQty>
      <Quantity>85</Quantity>
      <UnitMeasure>גרם</UnitMeasure>
      <BisWeighted>0</BisWeighted>
      <QtyInPackage>1</QtyInPackage>
      <ItemPrice>5.90</ItemPrice>
      <UnitOfMeasurePrice>6.94</UnitOfMeasurePrice>
      <AllowDiscount>1</AllowDiscount>
      <itemStatus>1</itemStatus>
      <LastUpdateDate />
      <LastUpdateTime />
    </Product>
    <Product>
      <PriceUpdateDate>2016/01/03 13:02</PriceUpdateDate>
      <ItemCode>7290013144317</ItemCode>
      <ItemType>1</ItemType>
      <ItemName>גלילית וופל למילוי ג`וני</ItemName>
      <ManufactureName>מימונס אפיה בעמ</ManufactureName>
      <ManufactureCountry />
      <ManufactureItemDescription />
      <UnitQty>יח`</UnitQty>
      <Quantity>400</Quantity>
      <UnitMeasure>גרם</UnitMeasure>
      <BisWeighted>0</BisWeighted>
      <QtyInPackage>1</QtyInPackage>
      <ItemPrice>22.90</ItemPrice>
      <UnitOfMeasurePrice>5.73</UnitOfMeasurePrice>
      <AllowDiscount>1</AllowDiscount>
      <itemStatus>1</itemStatus>
      <LastUpdateDate />
      <LastUpdateTime />
    </Product>
    <Product>
      <PriceUpdateDate>2019/07/21 08:37</PriceUpdateDate>
      <ItemCode>7290013144355</ItemCode>
      <ItemType>1</ItemType>
      <ItemName>וופל הולנדי מקורי</ItemName>
      <ManufactureName>מימונס אפיה בעמ</ManufactureName>
      <ManufactureCountry />
      <ManufactureItemDescription />
      <UnitQty>יח`</UnitQty>
      <Quantity>252</Quantity>
      <UnitMeasure>גרם</UnitMeasure>
      <BisWeighted>0</BisWeighted>
      <QtyInPackage>1</QtyInPackage>
      <ItemPrice>16.90</ItemPrice>
      <UnitOfMeasurePrice>6.71</UnitOfMeasurePrice>
      <AllowDiscount>0</AllowDiscount>
      <itemStatus>1</itemStatus>
      <LastUpdateDate />
      <LastUpdateTime />
    </Product>
    <Product>
      <PriceUpdateDate>2016/01/03 13:02</PriceUpdateDate>
      <ItemCode>7290013144393</ItemCode>
      <ItemType>1</ItemType>
      <ItemName>תמצית אפיה בטעם וניל מימונס (50 מל)</ItemName>
      <ManufactureName>מימונס אפיה בעמ</ManufactureName>
      <ManufactureCountry />
      <ManufactureItemDescription />
      <UnitQty>יח`</UnitQty>
      <Quantity>50</Quantity>
      <UnitMeasure>גרם</UnitMeasure>
      <BisWeighted>0</BisWeighted>
      <QtyInPackage>1</QtyInPackage>
      <ItemPrice>4.90</ItemPrice>
      <UnitOfMeasurePrice>9.80</UnitOfMeasurePrice>
      <AllowDiscount>0</AllowDiscount>
      <itemStatus>1</itemStatus>
      <LastUpdateDate />
      <LastUpdateTime />
    </Product>
    <Product>
      <PriceUpdateDate>2019/07/21 08:37</PriceUpdateDate>
      <ItemCode>7290013144416</ItemCode>
      <ItemType>1</ItemType>
      <ItemName>תמצית אפיה בטעם שקדים 50 מל מימונס</ItemName>
      <ManufactureName>מימונס אפיה בעמ</ManufactureName>
      <ManufactureCountry />
      <ManufactureItemDescription />
      <UnitQty>יח`</UnitQty>
      <Quantity>50</Quantity>
      <UnitMeasure>גרם</UnitMeasure>
      <BisWeighted>0</BisWeighted>
      <QtyInPackage>1</QtyInPackage>
      <ItemPrice>4.50</ItemPrice>
      <UnitOfMeasurePrice>9</UnitOfMeasurePrice>
      <AllowDiscount>0</AllowDiscount>
      <itemStatus>1</itemStatus>
      <LastUpdateDate />
      <LastUpdateTime />
    </Product>
    <Product>
      <PriceUpdateDate>2014/05/12 10:27</PriceUpdateDate>
      <ItemCode>7290013144508</ItemCode>
      <ItemType>1</ItemType>
      <ItemName>תמצית אפיה בטעם ורדים 50 מל מימונס</ItemName>
      <ManufactureName>מימונס אפיה בעמ</ManufactureName>
      <ManufactureCountry />
      <ManufactureItemDescription />
      <UnitQty>יח`</UnitQty>
      <Quantity>50</Quantity>
      <UnitMeasure>גרם</UnitMeasure>
      <BisWeighted>0</BisWeighted>
      <QtyInPackage>1</QtyInPackage>
      <ItemPrice>9.90</ItemPrice>
      <UnitOfMeasurePrice>19.80</UnitOfMeasurePrice>
      <AllowDiscount>0</AllowDiscount>
      <itemStatus>1</itemStatus>
      <LastUpdateDate />
      <LastUpdateTime />
    </Product>
    <Product>
      <PriceUpdateDate>2018/02/06 08:16</PriceUpdateDate>
      <ItemCode>7290013144522</ItemCode>
      <ItemType>1</ItemType>
      <ItemName>צבע מאכל ירוק מימונס (50 מל)</ItemName>
      <ManufactureName>מימונס אפיה בעמ</ManufactureName>
      <ManufactureCountry />
      <ManufactureItemDescription />
      <UnitQty>יח`</UnitQty>
      <Quantity>50</Quantity>
      <UnitMeasure>גרם</UnitMeasure>
      <BisWeighted>0</BisWeighted>
      <QtyInPackage>1</QtyInPackage>
      <ItemPrice>4.90</ItemPrice>
      <UnitOfMeasurePrice>9.80</UnitOfMeasurePrice>
      <AllowDiscount>0</AllowDiscount>
      <itemStatus>1</itemStatus>
      <LastUpdateDate />
      <LastUpdateTime />
    </Product>
    <Product>
      <PriceUpdateDate>2018/02/06 08:16</PriceUpdateDate>
      <ItemCode>7290013144560</ItemCode>
      <ItemType>1</ItemType>
      <ItemName>צבע מאכל כחול מימונס (50 מל)</ItemName>
      <ManufactureName>מימונס אפיה בעמ</ManufactureName>
      <ManufactureCountry />
      <ManufactureItemDescription />
      <UnitQty>יח`</UnitQty>
      <Quantity>50</Quantity>
      <UnitMeasure>גרם</UnitMeasure>
      <BisWeighted>0</BisWeighted>
      <QtyInPackage>1</QtyInPackage>
      <ItemPrice>4.90</ItemPrice>
      <UnitOfMeasurePrice>9.80</UnitOfMeasurePrice>
      <AllowDiscount>0</AllowDiscount>
      <itemStatus>1</itemStatus>
      <LastUpdateDate />
      <LastUpdateTime />
    </Product>
    <Product>
      <PriceUpdateDate>2018/02/06 08:16</PriceUpdateDate>
      <ItemCode>7290013144614</ItemCode>
      <ItemType>1</ItemType>
      <ItemName>סירופ מייפל אמיתי מימונס (236 מל)</ItemName>
      <ManufactureName>מימונס אפיה בעמ</ManufactureName>
      <ManufactureCountry />
      <ManufactureItemDescription />
      <UnitQty>יח`</UnitQty>
      <Quantity>236</Quantity>
      <UnitMeasure>מ"ל</UnitMeasure>
      <BisWeighted>0</BisWeighted>
      <QtyInPackage>1</QtyInPackage>
      <ItemPrice>38.90</ItemPrice>
      <UnitOfMeasurePrice>16.48</UnitOfMeasurePrice>
      <AllowDiscount>1</AllowDiscount>
      <itemStatus>1</itemStatus>
      <LastUpdateDate />
      <LastUpdateTime />
    </Product>
    <Product>
      <PriceUpdateDate>2015/04/29 11:59</PriceUpdateDate>
      <ItemCode>7290013144751</ItemCode>
      <ItemType>1</ItemType>
      <ItemName>סירופ מייפל מימונס (500 גרם)</ItemName>
      <ManufactureName>מימונס אפיה בעמ</ManufactureName>
      <ManufactureCountry />
      <ManufactureItemDescription />
      <UnitQty>יח`</UnitQty>
      <Quantity>500</Quantity>
      <UnitMeasure>מ"ל</UnitMeasure>
      <BisWeighted>0</BisWeighted>
      <QtyInPackage>1</QtyInPackage>
      <ItemPrice>14.90</ItemPrice>
      <UnitOfMeasurePrice>2.98</UnitOfMeasurePrice>
      <AllowDiscount>0</AllowDiscount>
      <itemStatus>1</itemStatus>
      <LastUpdateDate />
      <LastUpdateTime />
    </Product>
    <Product>
      <PriceUpdateDate>2015/04/29 11:59</PriceUpdateDate>
      <ItemCode>7290013144768</ItemCode>
      <ItemType>1</ItemType>
      <ItemName>סירופ שוקולד מימונס (500 גרם)</ItemName>
      <ManufactureName>מימונס אפיה בעמ</ManufactureName>
      <ManufactureCountry />
      <ManufactureItemDescription />
      <UnitQty>יח`</UnitQty>
      <Quantity>500</Quantity>
      <UnitMeasure>מ"ל</UnitMeasure>
      <BisWeighted>0</BisWeighted>
      <QtyInPackage>1</QtyInPackage>
      <ItemPrice>14.90</ItemPrice>
      <UnitOfMeasurePrice>2.98</UnitOfMeasurePrice>
      <AllowDiscount>0</AllowDiscount>
      <itemStatus>1</itemStatus>
      <LastUpdateDate />
      <LastUpdateTime />
    </Product>
    <Product>
      <PriceUpdateDate>2015/09/22 08:05</PriceUpdateDate>
      <ItemCode>7290013144966</ItemCode>
      <ItemType>1</ItemType>
      <ItemName>פודינג בטעם וניל צרפתי 1קג צנצנת מימונס</ItemName>
      <ManufactureName>מימונס אפיה בעמ</ManufactureName>
      <ManufactureCountry />
      <ManufactureItemDescription />
      <UnitQty>יח`</UnitQty>
      <Quantity>1</Quantity>
      <UnitMeasure />
      <BisWeighted>0</BisWeighted>
      <QtyInPackage>1</QtyInPackage>
      <ItemPrice>24.90</ItemPrice>
      <UnitOfMeasurePrice>24.90</UnitOfMeasurePrice>
      <AllowDiscount>0</AllowDiscount>
      <itemStatus>1</itemStatus>
      <LastUpdateDate />
      <LastUpdateTime />
    </Product>
    <Product>
      <PriceUpdateDate>2019/07/18 10:07</PriceUpdateDate>
      <ItemCode>7290013145017</ItemCode>
      <ItemType>1</ItemType>
      <ItemName>אגוז מלך קלוף מימונס (100 גרם)</ItemName>
      <ManufactureName>מימונס אפיה בעמ</ManufactureName>
      <ManufactureCountry />
      <ManufactureItemDescription />
      <UnitQty>יח`</UnitQty>
      <Quantity>100</Quantity>
      <UnitMeasure>גרם</UnitMeasure>
      <BisWeighted>0</BisWeighted>
      <QtyInPackage>1</QtyInPackage>
      <ItemPrice>11.90</ItemPrice>
      <UnitOfMeasurePrice>11.90</UnitOfMeasurePrice>
      <AllowDiscount>1</AllowDiscount>
      <itemStatus>1</itemStatus>
      <LastUpdateDate />
      <LastUpdateTime />
    </Product>
    <Product>
      <PriceUpdateDate>2019/07/18 10:07</PriceUpdateDate>
      <ItemCode>7290013145031</ItemCode>
      <ItemType>1</ItemType>
      <ItemName>אגוז לוז מסוכר מימונס (100 גרם)</ItemName>
      <ManufactureName>מימונס אפיה בעמ</ManufactureName>
      <ManufactureCountry />
      <ManufactureItemDescription />
      <UnitQty>יח`</UnitQty>
      <Quantity>100</Quantity>
      <UnitMeasure>גרם</UnitMeasure>
      <BisWeighted>0</BisWeighted>
      <QtyInPackage>1</QtyInPackage>
      <ItemPrice>11.90</ItemPrice>
      <UnitOfMeasurePrice>11.90</UnitOfMeasurePrice>
      <AllowDiscount>0</AllowDiscount>
      <itemStatus>1</itemStatus>
      <LastUpdateDate />
      <LastUpdateTime />
    </Product>
    <Product>
      <PriceUpdateDate>2018/07/01 13:36</PriceUpdateDate>
      <ItemCode>7290013145048</ItemCode>
      <ItemType>1</ItemType>
      <ItemName>צנוברים מימונס (100 גרם)</ItemName>
      <ManufactureName>מימונס אפיה בעמ</ManufactureName>
      <ManufactureCountry />
      <ManufactureItemDescription />
      <UnitQty>יח`</UnitQty>
      <Quantity>100</Quantity>
      <UnitMeasure>גרם</UnitMeasure>
      <BisWeighted>0</BisWeighted>
      <QtyInPackage>1</QtyInPackage>
      <ItemPrice>27.90</ItemPrice>
      <UnitOfMeasurePrice>27.90</UnitOfMeasurePrice>
      <AllowDiscount>0</AllowDiscount>
      <itemStatus>1</itemStatus>
      <LastUpdateDate />
      <LastUpdateTime />
    </Product>
    <Product>
      <PriceUpdateDate>2019/07/18 10:07</PriceUpdateDate>
      <ItemCode>7290013145079</ItemCode>
      <ItemType>1</ItemType>
      <ItemName>שקד טבעי גרוס מימונס (100 גרם)</ItemName>
      <ManufactureName>מימונס אפיה בעמ</ManufactureName>
      <ManufactureCountry />
      <ManufactureItemDescription />
      <UnitQty>יח`</UnitQty>
      <Quantity>100</Quantity>
      <UnitMeasure>גרם</UnitMeasure>
      <BisWeighted>0</BisWeighted>
      <QtyInPackage>1</QtyInPackage>
      <ItemPrice>11.90</ItemPrice>
      <UnitOfMeasurePrice>11.90</UnitOfMeasurePrice>
      <AllowDiscount>0</AllowDiscount>
      <itemStatus>1</itemStatus>
      <LastUpdateDate />
      <LastUpdateTime />
    </Product>
    <Product>
      <PriceUpdateDate>2019/07/18 10:07</PriceUpdateDate>
      <ItemCode>7290013145109</ItemCode>
      <ItemType>1</ItemType>
      <ItemName>שקד מולבן טחון מימונס (100 גרם)</ItemName>
      <ManufactureName>מימונס אפיה בעמ</ManufactureName>
      <ManufactureCountry />
      <ManufactureItemDescription />
      <UnitQty>יח`</UnitQty>
      <Quantity>100</Quantity>
      <UnitMeasure>גרם</UnitMeasure>
      <BisWeighted>0</BisWeighted>
      <QtyInPackage>1</QtyInPackage>
      <ItemPrice>11.90</ItemPrice>
      <UnitOfMeasurePrice>11.90</UnitOfMeasurePrice>
      <AllowDiscount>0</AllowDiscount>
      <itemStatus>1</itemStatus>
      <LastUpdateDate />
      <LastUpdateTime />
    </Product>
    <Product>
      <PriceUpdateDate>2019/07/18 10:07</PriceUpdateDate>
      <ItemCode>7290013145116</ItemCode>
      <ItemType>1</ItemType>
      <ItemName>שקד מולבן מקלות מימונס (100 גרם)</ItemName>
      <ManufactureName>מימונס אפיה בעמ</ManufactureName>
      <ManufactureCountry />
      <ManufactureItemDescription />
      <UnitQty>יח`</UnitQty>
      <Quantity>100</Quantity>
      <UnitMeasure>גרם</UnitMeasure>
      <BisWeighted>0</BisWeighted>
      <QtyInPackage>1</QtyInPackage>
      <ItemPrice>11.90</ItemPrice>
      <UnitOfMeasurePrice>11.90</UnitOfMeasurePrice>
      <AllowDiscount>0</AllowDiscount>
      <itemStatus>1</itemStatus>
      <LastUpdateDate />
      <LastUpdateTime />
    </Product>
    <Product>
      <PriceUpdateDate>2019/07/18 10:07</PriceUpdateDate>
      <ItemCode>7290013145123</ItemCode>
      <ItemType>1</ItemType>
      <ItemName>שקד מולבן פרוס 100 גר`</ItemName>
      <ManufactureName>מימונס אפיה בעמ</ManufactureName>
      <ManufactureCountry />
      <ManufactureItemDescription />
      <UnitQty>יח`</UnitQty>
      <Quantity>100</Quantity>
      <UnitMeasure>גרם</UnitMeasure>
      <BisWeighted>0</BisWeighted>
      <QtyInPackage>1</QtyInPackage>
      <ItemPrice>11.90</ItemPrice>
      <UnitOfMeasurePrice>11.90</UnitOfMeasurePrice>
      <AllowDiscount>0</AllowDiscount>
      <itemStatus>1</itemStatus>
      <LastUpdateDate />
      <LastUpdateTime />
    </Product>
    <Product>
      <PriceUpdateDate>2019/07/21 08:37</PriceUpdateDate>
      <ItemCode>7290013145161</ItemCode>
      <ItemType>1</ItemType>
      <ItemName>פקאן מסוכר מימונס (100 גרם)</ItemName>
      <ManufactureName>מימונס אפיה בעמ</ManufactureName>
      <ManufactureCountry />
      <ManufactureItemDescription />
      <UnitQty>יח`</UnitQty>
      <Quantity>100</Quantity>
      <UnitMeasure>גרם</UnitMeasure>
      <BisWeighted>0</BisWeighted>
      <QtyInPackage>1</QtyInPackage>
      <ItemPrice>15.90</ItemPrice>
      <UnitOfMeasurePrice>15.90</UnitOfMeasurePrice>
      <AllowDiscount>0</AllowDiscount>
      <itemStatus>1</itemStatus>
      <LastUpdateDate />
      <LastUpdateTime />
    </Product>
    <Product>
      <PriceUpdateDate>2017/03/30 07:24</PriceUpdateDate>
      <ItemCode>7290013145178</ItemCode>
      <ItemType>1</ItemType>
      <ItemName>קוקוס לבן טחון מימונס (100 גרם)</ItemName>
      <ManufactureName>מימונס אפיה בעמ</ManufactureName>
      <ManufactureCountry />
      <ManufactureItemDescription />
      <UnitQty>יח`</UnitQty>
      <Quantity>100</Quantity>
      <UnitMeasure>גרם</UnitMeasure>
      <BisWeighted>0</BisWeighted>
      <QtyInPackage>1</QtyInPackage>
      <ItemPrice>4.90</ItemPrice>
      <UnitOfMeasurePrice>4.90</UnitOfMeasurePrice>
      <AllowDiscount>0</AllowDiscount>
      <itemStatus>1</itemStatus>
      <LastUpdateDate />
      <LastUpdateTime />
    </Product>
    <Product>
      <PriceUpdateDate>2015/12/01 18:12</PriceUpdateDate>
      <ItemCode>7290013145192</ItemCode>
      <ItemType>1</ItemType>
      <ItemName>שומשום מימונס (100 גרם)</ItemName>
      <ManufactureName>מימונס אפיה בעמ</ManufactureName>
      <ManufactureCountry />
      <ManufactureItemDescription />
      <UnitQty>יח`</UnitQty>
      <Quantity>100</Quantity>
      <UnitMeasure>גרם</UnitMeasure>
      <BisWeighted>0</BisWeighted>
      <QtyInPackage>1</QtyInPackage>
      <ItemPrice>4.90</ItemPrice>
      <UnitOfMeasurePrice>4.90</UnitOfMeasurePrice>
      <AllowDiscount>0</AllowDiscount>
      <itemStatus>1</itemStatus>
      <LastUpdateDate />
      <LastUpdateTime />
    </Product>
    <Product>
      <PriceUpdateDate>2018/10/15 12:41</PriceUpdateDate>
      <ItemCode>7290013145215</ItemCode>
      <ItemType>1</ItemType>
      <ItemName>שומשום מימונס (400 גרם)</ItemName>
      <ManufactureName>מימונס אפיה בעמ</ManufactureName>
      <ManufactureCountry />
      <ManufactureItemDescription />
      <UnitQty>יח`</UnitQty>
      <Quantity>400</Quantity>
      <UnitMeasure>גרם</UnitMeasure>
      <BisWeighted>0</BisWeighted>
      <QtyInPackage>1</QtyInPackage>
      <ItemPrice>14.90</ItemPrice>
      <UnitOfMeasurePrice>3.73</UnitOfMeasurePrice>
      <AllowDiscount>0</AllowDiscount>
      <itemStatus>1</itemStatus>
      <LastUpdateDate />
      <LastUpdateTime />
    </Product>
    <Product>
      <PriceUpdateDate>2015/12/01 18:12</PriceUpdateDate>
      <ItemCode>7290013145246</ItemCode>
      <ItemType>1</ItemType>
      <ItemName>גרעין חמנייה מקולף</ItemName>
      <ManufactureName>מימונס אפיה בעמ</ManufactureName>
      <ManufactureCountry />
      <ManufactureItemDescription />
      <UnitQty>יח`</UnitQty>
      <Quantity>100</Quantity>
      <UnitMeasure>גרם</UnitMeasure>
      <BisWeighted>0</BisWeighted>
      <QtyInPackage>1</QtyInPackage>
      <ItemPrice>5.90</ItemPrice>
      <UnitOfMeasurePrice>5.90</UnitOfMeasurePrice>
      <AllowDiscount>0</AllowDiscount>
      <itemStatus>1</itemStatus>
      <LastUpdateDate />
      <LastUpdateTime />
    </Product>
    <Product>
      <PriceUpdateDate>2017/08/14 06:52</PriceUpdateDate>
      <ItemCode>7290013145277</ItemCode>
      <ItemType>1</ItemType>
      <ItemName>עלים לקרמשניט 300 גר</ItemName>
      <ManufactureName>מימונס אפיה בעמ</ManufactureName>
      <ManufactureCountry />
      <ManufactureItemDescription />
      <UnitQty>יח`</UnitQty>
      <Quantity>300</Quantity>
      <UnitMeasure>גרם</UnitMeasure>
      <BisWeighted>0</BisWeighted>
      <QtyInPackage>1</QtyInPackage>
      <ItemPrice>15.90</ItemPrice>
      <UnitOfMeasurePrice>5.30</UnitOfMeasurePrice>
      <AllowDiscount>1</AllowDiscount>
      <itemStatus>1</itemStatus>
      <LastUpdateDate />
      <LastUpdateTime />
    </Product>
    <Product>
      <PriceUpdateDate>2016/01/06 10:54</PriceUpdateDate>
      <ItemCode>7290013145390</ItemCode>
      <ItemType>1</ItemType>
      <ItemName>שוקולד צ`יפס מימונס (250 גרם)</ItemName>
      <ManufactureName>מימונס אפיה בעמ</ManufactureName>
      <ManufactureCountry />
      <ManufactureItemDescription />
      <UnitQty>יח`</UnitQty>
      <Quantity>250</Quantity>
      <UnitMeasure>גרם</UnitMeasure>
      <BisWeighted>0</BisWeighted>
      <QtyInPackage>1</QtyInPackage>
      <ItemPrice>9.90</ItemPrice>
      <UnitOfMeasurePrice>3.96</UnitOfMeasurePrice>
      <AllowDiscount>0</AllowDiscount>
      <itemStatus>1</itemStatus>
      <LastUpdateDate />
      <LastUpdateTime />
    </Product>
    <Product>
      <PriceUpdateDate>2016/01/06 10:54</PriceUpdateDate>
      <ItemCode>7290013145406</ItemCode>
      <ItemType>1</ItemType>
      <ItemName>שוקולד צ`יפס לבן מימונס (250 גרם)</ItemName>
      <ManufactureName>מימונס אפיה בעמ</ManufactureName>
      <ManufactureCountry />
      <ManufactureItemDescription />
      <UnitQty>יח`</UnitQty>
      <Quantity>250</Quantity>
      <UnitMeasure>גרם</UnitMeasure>
      <BisWeighted>0</BisWeighted>
      <QtyInPackage>1</QtyInPackage>
      <ItemPrice>9.90</ItemPrice>
      <UnitOfMeasurePrice>3.96</UnitOfMeasurePrice>
      <AllowDiscount>0</AllowDiscount>
      <itemStatus>1</itemStatus>
      <LastUpdateDate />
      <LastUpdateTime />
    </Product>
    <Product>
      <PriceUpdateDate>2018/02/06 08:16</PriceUpdateDate>
      <ItemCode>7290013145437</ItemCode>
      <ItemType>1</ItemType>
      <ItemName>שוקולד צ`יפס 48% מימונס (250 גרם)</ItemName>
      <ManufactureName>מימונס אפיה בעמ</ManufactureName>
      <ManufactureCountry />
      <ManufactureItemDescription />
      <UnitQty>יח`</UnitQty>
      <Quantity>250</Quantity>
      <UnitMeasure>גרם</UnitMeasure>
      <BisWeighted>0</BisWeighted>
      <QtyInPackage>1</QtyInPackage>
      <ItemPrice>14.90</ItemPrice>
      <UnitOfMeasurePrice>5.96</UnitOfMeasurePrice>
      <AllowDiscount>0</AllowDiscount>
      <itemStatus>1</itemStatus>
      <LastUpdateDate />
      <LastUpdateTime />
    </Product>
    <Product>
      <PriceUpdateDate>2018/02/06 08:16</PriceUpdateDate>
      <ItemCode>7290013145444</ItemCode>
      <ItemType>1</ItemType>
      <ItemName>שוקולד צ`יפס 66% מוצקים מימונס (250 גרם)</ItemName>
      <ManufactureName>מימונס אפיה בעמ</ManufactureName>
      <ManufactureCountry />
      <ManufactureItemDescription />
      <UnitQty>יח`</UnitQty>
      <Quantity>250</Quantity>
      <UnitMeasure>גרם</UnitMeasure>
      <BisWeighted>0</BisWeighted>
      <QtyInPackage>1</QtyInPackage>
      <ItemPrice>15.90</ItemPrice>
      <UnitOfMeasurePrice>6.36</UnitOfMeasurePrice>
      <AllowDiscount>0</AllowDiscount>
      <itemStatus>1</itemStatus>
      <LastUpdateDate />
      <LastUpdateTime />
    </Product>
    <Product>
      <PriceUpdateDate>2016/01/06 10:54</PriceUpdateDate>
      <ItemCode>7290013145598</ItemCode>
      <ItemType>1</ItemType>
      <ItemName>טיפות לקישוט עוגה מימונס (60 גרם)</ItemName>
      <ManufactureName>מימונס אפיה בעמ</ManufactureName>
      <ManufactureCountry />
      <ManufactureItemDescription />
      <UnitQty>יח`</UnitQty>
      <Quantity>60</Quantity>
      <UnitMeasure>גרם</UnitMeasure>
      <BisWeighted>0</BisWeighted>
      <QtyInPackage>1</QtyInPackage>
      <ItemPrice>15.90</ItemPrice>
      <UnitOfMeasurePrice>26.50</UnitOfMeasurePrice>
      <AllowDiscount>0</AllowDiscount>
      <itemStatus>1</itemStatus>
      <LastUpdateDate />
      <LastUpdateTime />
    </Product>
    <Product>
      <PriceUpdateDate>2019/07/21 08:37</PriceUpdateDate>
      <ItemCode>7290013145659</ItemCode>
      <ItemType>1</ItemType>
      <ItemName>ג`ל טעם לימון 95 גר מימונס</ItemName>
      <ManufactureName>מימונס אפיה בעמ</ManufactureName>
      <ManufactureCountry />
      <ManufactureItemDescription />
      <UnitQty>יח`</UnitQty>
      <Quantity>95</Quantity>
      <UnitMeasure>גרם</UnitMeasure>
      <BisWeighted>0</BisWeighted>
      <QtyInPackage>1</QtyInPackage>
      <ItemPrice>5.90</ItemPrice>
      <UnitOfMeasurePrice>6.21</UnitOfMeasurePrice>
      <AllowDiscount>1</AllowDiscount>
      <itemStatus>1</itemStatus>
      <LastUpdateDate />
      <LastUpdateTime />
    </Product>
    <Product>
      <PriceUpdateDate>2016/01/06 10:54</PriceUpdateDate>
      <ItemCode>7290013145710</ItemCode>
      <ItemType>1</ItemType>
      <ItemName>דובדבנים מסוכרים מימונס (100 גרם)</ItemName>
      <ManufactureName>מימונס אפיה בעמ</ManufactureName>
      <ManufactureCountry />
      <ManufactureItemDescription />
      <UnitQty>יח`</UnitQty>
      <Quantity>100</Quantity>
      <UnitMeasure>גרם</UnitMeasure>
      <BisWeighted>0</BisWeighted>
      <QtyInPackage>1</QtyInPackage>
      <ItemPrice>8.90</ItemPrice>
      <UnitOfMeasurePrice>8.90</UnitOfMeasurePrice>
      <AllowDiscount>0</AllowDiscount>
      <itemStatus>1</itemStatus>
      <LastUpdateDate />
      <LastUpdateTime />
    </Product>
    <Product>
      <PriceUpdateDate>2016/01/06 10:54</PriceUpdateDate>
      <ItemCode>7290013145734</ItemCode>
      <ItemType>1</ItemType>
      <ItemName>בצק סוכר לבן 500 גר`</ItemName>
      <ManufactureName>מימונס אפיה בעמ</ManufactureName>
      <ManufactureCountry />
      <ManufactureItemDescription />
      <UnitQty>יח`</UnitQty>
      <Quantity>500</Quantity>
      <UnitMeasure>גרם</UnitMeasure>
      <BisWeighted>0</BisWeighted>
      <QtyInPackage>1</QtyInPackage>
      <ItemPrice>21.90</ItemPrice>
      <UnitOfMeasurePrice>4.38</UnitOfMeasurePrice>
      <AllowDiscount>0</AllowDiscount>
      <itemStatus>1</itemStatus>
      <LastUpdateDate />
      <LastUpdateTime />
    </Product>
    <Product>
      <PriceUpdateDate>2014/05/07 21:38</PriceUpdateDate>
      <ItemCode>7290013145840</ItemCode>
      <ItemType>1</ItemType>
      <ItemName>סוכר וניל מימונס (10x10 גרם)</ItemName>
      <ManufactureName>מימונס אפיה בעמ</ManufactureName>
      <ManufactureCountry />
      <ManufactureItemDescription />
      <UnitQty>יח`</UnitQty>
      <Quantity>10</Quantity>
      <UnitMeasure>יח`</UnitMeasure>
      <BisWeighted>0</BisWeighted>
      <QtyInPackage>1</QtyInPackage>
      <ItemPrice>2.90</ItemPrice>
      <UnitOfMeasurePrice>0.29</UnitOfMeasurePrice>
      <AllowDiscount>0</AllowDiscount>
      <itemStatus>1</itemStatus>
      <LastUpdateDate />
      <LastUpdateTime />
    </Product>
    <Product>
      <PriceUpdateDate>2015/12/01 18:43</PriceUpdateDate>
      <ItemCode>7290013145871</ItemCode>
      <ItemType>1</ItemType>
      <ItemName>שמרים יבשים מימונס (11x5 גרם)</ItemName>
      <ManufactureName>מימונס אפיה בעמ</ManufactureName>
      <ManufactureCountry />
      <ManufactureItemDescription />
      <UnitQty>יח`</UnitQty>
      <Quantity>55</Quantity>
      <UnitMeasure>גרם</UnitMeasure>
      <BisWeighted>0</BisWeighted>
      <QtyInPackage>1</QtyInPackage>
      <ItemPrice>10.90</ItemPrice>
      <UnitOfMeasurePrice>19.82</UnitOfMeasurePrice>
      <AllowDiscount>0</AllowDiscount>
      <itemStatus>1</itemStatus>
      <LastUpdateDate />
      <LastUpdateTime />
    </Product>
    <Product>
      <PriceUpdateDate>2018/02/06 08:16</PriceUpdateDate>
      <ItemCode>7290013145918</ItemCode>
      <ItemType>1</ItemType>
      <ItemName>אבקת סוכר מימונס (100 גרם)</ItemName>
      <ManufactureName>מימונס אפיה בעמ</ManufactureName>
      <ManufactureCountry />
      <ManufactureItemDescription />
      <UnitQty>יח`</UnitQty>
      <Quantity>100</Quantity>
      <UnitMeasure>גרם</UnitMeasure>
      <BisWeighted>0</BisWeighted>
      <QtyInPackage>1</QtyInPackage>
      <ItemPrice>2.90</ItemPrice>
      <UnitOfMeasurePrice>2.90</UnitOfMeasurePrice>
      <AllowDiscount>0</AllowDiscount>
      <itemStatus>1</itemStatus>
      <LastUpdateDate />
      <LastUpdateTime />
    </Product>
    <Product>
      <PriceUpdateDate>2018/02/06 08:16</PriceUpdateDate>
      <ItemCode>7290013145949</ItemCode>
      <ItemType>1</ItemType>
      <ItemName>אבקת סוכר מימונס (250 גרם)</ItemName>
      <ManufactureName>מימונס אפיה בעמ</ManufactureName>
      <ManufactureCountry />
      <ManufactureItemDescription />
      <UnitQty>יח`</UnitQty>
      <Quantity>250</Quantity>
      <UnitMeasure>גרם</UnitMeasure>
      <BisWeighted>0</BisWeighted>
      <QtyInPackage>1</QtyInPackage>
      <ItemPrice>17.90</ItemPrice>
      <UnitOfMeasurePrice>7.16</UnitOfMeasurePrice>
      <AllowDiscount>0</AllowDiscount>
      <itemStatus>1</itemStatus>
      <LastUpdateDate />
      <LastUpdateTime />
    </Product>
    <Product>
      <PriceUpdateDate>2019/01/30 08:42</PriceUpdateDate>
      <ItemCode>7290013145956</ItemCode>
      <ItemType>1</ItemType>
      <ItemName>שמרים יבשים בואקום מימונס (500 גרם)</ItemName>
      <ManufactureName>מימונס אפיה בעמ</ManufactureName>
      <ManufactureCountry />
      <ManufactureItemDescription />
      <UnitQty>יח`</UnitQty>
      <Quantity>500</Quantity>
      <UnitMeasure>גרם</UnitMeasure>
      <BisWeighted>0</BisWeighted>
      <QtyInPackage>1</QtyInPackage>
      <ItemPrice>12.50</ItemPrice>
      <UnitOfMeasurePrice>2.50</UnitOfMeasurePrice>
      <AllowDiscount>0</AllowDiscount>
      <itemStatus>1</itemStatus>
      <LastUpdateDate />
      <LastUpdateTime />
    </Product>
    <Product>
      <PriceUpdateDate>2014/11/16 11:36</PriceUpdateDate>
      <ItemCode>7290013145970</ItemCode>
      <ItemType>1</ItemType>
      <ItemName>קורנפלור מימונס (200 גרם)</ItemName>
      <ManufactureName>מימונס אפיה בעמ</ManufactureName>
      <ManufactureCountry />
      <ManufactureItemDescription />
      <UnitQty>יח`</UnitQty>
      <Quantity>200</Quantity>
      <UnitMeasure>גרם</UnitMeasure>
      <BisWeighted>0</BisWeighted>
      <QtyInPackage>1</QtyInPackage>
      <ItemPrice>3.90</ItemPrice>
      <UnitOfMeasurePrice>1.95</UnitOfMeasurePrice>
      <AllowDiscount>0</AllowDiscount>
      <itemStatus>1</itemStatus>
      <LastUpdateDate />
      <LastUpdateTime />
    </Product>
    <Product>
      <PriceUpdateDate>2016/01/03 13:02</PriceUpdateDate>
      <ItemCode>7290013146007</ItemCode>
      <ItemType>1</ItemType>
      <ItemName>מלית פרג 400 גר`</ItemName>
      <ManufactureName>מימונס אפיה בעמ</ManufactureName>
      <ManufactureCountry />
      <ManufactureItemDescription />
      <UnitQty>יח`</UnitQty>
      <Quantity>400</Quantity>
      <UnitMeasure>גרם</UnitMeasure>
      <BisWeighted>0</BisWeighted>
      <QtyInPackage>1</QtyInPackage>
      <ItemPrice>19.90</ItemPrice>
      <UnitOfMeasurePrice>4.98</UnitOfMeasurePrice>
      <AllowDiscount>1</AllowDiscount>
      <itemStatus>1</itemStatus>
      <LastUpdateDate />
      <LastUpdateTime />
    </Product>
    <Product>
      <PriceUpdateDate>2019/04/08 10:33</PriceUpdateDate>
      <ItemCode>7290013146083</ItemCode>
      <ItemType>1</ItemType>
      <ItemName>מלית חלבה 400  גר`מימונס</ItemName>
      <ManufactureName>מימונס אפיה בעמ</ManufactureName>
      <ManufactureCountry />
      <ManufactureItemDescription />
      <UnitQty>יח`</UnitQty>
      <Quantity>400</Quantity>
      <UnitMeasure>גרם</UnitMeasure>
      <BisWeighted>0</BisWeighted>
      <QtyInPackage>1</QtyInPackage>
      <ItemPrice>11.90</ItemPrice>
      <UnitOfMeasurePrice>2.98</UnitOfMeasurePrice>
      <AllowDiscount>0</AllowDiscount>
      <itemStatus>1</itemStatus>
      <LastUpdateDate />
      <LastUpdateTime />
    </Product>
    <Product>
      <PriceUpdateDate>2016/04/14 08:28</PriceUpdateDate>
      <ItemCode>7290013146281</ItemCode>
      <ItemType>1</ItemType>
      <ItemName>כשלפ-תערובת לעוגה בטעם שוקולד</ItemName>
      <ManufactureName>מימונס אפיה בעמ</ManufactureName>
      <ManufactureCountry />
      <ManufactureItemDescription />
      <UnitQty>יח`</UnitQty>
      <Quantity>1</Quantity>
      <UnitMeasure />
      <BisWeighted>0</BisWeighted>
      <QtyInPackage>1</QtyInPackage>
      <ItemPrice>15.90</ItemPrice>
      <UnitOfMeasurePrice>15.90</UnitOfMeasurePrice>
      <AllowDiscount>0</AllowDiscount>
      <itemStatus>1</itemStatus>
      <LastUpdateDate />
      <LastUpdateTime />
    </Product>
    <Product>
      <PriceUpdateDate>2019/08/07 10:32</PriceUpdateDate>
      <ItemCode>7290013146403</ItemCode>
      <ItemType>1</ItemType>
      <ItemName>סירופ בטעם קרמל מלוח 500 גר` מימונס</ItemName>
      <ManufactureName>מימונס אפיה בעמ</ManufactureName>
      <ManufactureCountry />
      <ManufactureItemDescription />
      <UnitQty>יח`</UnitQty>
      <Quantity>500</Quantity>
      <UnitMeasure>גרם</UnitMeasure>
      <BisWeighted>0</BisWeighted>
      <QtyInPackage>1</QtyInPackage>
      <ItemPrice>17.90</ItemPrice>
      <UnitOfMeasurePrice>3.58</UnitOfMeasurePrice>
      <AllowDiscount>1</AllowDiscount>
      <itemStatus>1</itemStatus>
      <LastUpdateDate />
      <LastUpdateTime />
    </Product>
    <Product>
      <PriceUpdateDate>2018/10/15 12:41</PriceUpdateDate>
      <ItemCode>7290013146854</ItemCode>
      <ItemType>1</ItemType>
      <ItemName>קוקוס לבן מימונס 400 גר`</ItemName>
      <ManufactureName>מימונס אפיה בעמ</ManufactureName>
      <ManufactureCountry />
      <ManufactureItemDescription />
      <UnitQty>יח`</UnitQty>
      <Quantity>400</Quantity>
      <UnitMeasure>גרם</UnitMeasure>
      <BisWeighted>0</BisWeighted>
      <QtyInPackage>1</QtyInPackage>
      <ItemPrice>13.90</ItemPrice>
      <UnitOfMeasurePrice>3.48</UnitOfMeasurePrice>
      <AllowDiscount>0</AllowDiscount>
      <itemStatus>1</itemStatus>
      <LastUpdateDate />
      <LastUpdateTime />
    </Product>
    <Product>
      <PriceUpdateDate>2016/01/20 09:03</PriceUpdateDate>
      <ItemCode>7290013153401</ItemCode>
      <ItemType>1</ItemType>
      <ItemName>סחוט 2 ליטר פריגת פריגת תפוז אדום.</ItemName>
      <ManufactureName>החב` המרכזית - טרה</ManufactureName>
      <ManufactureCountry />
      <ManufactureItemDescription />
      <UnitQty>יח`</UnitQty>
      <Quantity>2000</Quantity>
      <UnitMeasure>מ"ל</UnitMeasure>
      <BisWeighted>0</BisWeighted>
      <QtyInPackage>1</QtyInPackage>
      <ItemPrice>27.90</ItemPrice>
      <UnitOfMeasurePrice>1.40</UnitOfMeasurePrice>
      <AllowDiscount>0</AllowDiscount>
      <itemStatus>1</itemStatus>
      <LastUpdateDate />
      <LastUpdateTime />
    </Product>
    <Product>
      <PriceUpdateDate>2019/11/24 11:14</PriceUpdateDate>
      <ItemCode>7290013153647</ItemCode>
      <ItemType>1</ItemType>
      <ItemName>מיץ הדרים חמצמץ  (100% 2 ליטר)</ItemName>
      <ManufactureName>החב` המרכזית - טרה</ManufactureName>
      <ManufactureCountry />
      <ManufactureItemDescription />
      <UnitQty>יח`</UnitQty>
      <Quantity>1</Quantity>
      <UnitMeasure />
      <BisWeighted>0</BisWeighted>
      <QtyInPackage>1</QtyInPackage>
      <ItemPrice>22.90</ItemPrice>
      <UnitOfMeasurePrice>22.90</UnitOfMeasurePrice>
      <AllowDiscount>0</AllowDiscount>
      <itemStatus>1</itemStatus>
      <LastUpdateDate />
      <LastUpdateTime />
    </Product>
    <Product>
      <PriceUpdateDate>2018/10/07 21:08</PriceUpdateDate>
      <ItemCode>7290013215017</ItemCode>
      <ItemType>1</ItemType>
      <ItemName>דואט פטריות -יחידה</ItemName>
      <ManufactureName>חוות השמפיניון בעמ</ManufactureName>
      <ManufactureCountry />
      <ManufactureItemDescription />
      <UnitQty>יח`</UnitQty>
      <Quantity>1</Quantity>
      <UnitMeasure />
      <BisWeighted>0</BisWeighted>
      <QtyInPackage>1</QtyInPackage>
      <ItemPrice>15</ItemPrice>
      <UnitOfMeasurePrice>15</UnitOfMeasurePrice>
      <AllowDiscount>1</AllowDiscount>
      <itemStatus>1</itemStatus>
      <LastUpdateDate />
      <LastUpdateTime />
    </Product>
    <Product>
      <PriceUpdateDate>2018/01/07 07:32</PriceUpdateDate>
      <ItemCode>7290013268020</ItemCode>
      <ItemType>1</ItemType>
      <ItemName>סנו מקסימה מרכך 1 ליטר כחול פסים</ItemName>
      <ManufactureName>החברה הדרומית לשיווק בעמ</ManufactureName>
      <ManufactureCountry />
      <ManufactureItemDescription />
      <UnitQty>יח`</UnitQty>
      <Quantity>1000</Quantity>
      <UnitMeasure>מ"ל</UnitMeasure>
      <BisWeighted>0</BisWeighted>
      <QtyInPackage>1</QtyInPackage>
      <ItemPrice>17.90</ItemPrice>
      <UnitOfMeasurePrice>1.79</UnitOfMeasurePrice>
      <AllowDiscount>1</AllowDiscount>
      <itemStatus>1</itemStatus>
      <LastUpdateDate />
      <LastUpdateTime />
    </Product>
    <Product>
      <PriceUpdateDate>2019/12/19 11:32</PriceUpdateDate>
      <ItemCode>7290013268242</ItemCode>
      <ItemType>1</ItemType>
      <ItemName>ריצפז פרש הום בניחוח מלון מפנק 2 ליטר</ItemName>
      <ManufactureName>החברה הדרומית לשיווק בעמ</ManufactureName>
      <ManufactureCountry />
      <ManufactureItemDescription />
      <UnitQty>יח`</UnitQty>
      <Quantity>1</Quantity>
      <UnitMeasure />
      <BisWeighted>0</BisWeighted>
      <QtyInPackage>1</QtyInPackage>
      <ItemPrice>19.90</ItemPrice>
      <UnitOfMeasurePrice>19.90</UnitOfMeasurePrice>
      <AllowDiscount>0</AllowDiscount>
      <itemStatus>1</itemStatus>
      <LastUpdateDate />
      <LastUpdateTime />
    </Product>
    <Product>
      <PriceUpdateDate>2020/05/01 12:30</PriceUpdateDate>
      <ItemCode>7290013268372</ItemCode>
      <ItemType>1</ItemType>
      <ItemName>פוליוויקס פרקט סנו בתוספת שמן ארגן (2 לי</ItemName>
      <ManufactureName>החברה הדרומית לשיווק בעמ</ManufactureName>
      <ManufactureCountry />
      <ManufactureItemDescription />
      <UnitQty>יח`</UnitQty>
      <Quantity>1</Quantity>
      <UnitMeasure />
      <BisWeighted>0</BisWeighted>
      <QtyInPackage>1</QtyInPackage>
      <ItemPrice>21.90</ItemPrice>
      <UnitOfMeasurePrice>21.90</UnitOfMeasurePrice>
      <AllowDiscount>0</AllowDiscount>
      <itemStatus>1</itemStatus>
      <LastUpdateDate />
      <LastUpdateTime />
    </Product>
    <Product>
      <PriceUpdateDate>2018/01/07 07:32</PriceUpdateDate>
      <ItemCode>7290013268464</ItemCode>
      <ItemType>1</ItemType>
      <ItemName>קרם גוף מאסק קרמה (500 מל)</ItemName>
      <ManufactureName>החברה הדרומית לשיווק בעמ</ManufactureName>
      <ManufactureCountry />
      <ManufactureItemDescription />
      <UnitQty>יח`</UnitQty>
      <Quantity>500</Quantity>
      <UnitMeasure>מ"ל</UnitMeasure>
      <BisWeighted>0</BisWeighted>
      <QtyInPackage>1</QtyInPackage>
      <ItemPrice>21.90</ItemPrice>
      <UnitOfMeasurePrice>4.38</UnitOfMeasurePrice>
      <AllowDiscount>0</AllowDiscount>
      <itemStatus>1</itemStatus>
      <LastUpdateDate />
      <LastUpdateTime />
    </Product>
    <Product>
      <PriceUpdateDate>2019/04/22 14:15</PriceUpdateDate>
      <ItemCode>7290013268884</ItemCode>
      <ItemType>1</ItemType>
      <ItemName>ריצפז פרש 2 ליטר מאסק</ItemName>
      <ManufactureName>החברה הדרומית לשיווק בעמ</ManufactureName>
      <ManufactureCountry />
      <ManufactureItemDescription />
      <UnitQty>יח`</UnitQty>
      <Quantity>2</Quantity>
      <UnitMeasure>1 ליטר</UnitMeasure>
      <BisWeighted>0</BisWeighted>
      <QtyInPackage>1</QtyInPackage>
      <ItemPrice>21.90</ItemPrice>
      <UnitOfMeasurePrice>10.95</UnitOfMeasurePrice>
      <AllowDiscount>1</AllowDiscount>
      <itemStatus>1</itemStatus>
      <LastUpdateDate />
      <LastUpdateTime />
    </Product>
    <Product>
      <PriceUpdateDate>2018/01/07 07:32</PriceUpdateDate>
      <ItemCode>7290013268891</ItemCode>
      <ItemType>1</ItemType>
      <ItemName>אוקסיג`ן ג`ל 3 ליטר</ItemName>
      <ManufactureName>החברה הדרומית לשיווק בעמ</ManufactureName>
      <ManufactureCountry />
      <ManufactureItemDescription />
      <UnitQty>יח`</UnitQty>
      <Quantity>3</Quantity>
      <UnitMeasure>1 ליטר</UnitMeasure>
      <BisWeighted>0</BisWeighted>
      <QtyInPackage>1</QtyInPackage>
      <ItemPrice>29.90</ItemPrice>
      <UnitOfMeasurePrice>9.97</UnitOfMeasurePrice>
      <AllowDiscount>1</AllowDiscount>
      <itemStatus>1</itemStatus>
      <LastUpdateDate />
      <LastUpdateTime />
    </Product>
    <Product>
      <PriceUpdateDate>2019/01/30 08:31</PriceUpdateDate>
      <ItemCode>7290013268907</ItemCode>
      <ItemType>1</ItemType>
      <ItemName>מקסימה ג`ל כביסה 3 ליטר</ItemName>
      <ManufactureName>החברה הדרומית לשיווק בעמ</ManufactureName>
      <ManufactureCountry />
      <ManufactureItemDescription />
      <UnitQty>יח`</UnitQty>
      <Quantity>3</Quantity>
      <UnitMeasure>1 ליטר</UnitMeasure>
      <BisWeighted>0</BisWeighted>
      <QtyInPackage>1</QtyInPackage>
      <ItemPrice>29.60</ItemPrice>
      <UnitOfMeasurePrice>9.87</UnitOfMeasurePrice>
      <AllowDiscount>1</AllowDiscount>
      <itemStatus>1</itemStatus>
      <LastUpdateDate />
      <LastUpdateTime />
    </Product>
    <Product>
      <PriceUpdateDate>2018/01/07 07:32</PriceUpdateDate>
      <ItemCode>7290013268990</ItemCode>
      <ItemType>1</ItemType>
      <ItemName>מקסימה מרכך סופר מרוכז ביו סנו (1 ליטר)</ItemName>
      <ManufactureName>החברה הדרומית לשיווק בעמ</ManufactureName>
      <ManufactureCountry />
      <ManufactureItemDescription />
      <UnitQty>יח`</UnitQty>
      <Quantity>1000</Quantity>
      <UnitMeasure>מ"ל</UnitMeasure>
      <BisWeighted>0</BisWeighted>
      <QtyInPackage>1</QtyInPackage>
      <ItemPrice>17.90</ItemPrice>
      <UnitOfMeasurePrice>1.79</UnitOfMeasurePrice>
      <AllowDiscount>1</AllowDiscount>
      <itemStatus>1</itemStatus>
      <LastUpdateDate />
      <LastUpdateTime />
    </Product>
    <Product>
      <PriceUpdateDate>2018/01/07 07:32</PriceUpdateDate>
      <ItemCode>7290013269003</ItemCode>
      <ItemType>1</ItemType>
      <ItemName>סנו מקסימה מרכך 1 ליטר כחול בייבי</ItemName>
      <ManufactureName>החברה הדרומית לשיווק בעמ</ManufactureName>
      <ManufactureCountry />
      <ManufactureItemDescription />
      <UnitQty>יח`</UnitQty>
      <Quantity>1000</Quantity>
      <UnitMeasure>מ"ל</UnitMeasure>
      <BisWeighted>0</BisWeighted>
      <QtyInPackage>1</QtyInPackage>
      <ItemPrice>17.90</ItemPrice>
      <UnitOfMeasurePrice>1.79</UnitOfMeasurePrice>
      <AllowDiscount>0</AllowDiscount>
      <itemStatus>1</itemStatus>
      <LastUpdateDate />
      <LastUpdateTime />
    </Product>
    <Product>
      <PriceUpdateDate>2019/01/30 08:31</PriceUpdateDate>
      <ItemCode>7290013269287</ItemCode>
      <ItemType>1</ItemType>
      <ItemName>מקסימה ג`ל כביסה 3 ליטר</ItemName>
      <ManufactureName>החברה הדרומית לשיווק בעמ</ManufactureName>
      <ManufactureCountry />
      <ManufactureItemDescription />
      <UnitQty>יח`</UnitQty>
      <Quantity>3000</Quantity>
      <UnitMeasure>1 ליטר</UnitMeasure>
      <BisWeighted>0</BisWeighted>
      <QtyInPackage>1</QtyInPackage>
      <ItemPrice>29.60</ItemPrice>
      <UnitOfMeasurePrice>0.01</UnitOfMeasurePrice>
      <AllowDiscount>1</AllowDiscount>
      <itemStatus>1</itemStatus>
      <LastUpdateDate />
      <LastUpdateTime />
    </Product>
    <Product>
      <PriceUpdateDate>2017/01/22 08:31</PriceUpdateDate>
      <ItemCode>7290013269300</ItemCode>
      <ItemType>1</ItemType>
      <ItemName>סושי ניילון נצמד פלוס סנו (150 מטר)</ItemName>
      <ManufactureName>החברה הדרומית לשיווק בעמ</ManufactureName>
      <ManufactureCountry />
      <ManufactureItemDescription />
      <UnitQty>יח`</UnitQty>
      <Quantity>1</Quantity>
      <UnitMeasure />
      <BisWeighted>0</BisWeighted>
      <QtyInPackage>1</QtyInPackage>
      <ItemPrice>24.90</ItemPrice>
      <UnitOfMeasurePrice>24.90</UnitOfMeasurePrice>
      <AllowDiscount>0</AllowDiscount>
      <itemStatus>1</itemStatus>
      <LastUpdateDate />
      <LastUpdateTime />
    </Product>
    <Product>
      <PriceUpdateDate>2015/04/30 12:30</PriceUpdateDate>
      <ItemCode>7290013269560</ItemCode>
      <ItemType>1</ItemType>
      <ItemName>תחליב רחצה מאסק קרמה (750 מל)</ItemName>
      <ManufactureName>החברה הדרומית לשיווק בעמ</ManufactureName>
      <ManufactureCountry />
      <ManufactureItemDescription />
      <UnitQty>יח`</UnitQty>
      <Quantity>750</Quantity>
      <UnitMeasure>מ"ל</UnitMeasure>
      <BisWeighted>0</BisWeighted>
      <QtyInPackage>1</QtyInPackage>
      <ItemPrice>19.90</ItemPrice>
      <UnitOfMeasurePrice>2.65</UnitOfMeasurePrice>
      <AllowDiscount>0</AllowDiscount>
      <itemStatus>1</itemStatus>
      <LastUpdateDate />
      <LastUpdateTime />
    </Product>
    <Product>
      <PriceUpdateDate>2019/01/30 08:31</PriceUpdateDate>
      <ItemCode>7290013269621</ItemCode>
      <ItemType>1</ItemType>
      <ItemName>ריצפז פרש הום בניחוח מלון בוטיק 2 ליטר</ItemName>
      <ManufactureName>החברה הדרומית לשיווק בעמ</ManufactureName>
      <ManufactureCountry />
      <ManufactureItemDescription />
      <UnitQty>יח`</UnitQty>
      <Quantity>1</Quantity>
      <UnitMeasure />
      <BisWeighted>0</BisWeighted>
      <QtyInPackage>1</QtyInPackage>
      <ItemPrice>19.90</ItemPrice>
      <UnitOfMeasurePrice>19.90</UnitOfMeasurePrice>
      <AllowDiscount>0</AllowDiscount>
      <itemStatus>1</itemStatus>
      <LastUpdateDate />
      <LastUpdateTime />
    </Product>
    <Product>
      <PriceUpdateDate>2015/12/01 18:43</PriceUpdateDate>
      <ItemCode>7290013269669</ItemCode>
      <ItemType>1</ItemType>
      <ItemName>ריצפז 3 ליטר פנטזיה</ItemName>
      <ManufactureName>החברה הדרומית לשיווק בעמ</ManufactureName>
      <ManufactureCountry />
      <ManufactureItemDescription />
      <UnitQty>יח`</UnitQty>
      <Quantity>3</Quantity>
      <UnitMeasure>1 ליטר</UnitMeasure>
      <BisWeighted>0</BisWeighted>
      <QtyInPackage>1</QtyInPackage>
      <ItemPrice>17.90</ItemPrice>
      <UnitOfMeasurePrice>5.97</UnitOfMeasurePrice>
      <AllowDiscount>1</AllowDiscount>
      <itemStatus>1</itemStatus>
      <LastUpdateDate />
      <LastUpdateTime />
    </Product>
    <Product>
      <PriceUpdateDate>2018/10/14 16:02</PriceUpdateDate>
      <ItemCode>7290013269751</ItemCode>
      <ItemType>1</ItemType>
      <ItemName>ריצפז פרש מטליות חד פעמיות 10 יח`</ItemName>
      <ManufactureName>החברה הדרומית לשיווק בעמ</ManufactureName>
      <ManufactureCountry />
      <ManufactureItemDescription />
      <UnitQty>יח`</UnitQty>
      <Quantity>1</Quantity>
      <UnitMeasure />
      <BisWeighted>0</BisWeighted>
      <QtyInPackage>1</QtyInPackage>
      <ItemPrice>12.90</ItemPrice>
      <UnitOfMeasurePrice>12.90</UnitOfMeasurePrice>
      <AllowDiscount>0</AllowDiscount>
      <itemStatus>1</itemStatus>
      <LastUpdateDate />
      <LastUpdateTime />
    </Product>
    <Product>
      <PriceUpdateDate>2015/12/01 18:43</PriceUpdateDate>
      <ItemCode>7290013269911</ItemCode>
      <ItemType>1</ItemType>
      <ItemName>קוטל חרקים קיי 333 סנו (750 מל)</ItemName>
      <ManufactureName>החברה הדרומית לשיווק בעמ</ManufactureName>
      <ManufactureCountry />
      <ManufactureItemDescription />
      <UnitQty>יח`</UnitQty>
      <Quantity>750</Quantity>
      <UnitMeasure>מ"ל</UnitMeasure>
      <BisWeighted>0</BisWeighted>
      <QtyInPackage>1</QtyInPackage>
      <ItemPrice>36.90</ItemPrice>
      <UnitOfMeasurePrice>4.92</UnitOfMeasurePrice>
      <AllowDiscount>1</AllowDiscount>
      <itemStatus>1</itemStatus>
      <LastUpdateDate />
      <LastUpdateTime />
    </Product>
    <Product>
      <PriceUpdateDate>2018/02/07 10:43</PriceUpdateDate>
      <ItemCode>7290013269942</ItemCode>
      <ItemType>1</ItemType>
      <ItemName>קוטל מעופפים קיי פירטרום סנו (400 מל)</ItemName>
      <ManufactureName>החברה הדרומית לשיווק בעמ</ManufactureName>
      <ManufactureCountry />
      <ManufactureItemDescription />
      <UnitQty>יח`</UnitQty>
      <Quantity>400</Quantity>
      <UnitMeasure>מ"ל</UnitMeasure>
      <BisWeighted>0</BisWeighted>
      <QtyInPackage>1</QtyInPackage>
      <ItemPrice>24.90</ItemPrice>
      <UnitOfMeasurePrice>6.23</UnitOfMeasurePrice>
      <AllowDiscount>1</AllowDiscount>
      <itemStatus>1</itemStatus>
      <LastUpdateDate />
      <LastUpdateTime />
    </Product>
    <Product>
      <PriceUpdateDate>2019/07/15 09:48</PriceUpdateDate>
      <ItemCode>7290013284082</ItemCode>
      <ItemType>1</ItemType>
      <ItemName>פריניר זית מושחר ללא גלעין 560ג</ItemName>
      <ManufactureName>אבאל יזמות בעמ</ManufactureName>
      <ManufactureCountry />
      <ManufactureItemDescription />
      <UnitQty>יח`</UnitQty>
      <Quantity>560</Quantity>
      <UnitMeasure>גרם</UnitMeasure>
      <BisWeighted>0</BisWeighted>
      <QtyInPackage>1</QtyInPackage>
      <ItemPrice>6.90</ItemPrice>
      <UnitOfMeasurePrice>1.23</UnitOfMeasurePrice>
      <AllowDiscount>1</AllowDiscount>
      <itemStatus>1</itemStatus>
      <LastUpdateDate />
      <LastUpdateTime />
    </Product>
    <Product>
      <PriceUpdateDate>2019/07/15 09:48</PriceUpdateDate>
      <ItemCode>7290013284136</ItemCode>
      <ItemType>1</ItemType>
      <ItemName>פריניר מלפפון במלח 7-9 560ג.</ItemName>
      <ManufactureName>אבאל יזמות בעמ</ManufactureName>
      <ManufactureCountry />
      <ManufactureItemDescription />
      <UnitQty>יח`</UnitQty>
      <Quantity>560</Quantity>
      <UnitMeasure>גרם</UnitMeasure>
      <BisWeighted>0</BisWeighted>
      <QtyInPackage>1</QtyInPackage>
      <ItemPrice>5.90</ItemPrice>
      <UnitOfMeasurePrice>1.05</UnitOfMeasurePrice>
      <AllowDiscount>0</AllowDiscount>
      <itemStatus>1</itemStatus>
      <LastUpdateDate />
      <LastUpdateTime />
    </Product>
    <Product>
      <PriceUpdateDate>2019/07/15 09:48</PriceUpdateDate>
      <ItemCode>7290013284150</ItemCode>
      <ItemType>1</ItemType>
      <ItemName>פריניר מלפפונים במלח 13-17 560ג</ItemName>
      <ManufactureName>אבאל יזמות בעמ</ManufactureName>
      <ManufactureCountry />
      <ManufactureItemDescription />
      <UnitQty>יח`</UnitQty>
      <Quantity>560</Quantity>
      <UnitMeasure>גרם</UnitMeasure>
      <BisWeighted>0</BisWeighted>
      <QtyInPackage>1</QtyInPackage>
      <ItemPrice>7.90</ItemPrice>
      <UnitOfMeasurePrice>1.41</UnitOfMeasurePrice>
      <AllowDiscount>1</AllowDiscount>
      <itemStatus>1</itemStatus>
      <LastUpdateDate />
      <LastUpdateTime />
    </Product>
    <Product>
      <PriceUpdateDate>2015/01/21 07:25</PriceUpdateDate>
      <ItemCode>7290013284662</ItemCode>
      <ItemType>1</ItemType>
      <ItemName>רוטב פיצה 240 גר` פרי ניר</ItemName>
      <ManufactureName>אבאל יזמות בעמ</ManufactureName>
      <ManufactureCountry />
      <ManufactureItemDescription />
      <UnitQty>יח`</UnitQty>
      <Quantity>240</Quantity>
      <UnitMeasure>גרם</UnitMeasure>
      <BisWeighted>0</BisWeighted>
      <QtyInPackage>1</QtyInPackage>
      <ItemPrice>5.90</ItemPrice>
      <UnitOfMeasurePrice>2.46</UnitOfMeasurePrice>
      <AllowDiscount>1</AllowDiscount>
      <itemStatus>1</itemStatus>
      <LastUpdateDate />
      <LastUpdateTime />
    </Product>
    <Product>
      <PriceUpdateDate>2014/01/20 07:54</PriceUpdateDate>
      <ItemCode>7290013310101</ItemCode>
      <ItemType>1</ItemType>
      <ItemName>שיפודי במבוק ג`מבו 50 יח</ItemName>
      <ManufactureName>אינטרסן 1996 בעמ</ManufactureName>
      <ManufactureCountry />
      <ManufactureItemDescription />
      <UnitQty>יח`</UnitQty>
      <Quantity>1</Quantity>
      <UnitMeasure />
      <BisWeighted>0</BisWeighted>
      <QtyInPackage>1</QtyInPackage>
      <ItemPrice>3.90</ItemPrice>
      <UnitOfMeasurePrice>3.90</UnitOfMeasurePrice>
      <AllowDiscount>0</AllowDiscount>
      <itemStatus>1</itemStatus>
      <LastUpdateDate />
      <LastUpdateTime />
    </Product>
    <Product>
      <PriceUpdateDate>2014/11/12 07:17</PriceUpdateDate>
      <ItemCode>7290013310163</ItemCode>
      <ItemType>1</ItemType>
      <ItemName>מדליקי פחם מוצק איזי לייט (40)</ItemName>
      <ManufactureName>אינטרסן 1996 בעמ</ManufactureName>
      <ManufactureCountry />
      <ManufactureItemDescription />
      <UnitQty>יח`</UnitQty>
      <Quantity>1</Quantity>
      <UnitMeasure />
      <BisWeighted>0</BisWeighted>
      <QtyInPackage>1</QtyInPackage>
      <ItemPrice>7.90</ItemPrice>
      <UnitOfMeasurePrice>7.90</UnitOfMeasurePrice>
      <AllowDiscount>0</AllowDiscount>
      <itemStatus>1</itemStatus>
      <LastUpdateDate />
      <LastUpdateTime />
    </Product>
    <Product>
      <PriceUpdateDate>2015/11/30 12:49</PriceUpdateDate>
      <ItemCode>7290013310507</ItemCode>
      <ItemType>1</ItemType>
      <ItemName>מברשת לבקבוק טוליפס</ItemName>
      <ManufactureName>אינטרסן 1996 בעמ</ManufactureName>
      <ManufactureCountry />
      <ManufactureItemDescription />
      <UnitQty>יח`</UnitQty>
      <Quantity>1</Quantity>
      <UnitMeasure />
      <BisWeighted>0</BisWeighted>
      <QtyInPackage>1</QtyInPackage>
      <ItemPrice>9.90</ItemPrice>
      <UnitOfMeasurePrice>9.90</UnitOfMeasurePrice>
      <AllowDiscount>0</AllowDiscount>
      <itemStatus>1</itemStatus>
      <LastUpdateDate />
      <LastUpdateTime />
    </Product>
    <Product>
      <PriceUpdateDate>2015/12/29 08:29</PriceUpdateDate>
      <ItemCode>7290013358356</ItemCode>
      <ItemType>1</ItemType>
      <ItemName>פירורי לחם מוזהבים מאסטר שף (320גרם)</ItemName>
      <ManufactureName>ש.שסטוביץ בעמ</ManufactureName>
      <ManufactureCountry />
      <ManufactureItemDescription />
      <UnitQty>יח`</UnitQty>
      <Quantity>320</Quantity>
      <UnitMeasure>גרם</UnitMeasure>
      <BisWeighted>0</BisWeighted>
      <QtyInPackage>1</QtyInPackage>
      <ItemPrice>7.90</ItemPrice>
      <UnitOfMeasurePrice>2.47</UnitOfMeasurePrice>
      <AllowDiscount>1</AllowDiscount>
      <itemStatus>1</itemStatus>
      <LastUpdateDate />
      <LastUpdateTime />
    </Product>
    <Product>
      <PriceUpdateDate>2015/12/29 08:29</PriceUpdateDate>
      <ItemCode>7290013358462</ItemCode>
      <ItemType>1</ItemType>
      <ItemName>מיני קרוטונים שום בצל 350  גר`מנה מאסטר</ItemName>
      <ManufactureName>ש.שסטוביץ בעמ</ManufactureName>
      <ManufactureCountry />
      <ManufactureItemDescription />
      <UnitQty>יח`</UnitQty>
      <Quantity>350</Quantity>
      <UnitMeasure>גרם</UnitMeasure>
      <BisWeighted>0</BisWeighted>
      <QtyInPackage>1</QtyInPackage>
      <ItemPrice>19.90</ItemPrice>
      <UnitOfMeasurePrice>5.69</UnitOfMeasurePrice>
      <AllowDiscount>0</AllowDiscount>
      <itemStatus>1</itemStatus>
      <LastUpdateDate />
      <LastUpdateTime />
    </Product>
    <Product>
      <PriceUpdateDate>2015/12/28 09:00</PriceUpdateDate>
      <ItemCode>7290013358530</ItemCode>
      <ItemType>1</ItemType>
      <ItemName>רוטב צ`ילי מתוק מאסטר שף (700 מל)</ItemName>
      <ManufactureName>ש.שסטוביץ בעמ</ManufactureName>
      <ManufactureCountry />
      <ManufactureItemDescription />
      <UnitQty>יח`</UnitQty>
      <Quantity>700</Quantity>
      <UnitMeasure>מ"ל</UnitMeasure>
      <BisWeighted>0</BisWeighted>
      <QtyInPackage>1</QtyInPackage>
      <ItemPrice>12.90</ItemPrice>
      <UnitOfMeasurePrice>1.84</UnitOfMeasurePrice>
      <AllowDiscount>1</AllowDiscount>
      <itemStatus>1</itemStatus>
      <LastUpdateDate />
      <LastUpdateTime />
    </Product>
    <Product>
      <PriceUpdateDate>2015/12/28 09:00</PriceUpdateDate>
      <ItemCode>7290013358547</ItemCode>
      <ItemType>1</ItemType>
      <ItemName>רוטב צ`ילי חריף מאסטר שף (700 מל)</ItemName>
      <ManufactureName>ש.שסטוביץ בעמ</ManufactureName>
      <ManufactureCountry />
      <ManufactureItemDescription />
      <UnitQty>יח`</UnitQty>
      <Quantity>700</Quantity>
      <UnitMeasure>מ"ל</UnitMeasure>
      <BisWeighted>0</BisWeighted>
      <QtyInPackage>1</QtyInPackage>
      <ItemPrice>12.90</ItemPrice>
      <UnitOfMeasurePrice>1.84</UnitOfMeasurePrice>
      <AllowDiscount>1</AllowDiscount>
      <itemStatus>1</itemStatus>
      <LastUpdateDate />
      <LastUpdateTime />
    </Product>
    <Product>
      <PriceUpdateDate>2018/02/06 08:41</PriceUpdateDate>
      <ItemCode>7290013358585</ItemCode>
      <ItemType>1</ItemType>
      <ItemName>נודלס ביצים 400 גר` מנה מאסטר שף</ItemName>
      <ManufactureName>ש.שסטוביץ בעמ</ManufactureName>
      <ManufactureCountry />
      <ManufactureItemDescription />
      <UnitQty>יח`</UnitQty>
      <Quantity>400</Quantity>
      <UnitMeasure>גרם</UnitMeasure>
      <BisWeighted>0</BisWeighted>
      <QtyInPackage>1</QtyInPackage>
      <ItemPrice>8.90</ItemPrice>
      <UnitOfMeasurePrice>2.23</UnitOfMeasurePrice>
      <AllowDiscount>0</AllowDiscount>
      <itemStatus>1</itemStatus>
      <LastUpdateDate />
      <LastUpdateTime />
    </Product>
    <Product>
      <PriceUpdateDate>2018/12/25 15:10</PriceUpdateDate>
      <ItemCode>7290013361981</ItemCode>
      <ItemType>1</ItemType>
      <ItemName>צ`יפס 2 קג פג</ItemName>
      <ManufactureName>ויטה -פרי גליל (החדשה) בעמ</ManufactureName>
      <ManufactureCountry />
      <ManufactureItemDescription />
      <UnitQty>יח`</UnitQty>
      <Quantity>2000</Quantity>
      <UnitMeasure>גרם</UnitMeasure>
      <BisWeighted>0</BisWeighted>
      <QtyInPackage>1</QtyInPackage>
      <ItemPrice>20.90</ItemPrice>
      <UnitOfMeasurePrice>1.05</UnitOfMeasurePrice>
      <AllowDiscount>0</AllowDiscount>
      <itemStatus>1</itemStatus>
      <LastUpdateDate />
      <LastUpdateTime />
    </Product>
    <Product>
      <PriceUpdateDate>2018/10/11 10:43</PriceUpdateDate>
      <ItemCode>7290013389091</ItemCode>
      <ItemType>1</ItemType>
      <ItemName>בצלצלי פנינה כבושים 350  גר`תומר</ItemName>
      <ManufactureName>תומר יבוא ושיווק מוצרי מזון (1</ManufactureName>
      <ManufactureCountry />
      <ManufactureItemDescription />
      <UnitQty>יח`</UnitQty>
      <Quantity>350</Quantity>
      <UnitMeasure>גרם</UnitMeasure>
      <BisWeighted>0</BisWeighted>
      <QtyInPackage>1</QtyInPackage>
      <ItemPrice>9.90</ItemPrice>
      <UnitOfMeasurePrice>2.83</UnitOfMeasurePrice>
      <AllowDiscount>0</AllowDiscount>
      <itemStatus>1</itemStatus>
      <LastUpdateDate />
      <LastUpdateTime />
    </Product>
    <Product>
      <PriceUpdateDate>2015/01/05 06:49</PriceUpdateDate>
      <ItemCode>7290013389893</ItemCode>
      <ItemType>1</ItemType>
      <ItemName>פילה סרדין בשמן 125 גר</ItemName>
      <ManufactureName>תומר יבוא ושיווק מוצרי מזון (1</ManufactureName>
      <ManufactureCountry />
      <ManufactureItemDescription />
      <UnitQty>יח`</UnitQty>
      <Quantity>125</Quantity>
      <UnitMeasure>גרם</UnitMeasure>
      <BisWeighted>0</BisWeighted>
      <QtyInPackage>1</QtyInPackage>
      <ItemPrice>7.90</ItemPrice>
      <UnitOfMeasurePrice>6.32</UnitOfMeasurePrice>
      <AllowDiscount>0</AllowDiscount>
      <itemStatus>1</itemStatus>
      <LastUpdateDate />
      <LastUpdateTime />
    </Product>
    <Product>
      <PriceUpdateDate>2015/01/05 06:49</PriceUpdateDate>
      <ItemCode>7290013389909</ItemCode>
      <ItemType>1</ItemType>
      <ItemName>פילה סרדין חריף 125 גר</ItemName>
      <ManufactureName>תומר יבוא ושיווק מוצרי מזון (1</ManufactureName>
      <ManufactureCountry />
      <ManufactureItemDescription />
      <UnitQty>יח`</UnitQty>
      <Quantity>125</Quantity>
      <UnitMeasure>גרם</UnitMeasure>
      <BisWeighted>0</BisWeighted>
      <QtyInPackage>1</QtyInPackage>
      <ItemPrice>7.90</ItemPrice>
      <UnitOfMeasurePrice>6.32</UnitOfMeasurePrice>
      <AllowDiscount>0</AllowDiscount>
      <itemStatus>1</itemStatus>
      <LastUpdateDate />
      <LastUpdateTime />
    </Product>
    <Product>
      <PriceUpdateDate>2014/04/28 18:01</PriceUpdateDate>
      <ItemCode>7290013472199</ItemCode>
      <ItemType>1</ItemType>
      <ItemName>ערמונים קלופים 100 גר`</ItemName>
      <ManufactureName>ג.וילי-פוד אינטרנשיונל בעמ</ManufactureName>
      <ManufactureCountry />
      <ManufactureItemDescription />
      <UnitQty>יח`</UnitQty>
      <Quantity>100</Quantity>
      <UnitMeasure>גרם</UnitMeasure>
      <BisWeighted>0</BisWeighted>
      <QtyInPackage>1</QtyInPackage>
      <ItemPrice>5.90</ItemPrice>
      <UnitOfMeasurePrice>5.90</UnitOfMeasurePrice>
      <AllowDiscount>0</AllowDiscount>
      <itemStatus>1</itemStatus>
      <LastUpdateDate />
      <LastUpdateTime />
    </Product>
    <Product>
      <PriceUpdateDate>2019/06/03 08:29</PriceUpdateDate>
      <ItemCode>7290013472892</ItemCode>
      <ItemType>1</ItemType>
      <ItemName>הבולגריה בקוביה 200 גר</ItemName>
      <ManufactureName>ג.וילי-פוד אינטרנשיונל בעמ</ManufactureName>
      <ManufactureCountry />
      <ManufactureItemDescription />
      <UnitQty>יח`</UnitQty>
      <Quantity>200</Quantity>
      <UnitMeasure>גרם</UnitMeasure>
      <BisWeighted>0</BisWeighted>
      <QtyInPackage>1</QtyInPackage>
      <ItemPrice>10.90</ItemPrice>
      <UnitOfMeasurePrice>5.45</UnitOfMeasurePrice>
      <AllowDiscount>0</AllowDiscount>
      <itemStatus>1</itemStatus>
      <LastUpdateDate />
      <LastUpdateTime />
    </Product>
    <Product>
      <PriceUpdateDate>2019/03/27 08:55</PriceUpdateDate>
      <ItemCode>7290013472960</ItemCode>
      <ItemType>1</ItemType>
      <ItemName>חצאי אפרסקים 820 גר` מהדרין</ItemName>
      <ManufactureName>ג.וילי-פוד אינטרנשיונל בעמ</ManufactureName>
      <ManufactureCountry />
      <ManufactureItemDescription />
      <UnitQty>יח`</UnitQty>
      <Quantity>820</Quantity>
      <UnitMeasure>גרם</UnitMeasure>
      <BisWeighted>0</BisWeighted>
      <QtyInPackage>1</QtyInPackage>
      <ItemPrice>7.90</ItemPrice>
      <UnitOfMeasurePrice>0.96</UnitOfMeasurePrice>
      <AllowDiscount>1</AllowDiscount>
      <itemStatus>1</itemStatus>
      <LastUpdateDate />
      <LastUpdateTime />
    </Product>
    <Product>
      <PriceUpdateDate>2016/05/10 06:32</PriceUpdateDate>
      <ItemCode>7290013492005</ItemCode>
      <ItemType>1</ItemType>
      <ItemName>תפוא למיקרו</ItemName>
      <ManufactureName>א.אדמה (2007) בעמ</ManufactureName>
      <ManufactureCountry />
      <ManufactureItemDescription />
      <UnitQty>יח`</UnitQty>
      <Quantity>1</Quantity>
      <UnitMeasure />
      <BisWeighted>0</BisWeighted>
      <QtyInPackage>1</QtyInPackage>
      <ItemPrice>7.90</ItemPrice>
      <UnitOfMeasurePrice>7.90</UnitOfMeasurePrice>
      <AllowDiscount>1</AllowDiscount>
      <itemStatus>1</itemStatus>
      <LastUpdateDate />
      <LastUpdateTime />
    </Product>
    <Product>
      <PriceUpdateDate>2018/02/06 15:20</PriceUpdateDate>
      <ItemCode>7290013531117</ItemCode>
      <ItemType>1</ItemType>
      <ItemName>רוטב פסטה לילדים יכין (260 גרם)</ItemName>
      <ManufactureName>זנלכל בעמ</ManufactureName>
      <ManufactureCountry />
      <ManufactureItemDescription />
      <UnitQty>יח`</UnitQty>
      <Quantity>260</Quantity>
      <UnitMeasure>גרם</UnitMeasure>
      <BisWeighted>0</BisWeighted>
      <QtyInPackage>1</QtyInPackage>
      <ItemPrice>4.90</ItemPrice>
      <UnitOfMeasurePrice>1.88</UnitOfMeasurePrice>
      <AllowDiscount>0</AllowDiscount>
      <itemStatus>1</itemStatus>
      <LastUpdateDate />
      <LastUpdateTime />
    </Product>
    <Product>
      <PriceUpdateDate>2016/10/10 08:25</PriceUpdateDate>
      <ItemCode>7290013531377</ItemCode>
      <ItemType>1</ItemType>
      <ItemName>תורמוס יכין (580 גרם)</ItemName>
      <ManufactureName>זנלכל בעמ</ManufactureName>
      <ManufactureCountry />
      <ManufactureItemDescription />
      <UnitQty>יח`</UnitQty>
      <Quantity>560</Quantity>
      <UnitMeasure>גרם</UnitMeasure>
      <BisWeighted>0</BisWeighted>
      <QtyInPackage>1</QtyInPackage>
      <ItemPrice>5.90</ItemPrice>
      <UnitOfMeasurePrice>1.05</UnitOfMeasurePrice>
      <AllowDiscount>0</AllowDiscount>
      <itemStatus>1</itemStatus>
      <LastUpdateDate />
      <LastUpdateTime />
    </Product>
    <Product>
      <PriceUpdateDate>2017/04/07 10:22</PriceUpdateDate>
      <ItemCode>7290013531582</ItemCode>
      <ItemType>1</ItemType>
      <ItemName>שלישייה זיתים חרוזית יכין 200 גר</ItemName>
      <ManufactureName>זנלכל בעמ</ManufactureName>
      <ManufactureCountry />
      <ManufactureItemDescription />
      <UnitQty>יח`</UnitQty>
      <Quantity>200</Quantity>
      <UnitMeasure>גרם</UnitMeasure>
      <BisWeighted>0</BisWeighted>
      <QtyInPackage>1</QtyInPackage>
      <ItemPrice>11.90</ItemPrice>
      <UnitOfMeasurePrice>5.95</UnitOfMeasurePrice>
      <AllowDiscount>0</AllowDiscount>
      <itemStatus>1</itemStatus>
      <LastUpdateDate />
      <LastUpdateTime />
    </Product>
    <Product>
      <PriceUpdateDate>2018/02/06 15:20</PriceUpdateDate>
      <ItemCode>7290013531629</ItemCode>
      <ItemType>1</ItemType>
      <ItemName>רוטב לפסטה פומדורו יכין (260 גרם)</ItemName>
      <ManufactureName>זנלכל בעמ</ManufactureName>
      <ManufactureCountry />
      <ManufactureItemDescription />
      <UnitQty>יח`</UnitQty>
      <Quantity>260</Quantity>
      <UnitMeasure>גרם</UnitMeasure>
      <BisWeighted>0</BisWeighted>
      <QtyInPackage>1</QtyInPackage>
      <ItemPrice>4.90</ItemPrice>
      <UnitOfMeasurePrice>1.88</UnitOfMeasurePrice>
      <AllowDiscount>0</AllowDiscount>
      <itemStatus>1</itemStatus>
      <LastUpdateDate />
      <LastUpdateTime />
    </Product>
    <Product>
      <PriceUpdateDate>2016/10/10 08:25</PriceUpdateDate>
      <ItemCode>7290013531759</ItemCode>
      <ItemType>1</ItemType>
      <ItemName>שעועית לבנה מבושלת במים יכין (550 גרם)</ItemName>
      <ManufactureName>זנלכל בעמ</ManufactureName>
      <ManufactureCountry />
      <ManufactureItemDescription />
      <UnitQty>יח`</UnitQty>
      <Quantity>550</Quantity>
      <UnitMeasure>גרם</UnitMeasure>
      <BisWeighted>0</BisWeighted>
      <QtyInPackage>1</QtyInPackage>
      <ItemPrice>5.90</ItemPrice>
      <UnitOfMeasurePrice>1.07</UnitOfMeasurePrice>
      <AllowDiscount>0</AllowDiscount>
      <itemStatus>1</itemStatus>
      <LastUpdateDate />
      <LastUpdateTime />
    </Product>
    <Product>
      <PriceUpdateDate>2017/05/21 08:58</PriceUpdateDate>
      <ItemCode>7290013540034</ItemCode>
      <ItemType>1</ItemType>
      <ItemName>פילטונה פתיתי טונה בהירה בשמן צמחי רביעי</ItemName>
      <ManufactureName>פילטונה תעשיות בעמ</ManufactureName>
      <ManufactureCountry />
      <ManufactureItemDescription />
      <UnitQty>יח`</UnitQty>
      <Quantity>1</Quantity>
      <UnitMeasure />
      <BisWeighted>0</BisWeighted>
      <QtyInPackage>1</QtyInPackage>
      <ItemPrice>10</ItemPrice>
      <UnitOfMeasurePrice>10</UnitOfMeasurePrice>
      <AllowDiscount>0</AllowDiscount>
      <itemStatus>1</itemStatus>
      <LastUpdateDate />
      <LastUpdateTime />
    </Product>
    <Product>
      <PriceUpdateDate>2019/12/31 07:50</PriceUpdateDate>
      <ItemCode>7290013579522</ItemCode>
      <ItemType>1</ItemType>
      <ItemName>פילה טונה ללא עור פרוס 800  גר`סדרת המאה</ItemName>
      <ManufactureName>בלדי בעמ</ManufactureName>
      <ManufactureCountry />
      <ManufactureItemDescription />
      <UnitQty>יח`</UnitQty>
      <Quantity>800</Quantity>
      <UnitMeasure>גרם</UnitMeasure>
      <BisWeighted>0</BisWeighted>
      <QtyInPackage>1</QtyInPackage>
      <ItemPrice>45.90</ItemPrice>
      <UnitOfMeasurePrice>5.74</UnitOfMeasurePrice>
      <AllowDiscount>0</AllowDiscount>
      <itemStatus>1</itemStatus>
      <LastUpdateDate />
      <LastUpdateTime />
    </Product>
    <Product>
      <PriceUpdateDate>2019/05/15 14:17</PriceUpdateDate>
      <ItemCode>7290013580009</ItemCode>
      <ItemType>1</ItemType>
      <ItemName>המבורגר זהב 400  גר`בלדי</ItemName>
      <ManufactureName>בלדי בעמ</ManufactureName>
      <ManufactureCountry />
      <ManufactureItemDescription />
      <UnitQty>יח`</UnitQty>
      <Quantity>400</Quantity>
      <UnitMeasure>גרם</UnitMeasure>
      <BisWeighted>0</BisWeighted>
      <QtyInPackage>1</QtyInPackage>
      <ItemPrice>15.90</ItemPrice>
      <UnitOfMeasurePrice>3.98</UnitOfMeasurePrice>
      <AllowDiscount>0</AllowDiscount>
      <itemStatus>1</itemStatus>
      <LastUpdateDate />
      <LastUpdateTime />
    </Product>
    <Product>
      <PriceUpdateDate>2018/11/11 08:17</PriceUpdateDate>
      <ItemCode>7290013584816</ItemCode>
      <ItemType>1</ItemType>
      <ItemName>משקה קל לימונענע פריגת (1.5 ליטר)</ItemName>
      <ManufactureName>החברה המרכזית להפצת משקאות בעמ</ManufactureName>
      <ManufactureCountry />
      <ManufactureItemDescription />
      <UnitQty>יח`</UnitQty>
      <Quantity>1500</Quantity>
      <UnitMeasure>מ"ל</UnitMeasure>
      <BisWeighted>0</BisWeighted>
      <QtyInPackage>1</QtyInPackage>
      <ItemPrice>7.20</ItemPrice>
      <UnitOfMeasurePrice>0.48</UnitOfMeasurePrice>
      <AllowDiscount>1</AllowDiscount>
      <itemStatus>1</itemStatus>
      <LastUpdateDate />
      <LastUpdateTime />
    </Product>
    <Product>
      <PriceUpdateDate>2015/08/09 09:08</PriceUpdateDate>
      <ItemCode>7290013585233</ItemCode>
      <ItemType>1</ItemType>
      <ItemName>ספרייט זירו 330 מל סילק</ItemName>
      <ManufactureName>החברה המרכזית להפצת משקאות בעמ</ManufactureName>
      <ManufactureCountry />
      <ManufactureItemDescription />
      <UnitQty>יח`</UnitQty>
      <Quantity>330</Quantity>
      <UnitMeasure>מ"ל</UnitMeasure>
      <BisWeighted>0</BisWeighted>
      <QtyInPackage>1</QtyInPackage>
      <ItemPrice>4.50</ItemPrice>
      <UnitOfMeasurePrice>1.27</UnitOfMeasurePrice>
      <AllowDiscount>1</AllowDiscount>
      <itemStatus>1</itemStatus>
      <LastUpdateDate />
      <LastUpdateTime />
    </Product>
    <Product>
      <PriceUpdateDate>2015/06/10 08:27</PriceUpdateDate>
      <ItemCode>7290013585240</ItemCode>
      <ItemType>1</ItemType>
      <ItemName>ספרייט זירו 1.5 ליטר</ItemName>
      <ManufactureName>החברה המרכזית להפצת משקאות בעמ</ManufactureName>
      <ManufactureCountry />
      <ManufactureItemDescription />
      <UnitQty>יח`</UnitQty>
      <Quantity>1.50</Quantity>
      <UnitMeasure>1 ליטר</UnitMeasure>
      <BisWeighted>0</BisWeighted>
      <QtyInPackage>1</QtyInPackage>
      <ItemPrice>6.90</ItemPrice>
      <UnitOfMeasurePrice>4.60</UnitOfMeasurePrice>
      <AllowDiscount>0</AllowDiscount>
      <itemStatus>1</itemStatus>
      <LastUpdateDate />
      <LastUpdateTime />
    </Product>
    <Product>
      <PriceUpdateDate>2018/11/11 08:17</PriceUpdateDate>
      <ItemCode>7290013585271</ItemCode>
      <ItemType>1</ItemType>
      <ItemName>ספרייט זירו שישייה</ItemName>
      <ManufactureName>החברה המרכזית להפצת משקאות בעמ</ManufactureName>
      <ManufactureCountry />
      <ManufactureItemDescription />
      <UnitQty>יח`</UnitQty>
      <Quantity>9</Quantity>
      <UnitMeasure>1 ליטר</UnitMeasure>
      <BisWeighted>0</BisWeighted>
      <QtyInPackage>1</QtyInPackage>
      <ItemPrice>37.90</ItemPrice>
      <UnitOfMeasurePrice>4.21</UnitOfMeasurePrice>
      <AllowDiscount>0</AllowDiscount>
      <itemStatus>1</itemStatus>
      <LastUpdateDate />
      <LastUpdateTime />
    </Product>
    <Product>
      <PriceUpdateDate>2015/04/26 07:08</PriceUpdateDate>
      <ItemCode>7290013585325</ItemCode>
      <ItemType>1</ItemType>
      <ItemName>מארז קוקה-קולה (2x6 ליטר)</ItemName>
      <ManufactureName>החברה המרכזית להפצת משקאות בעמ</ManufactureName>
      <ManufactureCountry />
      <ManufactureItemDescription />
      <UnitQty>יח`</UnitQty>
      <Quantity>1</Quantity>
      <UnitMeasure />
      <BisWeighted>0</BisWeighted>
      <QtyInPackage>1</QtyInPackage>
      <ItemPrice>44.90</ItemPrice>
      <UnitOfMeasurePrice>44.90</UnitOfMeasurePrice>
      <AllowDiscount>0</AllowDiscount>
      <itemStatus>1</itemStatus>
      <LastUpdateDate />
      <LastUpdateTime />
    </Product>
    <Product>
      <PriceUpdateDate>2019/08/05 12:14</PriceUpdateDate>
      <ItemCode>7290013585349</ItemCode>
      <ItemType>1</ItemType>
      <ItemName>מארז מיוחד בירה קרלסברג (330x6 מל)</ItemName>
      <ManufactureName>החברה המרכזית להפצת משקאות בעמ</ManufactureName>
      <ManufactureCountry />
      <ManufactureItemDescription />
      <UnitQty>יח`</UnitQty>
      <Quantity>1980</Quantity>
      <UnitMeasure>מ"ל</UnitMeasure>
      <BisWeighted>0</BisWeighted>
      <QtyInPackage>1</QtyInPackage>
      <ItemPrice>36.90</ItemPrice>
      <UnitOfMeasurePrice>1.77</UnitOfMeasurePrice>
      <AllowDiscount>1</AllowDiscount>
      <itemStatus>1</itemStatus>
      <LastUpdateDate />
      <LastUpdateTime />
    </Product>
    <Product>
      <PriceUpdateDate>2018/11/11 08:17</PriceUpdateDate>
      <ItemCode>7290013585387</ItemCode>
      <ItemType>1</ItemType>
      <ItemName>בקבוק זירו קוקה-קולה (1 ליטר)</ItemName>
      <ManufactureName>החברה המרכזית להפצת משקאות בעמ</ManufactureName>
      <ManufactureCountry />
      <ManufactureItemDescription />
      <UnitQty>יח`</UnitQty>
      <Quantity>1000</Quantity>
      <UnitMeasure>מ"ל</UnitMeasure>
      <BisWeighted>0</BisWeighted>
      <QtyInPackage>1</QtyInPackage>
      <ItemPrice>5.70</ItemPrice>
      <UnitOfMeasurePrice>0.54</UnitOfMeasurePrice>
      <AllowDiscount>0</AllowDiscount>
      <itemStatus>1</itemStatus>
      <LastUpdateDate />
      <LastUpdateTime />
    </Product>
    <Product>
      <PriceUpdateDate>2018/11/11 08:17</PriceUpdateDate>
      <ItemCode>7290013585394</ItemCode>
      <ItemType>1</ItemType>
      <ItemName>בקבוק קוקה-קולה (1 ליטר)</ItemName>
      <ManufactureName>החברה המרכזית להפצת משקאות בעמ</ManufactureName>
      <ManufactureCountry />
      <ManufactureItemDescription />
      <UnitQty>יח`</UnitQty>
      <Quantity>1000</Quantity>
      <UnitMeasure>מ"ל</UnitMeasure>
      <BisWeighted>0</BisWeighted>
      <QtyInPackage>1</QtyInPackage>
      <ItemPrice>5.70</ItemPrice>
      <UnitOfMeasurePrice>0.54</UnitOfMeasurePrice>
      <AllowDiscount>0</AllowDiscount>
      <itemStatus>1</itemStatus>
      <LastUpdateDate />
      <LastUpdateTime />
    </Product>
    <Product>
      <PriceUpdateDate>2015/07/23 08:37</PriceUpdateDate>
      <ItemCode>7290013585462</ItemCode>
      <ItemType>1</ItemType>
      <ItemName>מארז זירו קוקה-קולה (2x6 ליטר)</ItemName>
      <ManufactureName>החברה המרכזית להפצת משקאות בעמ</ManufactureName>
      <ManufactureCountry />
      <ManufactureItemDescription />
      <UnitQty>יח`</UnitQty>
      <Quantity>2</Quantity>
      <UnitMeasure>1 ליטר</UnitMeasure>
      <BisWeighted>0</BisWeighted>
      <QtyInPackage>1</QtyInPackage>
      <ItemPrice>44.90</ItemPrice>
      <UnitOfMeasurePrice>22.45</UnitOfMeasurePrice>
      <AllowDiscount>0</AllowDiscount>
      <itemStatus>1</itemStatus>
      <LastUpdateDate />
      <LastUpdateTime />
    </Product>
    <Product>
      <PriceUpdateDate>2018/11/11 08:17</PriceUpdateDate>
      <ItemCode>7290013585509</ItemCode>
      <ItemType>1</ItemType>
      <ItemName>פריגת 1.5 ליטר אפרסק</ItemName>
      <ManufactureName>החברה המרכזית להפצת משקאות בעמ</ManufactureName>
      <ManufactureCountry />
      <ManufactureItemDescription />
      <UnitQty>יח`</UnitQty>
      <Quantity>1.50</Quantity>
      <UnitMeasure>1 ליטר</UnitMeasure>
      <BisWeighted>0</BisWeighted>
      <QtyInPackage>1</QtyInPackage>
      <ItemPrice>7.20</ItemPrice>
      <UnitOfMeasurePrice>4.80</UnitOfMeasurePrice>
      <AllowDiscount>0</AllowDiscount>
      <itemStatus>1</itemStatus>
      <LastUpdateDate />
      <LastUpdateTime />
    </Product>
    <Product>
      <PriceUpdateDate>2015/07/15 09:03</PriceUpdateDate>
      <ItemCode>7290013585554</ItemCode>
      <ItemType>1</ItemType>
      <ItemName>מארז סודה קינלי 1.5 ליטר שישייה</ItemName>
      <ManufactureName>החברה המרכזית להפצת משקאות בעמ</ManufactureName>
      <ManufactureCountry />
      <ManufactureItemDescription />
      <UnitQty>יח`</UnitQty>
      <Quantity>9000</Quantity>
      <UnitMeasure>מ"ל</UnitMeasure>
      <BisWeighted>0</BisWeighted>
      <QtyInPackage>1</QtyInPackage>
      <ItemPrice>19.90</ItemPrice>
      <UnitOfMeasurePrice>0.22</UnitOfMeasurePrice>
      <AllowDiscount>1</AllowDiscount>
      <itemStatus>1</itemStatus>
      <LastUpdateDate />
      <LastUpdateTime />
    </Product>
    <Product>
      <PriceUpdateDate>2018/04/22 12:19</PriceUpdateDate>
      <ItemCode>7290013586605</ItemCode>
      <ItemType>1</ItemType>
      <ItemName>ויסוצקי ice נענע 1.5 ליטר</ItemName>
      <ManufactureName>החברה המרכזית להפצת משקאות בעמ</ManufactureName>
      <ManufactureCountry />
      <ManufactureItemDescription />
      <UnitQty>יח`</UnitQty>
      <Quantity>1.50</Quantity>
      <UnitMeasure>1 ליטר</UnitMeasure>
      <BisWeighted>0</BisWeighted>
      <QtyInPackage>1</QtyInPackage>
      <ItemPrice>7.90</ItemPrice>
      <UnitOfMeasurePrice>5.27</UnitOfMeasurePrice>
      <AllowDiscount>1</AllowDiscount>
      <itemStatus>1</itemStatus>
      <LastUpdateDate />
      <LastUpdateTime />
    </Product>
    <Product>
      <PriceUpdateDate>2018/04/22 12:19</PriceUpdateDate>
      <ItemCode>7290013586612</ItemCode>
      <ItemType>1</ItemType>
      <ItemName>ויסוצקי ice לימונית לואיזה 1.5 ליטר</ItemName>
      <ManufactureName>החברה המרכזית להפצת משקאות בעמ</ManufactureName>
      <ManufactureCountry />
      <ManufactureItemDescription />
      <UnitQty>יח`</UnitQty>
      <Quantity>1.50</Quantity>
      <UnitMeasure>1 ליטר</UnitMeasure>
      <BisWeighted>0</BisWeighted>
      <QtyInPackage>1</QtyInPackage>
      <ItemPrice>7.90</ItemPrice>
      <UnitOfMeasurePrice>5.27</UnitOfMeasurePrice>
      <AllowDiscount>1</AllowDiscount>
      <itemStatus>1</itemStatus>
      <LastUpdateDate />
      <LastUpdateTime />
    </Product>
    <Product>
      <PriceUpdateDate>2018/04/22 12:19</PriceUpdateDate>
      <ItemCode>7290013586735</ItemCode>
      <ItemType>1</ItemType>
      <ItemName>ויסוצקי ice ארל גריי 1.5 ליטר</ItemName>
      <ManufactureName>החברה המרכזית להפצת משקאות בעמ</ManufactureName>
      <ManufactureCountry />
      <ManufactureItemDescription />
      <UnitQty>יח`</UnitQty>
      <Quantity>1.50</Quantity>
      <UnitMeasure>1 ליטר</UnitMeasure>
      <BisWeighted>0</BisWeighted>
      <QtyInPackage>1</QtyInPackage>
      <ItemPrice>7.90</ItemPrice>
      <UnitOfMeasurePrice>5.27</UnitOfMeasurePrice>
      <AllowDiscount>1</AllowDiscount>
      <itemStatus>1</itemStatus>
      <LastUpdateDate />
      <LastUpdateTime />
    </Product>
    <Product>
      <PriceUpdateDate>2015/03/03 08:12</PriceUpdateDate>
      <ItemCode>7290013608260</ItemCode>
      <ItemType>1</ItemType>
      <ItemName>מיץ רימונים סחוט פרימור (1 ליטר)</ItemName>
      <ManufactureName>שטראוס גרופ בעמ/מצונן</ManufactureName>
      <ManufactureCountry />
      <ManufactureItemDescription />
      <UnitQty>יח`</UnitQty>
      <Quantity>1</Quantity>
      <UnitMeasure>1 ליטר</UnitMeasure>
      <BisWeighted>0</BisWeighted>
      <QtyInPackage>1</QtyInPackage>
      <ItemPrice>23.20</ItemPrice>
      <UnitOfMeasurePrice>23.20</UnitOfMeasurePrice>
      <AllowDiscount>1</AllowDiscount>
      <itemStatus>1</itemStatus>
      <LastUpdateDate />
      <LastUpdateTime />
    </Product>
    <Product>
      <PriceUpdateDate>2019/08/21 14:37</PriceUpdateDate>
      <ItemCode>7290013608444</ItemCode>
      <ItemType>1</ItemType>
      <ItemName>משקה קל תפוזים 1.5 ליטר פרימור</ItemName>
      <ManufactureName>גניר (1992) בעמ</ManufactureName>
      <ManufactureCountry />
      <ManufactureItemDescription />
      <UnitQty>יח`</UnitQty>
      <Quantity>1</Quantity>
      <UnitMeasure />
      <BisWeighted>0</BisWeighted>
      <QtyInPackage>1</QtyInPackage>
      <ItemPrice>5.80</ItemPrice>
      <UnitOfMeasurePrice>5.80</UnitOfMeasurePrice>
      <AllowDiscount>0</AllowDiscount>
      <itemStatus>1</itemStatus>
      <LastUpdateDate />
      <LastUpdateTime />
    </Product>
    <Product>
      <PriceUpdateDate>2019/08/21 14:37</PriceUpdateDate>
      <ItemCode>7290013608475</ItemCode>
      <ItemType>1</ItemType>
      <ItemName>משקה בטעם לימונים 1.5 ליטר פרימור</ItemName>
      <ManufactureName>גניר (1992) בעמ</ManufactureName>
      <ManufactureCountry />
      <ManufactureItemDescription />
      <UnitQty>יח`</UnitQty>
      <Quantity>100</Quantity>
      <UnitMeasure>גרם</UnitMeasure>
      <BisWeighted>0</BisWeighted>
      <QtyInPackage>1</QtyInPackage>
      <ItemPrice>5.80</ItemPrice>
      <UnitOfMeasurePrice>5.80</UnitOfMeasurePrice>
      <AllowDiscount>0</AllowDiscount>
      <itemStatus>1</itemStatus>
      <LastUpdateDate />
      <LastUpdateTime />
    </Product>
    <Product>
      <PriceUpdateDate>2019/08/21 14:37</PriceUpdateDate>
      <ItemCode>7290013608529</ItemCode>
      <ItemType>1</ItemType>
      <ItemName>משקה קל אשכולית 1.5 ליטר פרימור</ItemName>
      <ManufactureName>גניר (1992) בעמ</ManufactureName>
      <ManufactureCountry />
      <ManufactureItemDescription />
      <UnitQty>יח`</UnitQty>
      <Quantity>1</Quantity>
      <UnitMeasure />
      <BisWeighted>0</BisWeighted>
      <QtyInPackage>1</QtyInPackage>
      <ItemPrice>5.80</ItemPrice>
      <UnitOfMeasurePrice>5.80</UnitOfMeasurePrice>
      <AllowDiscount>0</AllowDiscount>
      <itemStatus>1</itemStatus>
      <LastUpdateDate />
      <LastUpdateTime />
    </Product>
    <Product>
      <PriceUpdateDate>2019/08/21 14:37</PriceUpdateDate>
      <ItemCode>7290013608536</ItemCode>
      <ItemType>1</ItemType>
      <ItemName>משקה קל דיאט אשכוליות 1.5 ליטר פרימור</ItemName>
      <ManufactureName>גניר (1992) בעמ</ManufactureName>
      <ManufactureCountry />
      <ManufactureItemDescription />
      <UnitQty>יח`</UnitQty>
      <Quantity>1</Quantity>
      <UnitMeasure />
      <BisWeighted>0</BisWeighted>
      <QtyInPackage>1</QtyInPackage>
      <ItemPrice>5.80</ItemPrice>
      <UnitOfMeasurePrice>5.80</UnitOfMeasurePrice>
      <AllowDiscount>0</AllowDiscount>
      <itemStatus>1</itemStatus>
      <LastUpdateDate />
      <LastUpdateTime />
    </Product>
    <Product>
      <PriceUpdateDate>2019/08/21 14:37</PriceUpdateDate>
      <ItemCode>7290013608543</ItemCode>
      <ItemType>1</ItemType>
      <ItemName>משקה קל תפוחים 1.5 ליטר פרימור</ItemName>
      <ManufactureName>גניר (1992) בעמ</ManufactureName>
      <ManufactureCountry />
      <ManufactureItemDescription />
      <UnitQty>יח`</UnitQty>
      <Quantity>100</Quantity>
      <UnitMeasure>גרם</UnitMeasure>
      <BisWeighted>0</BisWeighted>
      <QtyInPackage>1</QtyInPackage>
      <ItemPrice>5.80</ItemPrice>
      <UnitOfMeasurePrice>5.80</UnitOfMeasurePrice>
      <AllowDiscount>0</AllowDiscount>
      <itemStatus>1</itemStatus>
      <LastUpdateDate />
      <LastUpdateTime />
    </Product>
    <Product>
      <PriceUpdateDate>2019/08/21 14:37</PriceUpdateDate>
      <ItemCode>7290013608567</ItemCode>
      <ItemType>1</ItemType>
      <ItemName>משקה קל מנגו 1.5 ליטר פרימור</ItemName>
      <ManufactureName>גניר (1992) בעמ</ManufactureName>
      <ManufactureCountry />
      <ManufactureItemDescription />
      <UnitQty>יח`</UnitQty>
      <Quantity>1</Quantity>
      <UnitMeasure />
      <BisWeighted>0</BisWeighted>
      <QtyInPackage>1</QtyInPackage>
      <ItemPrice>5.80</ItemPrice>
      <UnitOfMeasurePrice>5.80</UnitOfMeasurePrice>
      <AllowDiscount>0</AllowDiscount>
      <itemStatus>1</itemStatus>
      <LastUpdateDate />
      <LastUpdateTime />
    </Product>
    <Product>
      <PriceUpdateDate>2019/08/21 14:37</PriceUpdateDate>
      <ItemCode>7290013608635</ItemCode>
      <ItemType>1</ItemType>
      <ItemName>משקה לימונים עם נענע 1 ליטר פרימור</ItemName>
      <ManufactureName>גניר (1992) בעמ</ManufactureName>
      <ManufactureCountry />
      <ManufactureItemDescription />
      <UnitQty>יח`</UnitQty>
      <Quantity>1</Quantity>
      <UnitMeasure />
      <BisWeighted>0</BisWeighted>
      <QtyInPackage>1</QtyInPackage>
      <ItemPrice>6.50</ItemPrice>
      <UnitOfMeasurePrice>6.50</UnitOfMeasurePrice>
      <AllowDiscount>1</AllowDiscount>
      <itemStatus>1</itemStatus>
      <LastUpdateDate />
      <LastUpdateTime />
    </Product>
    <Product>
      <PriceUpdateDate>2015/12/23 09:08</PriceUpdateDate>
      <ItemCode>7290013675194</ItemCode>
      <ItemType>1</ItemType>
      <ItemName>שניצל אמיתי ביתי ללא גלוטן מאמא עוף</ItemName>
      <ManufactureName>תנובה קפואים</ManufactureName>
      <ManufactureCountry />
      <ManufactureItemDescription />
      <UnitQty>יח`</UnitQty>
      <Quantity>700</Quantity>
      <UnitMeasure>גרם</UnitMeasure>
      <BisWeighted>0</BisWeighted>
      <QtyInPackage>1</QtyInPackage>
      <ItemPrice>34.90</ItemPrice>
      <UnitOfMeasurePrice>4.99</UnitOfMeasurePrice>
      <AllowDiscount>0</AllowDiscount>
      <itemStatus>1</itemStatus>
      <LastUpdateDate />
      <LastUpdateTime />
    </Product>
    <Product>
      <PriceUpdateDate>2019/10/23 08:30</PriceUpdateDate>
      <ItemCode>7290013675439</ItemCode>
      <ItemType>1</ItemType>
      <ItemName>שניצל אותיות מאמא עוף (700 גרם)</ItemName>
      <ManufactureName>תנובה קפואים</ManufactureName>
      <ManufactureCountry />
      <ManufactureItemDescription />
      <UnitQty>יח`</UnitQty>
      <Quantity>700</Quantity>
      <UnitMeasure>גרם</UnitMeasure>
      <BisWeighted>0</BisWeighted>
      <QtyInPackage>1</QtyInPackage>
      <ItemPrice>34.90</ItemPrice>
      <UnitOfMeasurePrice>4.99</UnitOfMeasurePrice>
      <AllowDiscount>1</AllowDiscount>
      <itemStatus>1</itemStatus>
      <LastUpdateDate />
      <LastUpdateTime />
    </Product>
    <Product>
      <PriceUpdateDate>2019/10/23 08:30</PriceUpdateDate>
      <ItemCode>7290013675545</ItemCode>
      <ItemType>1</ItemType>
      <ItemName>שניצל כלי תחבורה מאמא עוף (700 גרם)</ItemName>
      <ManufactureName>תנובה קפואים</ManufactureName>
      <ManufactureCountry />
      <ManufactureItemDescription />
      <UnitQty>יח`</UnitQty>
      <Quantity>700</Quantity>
      <UnitMeasure>גרם</UnitMeasure>
      <BisWeighted>0</BisWeighted>
      <QtyInPackage>1</QtyInPackage>
      <ItemPrice>34.90</ItemPrice>
      <UnitOfMeasurePrice>4.99</UnitOfMeasurePrice>
      <AllowDiscount>1</AllowDiscount>
      <itemStatus>1</itemStatus>
      <LastUpdateDate />
      <LastUpdateTime />
    </Product>
    <Product>
      <PriceUpdateDate>2020/02/16 16:35</PriceUpdateDate>
      <ItemCode>7290013675811</ItemCode>
      <ItemType>1</ItemType>
      <ItemName>פסטה א-לה רומר להקפצה 450 גר` מאמא עוף</ItemName>
      <ManufactureName>תנובה קפואים</ManufactureName>
      <ManufactureCountry />
      <ManufactureItemDescription />
      <UnitQty>יח`</UnitQty>
      <Quantity>450</Quantity>
      <UnitMeasure>גרם</UnitMeasure>
      <BisWeighted>0</BisWeighted>
      <QtyInPackage>1</QtyInPackage>
      <ItemPrice>19.90</ItemPrice>
      <UnitOfMeasurePrice>4.42</UnitOfMeasurePrice>
      <AllowDiscount>1</AllowDiscount>
      <itemStatus>1</itemStatus>
      <LastUpdateDate />
      <LastUpdateTime />
    </Product>
    <Product>
      <PriceUpdateDate>2020/02/16 16:35</PriceUpdateDate>
      <ItemCode>7290013675835</ItemCode>
      <ItemType>1</ItemType>
      <ItemName>ירוק גלילי להקפצה 450 גר` מאמא עוף</ItemName>
      <ManufactureName>תנובה קפואים</ManufactureName>
      <ManufactureCountry />
      <ManufactureItemDescription />
      <UnitQty>יח`</UnitQty>
      <Quantity>450</Quantity>
      <UnitMeasure>גרם</UnitMeasure>
      <BisWeighted>0</BisWeighted>
      <QtyInPackage>1</QtyInPackage>
      <ItemPrice>19.90</ItemPrice>
      <UnitOfMeasurePrice>4.42</UnitOfMeasurePrice>
      <AllowDiscount>1</AllowDiscount>
      <itemStatus>1</itemStatus>
      <LastUpdateDate />
      <LastUpdateTime />
    </Product>
    <Product>
      <PriceUpdateDate>2015/11/04 09:27</PriceUpdateDate>
      <ItemCode>7290013677563</ItemCode>
      <ItemType>1</ItemType>
      <ItemName>קינואה אדומה מיה (500 גרם)</ItemName>
      <ManufactureName>מיה תעשיות מזון מ.ת.מ. בעמ</ManufactureName>
      <ManufactureCountry />
      <ManufactureItemDescription />
      <UnitQty>יח`</UnitQty>
      <Quantity>500</Quantity>
      <UnitMeasure>גרם</UnitMeasure>
      <BisWeighted>0</BisWeighted>
      <QtyInPackage>1</QtyInPackage>
      <ItemPrice>19.90</ItemPrice>
      <UnitOfMeasurePrice>3.98</UnitOfMeasurePrice>
      <AllowDiscount>0</AllowDiscount>
      <itemStatus>1</itemStatus>
      <LastUpdateDate />
      <LastUpdateTime />
    </Product>
    <Product>
      <PriceUpdateDate>2018/02/06 08:16</PriceUpdateDate>
      <ItemCode>7290013677679</ItemCode>
      <ItemType>1</ItemType>
      <ItemName>סודה לשתיה 80  גר`שקית מיה</ItemName>
      <ManufactureName>מיה תעשיות מזון מ.ת.מ. בעמ</ManufactureName>
      <ManufactureCountry />
      <ManufactureItemDescription />
      <UnitQty>יח`</UnitQty>
      <Quantity>80</Quantity>
      <UnitMeasure>גרם</UnitMeasure>
      <BisWeighted>0</BisWeighted>
      <QtyInPackage>1</QtyInPackage>
      <ItemPrice>4.90</ItemPrice>
      <UnitOfMeasurePrice>6.13</UnitOfMeasurePrice>
      <AllowDiscount>0</AllowDiscount>
      <itemStatus>1</itemStatus>
      <LastUpdateDate />
      <LastUpdateTime />
    </Product>
    <Product>
      <PriceUpdateDate>2015/03/03 10:33</PriceUpdateDate>
      <ItemCode>7290013677747</ItemCode>
      <ItemType>1</ItemType>
      <ItemName>אבקת שוקו 500 גר`</ItemName>
      <ManufactureName>מיה תעשיות מזון מ.ת.מ. בעמ</ManufactureName>
      <ManufactureCountry />
      <ManufactureItemDescription />
      <UnitQty>יח`</UnitQty>
      <Quantity>500</Quantity>
      <UnitMeasure>גרם</UnitMeasure>
      <BisWeighted>0</BisWeighted>
      <QtyInPackage>1</QtyInPackage>
      <ItemPrice>6.90</ItemPrice>
      <UnitOfMeasurePrice>1.38</UnitOfMeasurePrice>
      <AllowDiscount>1</AllowDiscount>
      <itemStatus>1</itemStatus>
      <LastUpdateDate />
      <LastUpdateTime />
    </Product>
    <Product>
      <PriceUpdateDate>2015/12/01 18:36</PriceUpdateDate>
      <ItemCode>7290013677839</ItemCode>
      <ItemType>1</ItemType>
      <ItemName>בורגול מיה (1 קג)</ItemName>
      <ManufactureName>מיה תעשיות מזון מ.ת.מ. בעמ</ManufactureName>
      <ManufactureCountry />
      <ManufactureItemDescription />
      <UnitQty>יח`</UnitQty>
      <Quantity>1000</Quantity>
      <UnitMeasure>גרם</UnitMeasure>
      <BisWeighted>0</BisWeighted>
      <QtyInPackage>1</QtyInPackage>
      <ItemPrice>9.90</ItemPrice>
      <UnitOfMeasurePrice>0.99</UnitOfMeasurePrice>
      <AllowDiscount>0</AllowDiscount>
      <itemStatus>1</itemStatus>
      <LastUpdateDate />
      <LastUpdateTime />
    </Product>
    <Product>
      <PriceUpdateDate>2015/12/01 18:43</PriceUpdateDate>
      <ItemCode>7290013677846</ItemCode>
      <ItemType>1</ItemType>
      <ItemName>כוסמת מיה (1 קג)</ItemName>
      <ManufactureName>מיה תעשיות מזון מ.ת.מ. בעמ</ManufactureName>
      <ManufactureCountry />
      <ManufactureItemDescription />
      <UnitQty>יח`</UnitQty>
      <Quantity>1000</Quantity>
      <UnitMeasure>גרם</UnitMeasure>
      <BisWeighted>0</BisWeighted>
      <QtyInPackage>1</QtyInPackage>
      <ItemPrice>13.90</ItemPrice>
      <UnitOfMeasurePrice>1.39</UnitOfMeasurePrice>
      <AllowDiscount>0</AllowDiscount>
      <itemStatus>1</itemStatus>
      <LastUpdateDate />
      <LastUpdateTime />
    </Product>
    <Product>
      <PriceUpdateDate>2019/01/14 08:23</PriceUpdateDate>
      <ItemCode>7290013702005</ItemCode>
      <ItemType>1</ItemType>
      <ItemName>מים בטעם פירות יער שוופס (1.5 ליטר)</ItemName>
      <ManufactureName>יפאורה</ManufactureName>
      <ManufactureCountry />
      <ManufactureItemDescription />
      <UnitQty>יח`</UnitQty>
      <Quantity>1500</Quantity>
      <UnitMeasure>מ"ל</UnitMeasure>
      <BisWeighted>0</BisWeighted>
      <QtyInPackage>1</QtyInPackage>
      <ItemPrice>6.30</ItemPrice>
      <UnitOfMeasurePrice>0.42</UnitOfMeasurePrice>
      <AllowDiscount>1</AllowDiscount>
      <itemStatus>1</itemStatus>
      <LastUpdateDate />
      <LastUpdateTime />
    </Product>
    <Product>
      <PriceUpdateDate>2019/01/14 08:23</PriceUpdateDate>
      <ItemCode>7290013702029</ItemCode>
      <ItemType>1</ItemType>
      <ItemName>מים בטעם אפרסק שוופס (1.5 ליטר)</ItemName>
      <ManufactureName>יפאורה</ManufactureName>
      <ManufactureCountry />
      <ManufactureItemDescription />
      <UnitQty>יח`</UnitQty>
      <Quantity>1500</Quantity>
      <UnitMeasure>מ"ל</UnitMeasure>
      <BisWeighted>0</BisWeighted>
      <QtyInPackage>1</QtyInPackage>
      <ItemPrice>6.30</ItemPrice>
      <UnitOfMeasurePrice>0.42</UnitOfMeasurePrice>
      <AllowDiscount>1</AllowDiscount>
      <itemStatus>1</itemStatus>
      <LastUpdateDate />
      <LastUpdateTime />
    </Product>
    <Product>
      <PriceUpdateDate>2019/01/14 08:23</PriceUpdateDate>
      <ItemCode>7290013702036</ItemCode>
      <ItemType>1</ItemType>
      <ItemName>שוופס ווטר אפרסק 500מל</ItemName>
      <ManufactureName>יפאורה</ManufactureName>
      <ManufactureCountry />
      <ManufactureItemDescription />
      <UnitQty>יח`</UnitQty>
      <Quantity>500</Quantity>
      <UnitMeasure>מ"ל</UnitMeasure>
      <BisWeighted>0</BisWeighted>
      <QtyInPackage>1</QtyInPackage>
      <ItemPrice>4.80</ItemPrice>
      <UnitOfMeasurePrice>0.90</UnitOfMeasurePrice>
      <AllowDiscount>1</AllowDiscount>
      <itemStatus>1</itemStatus>
      <LastUpdateDate />
      <LastUpdateTime />
    </Product>
    <Product>
      <PriceUpdateDate>2019/01/14 08:23</PriceUpdateDate>
      <ItemCode>7290013702043</ItemCode>
      <ItemType>1</ItemType>
      <ItemName>מים בטעם ענבים שוופס (1.5 ליטר)</ItemName>
      <ManufactureName>יפאורה</ManufactureName>
      <ManufactureCountry />
      <ManufactureItemDescription />
      <UnitQty>יח`</UnitQty>
      <Quantity>1500</Quantity>
      <UnitMeasure>מ"ל</UnitMeasure>
      <BisWeighted>0</BisWeighted>
      <QtyInPackage>1</QtyInPackage>
      <ItemPrice>6.30</ItemPrice>
      <UnitOfMeasurePrice>0.42</UnitOfMeasurePrice>
      <AllowDiscount>1</AllowDiscount>
      <itemStatus>1</itemStatus>
      <LastUpdateDate />
      <LastUpdateTime />
    </Product>
    <Product>
      <PriceUpdateDate>2019/01/14 08:23</PriceUpdateDate>
      <ItemCode>7290013702050</ItemCode>
      <ItemType>1</ItemType>
      <ItemName>שוופס ווטר ענבים 500מל</ItemName>
      <ManufactureName>יפאורה</ManufactureName>
      <ManufactureCountry />
      <ManufactureItemDescription />
      <UnitQty>יח`</UnitQty>
      <Quantity>500</Quantity>
      <UnitMeasure>מ"ל</UnitMeasure>
      <BisWeighted>0</BisWeighted>
      <QtyInPackage>1</QtyInPackage>
      <ItemPrice>4.80</ItemPrice>
      <UnitOfMeasurePrice>0.90</UnitOfMeasurePrice>
      <AllowDiscount>1</AllowDiscount>
      <itemStatus>1</itemStatus>
      <LastUpdateDate />
      <LastUpdateTime />
    </Product>
    <Product>
      <PriceUpdateDate>2019/01/14 08:23</PriceUpdateDate>
      <ItemCode>7290013702371</ItemCode>
      <ItemType>1</ItemType>
      <ItemName>מים בטעם תפוח שוופס (1.5 ליטר)</ItemName>
      <ManufactureName>יפאורה</ManufactureName>
      <ManufactureCountry />
      <ManufactureItemDescription />
      <UnitQty>יח`</UnitQty>
      <Quantity>1500</Quantity>
      <UnitMeasure>מ"ל</UnitMeasure>
      <BisWeighted>0</BisWeighted>
      <QtyInPackage>1</QtyInPackage>
      <ItemPrice>6.30</ItemPrice>
      <UnitOfMeasurePrice>0.42</UnitOfMeasurePrice>
      <AllowDiscount>1</AllowDiscount>
      <itemStatus>1</itemStatus>
      <LastUpdateDate />
      <LastUpdateTime />
    </Product>
    <Product>
      <PriceUpdateDate>2019/01/14 08:23</PriceUpdateDate>
      <ItemCode>7290013702388</ItemCode>
      <ItemType>1</ItemType>
      <ItemName>שוופס ווטר תפוח 500מל</ItemName>
      <ManufactureName>יפאורה</ManufactureName>
      <ManufactureCountry />
      <ManufactureItemDescription />
      <UnitQty>יח`</UnitQty>
      <Quantity>500</Quantity>
      <UnitMeasure>מ"ל</UnitMeasure>
      <BisWeighted>0</BisWeighted>
      <QtyInPackage>1</QtyInPackage>
      <ItemPrice>4.80</ItemPrice>
      <UnitOfMeasurePrice>0.90</UnitOfMeasurePrice>
      <AllowDiscount>1</AllowDiscount>
      <itemStatus>1</itemStatus>
      <LastUpdateDate />
      <LastUpdateTime />
    </Product>
    <Product>
      <PriceUpdateDate>2019/01/14 08:23</PriceUpdateDate>
      <ItemCode>7290013702463</ItemCode>
      <ItemType>1</ItemType>
      <ItemName>משקה מוגז לימונייד שוופס (1.5 ליטר)</ItemName>
      <ManufactureName>יפאורה</ManufactureName>
      <ManufactureCountry />
      <ManufactureItemDescription />
      <UnitQty>יח`</UnitQty>
      <Quantity>1500</Quantity>
      <UnitMeasure>מ"ל</UnitMeasure>
      <BisWeighted>0</BisWeighted>
      <QtyInPackage>1</QtyInPackage>
      <ItemPrice>6.90</ItemPrice>
      <UnitOfMeasurePrice>0.46</UnitOfMeasurePrice>
      <AllowDiscount>1</AllowDiscount>
      <itemStatus>1</itemStatus>
      <LastUpdateDate />
      <LastUpdateTime />
    </Product>
    <Product>
      <PriceUpdateDate>2019/01/14 08:23</PriceUpdateDate>
      <ItemCode>7290013702555</ItemCode>
      <ItemType>1</ItemType>
      <ItemName>שוופס מוגז עדין 1.5 ליטר אננס</ItemName>
      <ManufactureName>יפאורה</ManufactureName>
      <ManufactureCountry />
      <ManufactureItemDescription />
      <UnitQty>יח`</UnitQty>
      <Quantity>1500</Quantity>
      <UnitMeasure>מ"ל</UnitMeasure>
      <BisWeighted>0</BisWeighted>
      <QtyInPackage>1</QtyInPackage>
      <ItemPrice>6.90</ItemPrice>
      <UnitOfMeasurePrice>0.46</UnitOfMeasurePrice>
      <AllowDiscount>1</AllowDiscount>
      <itemStatus>1</itemStatus>
      <LastUpdateDate />
      <LastUpdateTime />
    </Product>
    <Product>
      <PriceUpdateDate>2020/03/20 10:35</PriceUpdateDate>
      <ItemCode>7290013787347</ItemCode>
      <ItemType>1</ItemType>
      <ItemName>פסטה פנה חור 500 גר`</ItemName>
      <ManufactureName>דורו איטליאן פרודקטס בעמ</ManufactureName>
      <ManufactureCountry />
      <ManufactureItemDescription />
      <UnitQty>יח`</UnitQty>
      <Quantity>500</Quantity>
      <UnitMeasure>גרם</UnitMeasure>
      <BisWeighted>0</BisWeighted>
      <QtyInPackage>1</QtyInPackage>
      <ItemPrice>9.90</ItemPrice>
      <UnitOfMeasurePrice>1.98</UnitOfMeasurePrice>
      <AllowDiscount>0</AllowDiscount>
      <itemStatus>1</itemStatus>
      <LastUpdateDate />
      <LastUpdateTime />
    </Product>
    <Product>
      <PriceUpdateDate>2020/03/20 10:35</PriceUpdateDate>
      <ItemCode>7290013787354</ItemCode>
      <ItemType>1</ItemType>
      <ItemName>פסטה פוזילי סרדי 500 גר`</ItemName>
      <ManufactureName>דורו איטליאן פרודקטס בעמ</ManufactureName>
      <ManufactureCountry />
      <ManufactureItemDescription />
      <UnitQty>יח`</UnitQty>
      <Quantity>500</Quantity>
      <UnitMeasure>גרם</UnitMeasure>
      <BisWeighted>0</BisWeighted>
      <QtyInPackage>1</QtyInPackage>
      <ItemPrice>9.90</ItemPrice>
      <UnitOfMeasurePrice>1.98</UnitOfMeasurePrice>
      <AllowDiscount>0</AllowDiscount>
      <itemStatus>1</itemStatus>
      <LastUpdateDate />
      <LastUpdateTime />
    </Product>
    <Product>
      <PriceUpdateDate>2019/08/28 09:14</PriceUpdateDate>
      <ItemCode>7290013797704</ItemCode>
      <ItemType>1</ItemType>
      <ItemName>דייליקט טונה ועוף 85 גר</ItemName>
      <ManufactureName>שחורי אריה ואנסטסיה</ManufactureName>
      <ManufactureCountry />
      <ManufactureItemDescription />
      <UnitQty>יח`</UnitQty>
      <Quantity>1</Quantity>
      <UnitMeasure />
      <BisWeighted>0</BisWeighted>
      <QtyInPackage>1</QtyInPackage>
      <ItemPrice>3.90</ItemPrice>
      <UnitOfMeasurePrice>3.90</UnitOfMeasurePrice>
      <AllowDiscount>0</AllowDiscount>
      <itemStatus>1</itemStatus>
      <LastUpdateDate />
      <LastUpdateTime />
    </Product>
    <Product>
      <PriceUpdateDate>2019/08/28 09:14</PriceUpdateDate>
      <ItemCode>7290013797766</ItemCode>
      <ItemType>1</ItemType>
      <ItemName>מעדן טונה אדומה וגבינה</ItemName>
      <ManufactureName>שחורי אריה ואנסטסיה</ManufactureName>
      <ManufactureCountry />
      <ManufactureItemDescription />
      <UnitQty>יח`</UnitQty>
      <Quantity>1</Quantity>
      <UnitMeasure />
      <BisWeighted>0</BisWeighted>
      <QtyInPackage>1</QtyInPackage>
      <ItemPrice>3.90</ItemPrice>
      <UnitOfMeasurePrice>3.90</UnitOfMeasurePrice>
      <AllowDiscount>0</AllowDiscount>
      <itemStatus>1</itemStatus>
      <LastUpdateDate />
      <LastUpdateTime />
    </Product>
    <Product>
      <PriceUpdateDate>2018/12/17 09:36</PriceUpdateDate>
      <ItemCode>7290013847393</ItemCode>
      <ItemType>1</ItemType>
      <ItemName>ס.ק לייט טונה 4% שומן עם עשבי תיבול 140</ItemName>
      <ManufactureName>סטארקיסט דיפלומט היינץ</ManufactureName>
      <ManufactureCountry />
      <ManufactureItemDescription />
      <UnitQty>יח`</UnitQty>
      <Quantity>140</Quantity>
      <UnitMeasure>גרם</UnitMeasure>
      <BisWeighted>0</BisWeighted>
      <QtyInPackage>1</QtyInPackage>
      <ItemPrice>7.90</ItemPrice>
      <UnitOfMeasurePrice>5.64</UnitOfMeasurePrice>
      <AllowDiscount>0</AllowDiscount>
      <itemStatus>1</itemStatus>
      <LastUpdateDate />
      <LastUpdateTime />
    </Product>
    <Product>
      <PriceUpdateDate>2018/12/17 09:36</PriceUpdateDate>
      <ItemCode>7290013847409</ItemCode>
      <ItemType>1</ItemType>
      <ItemName>ס.ק לייט טונה 4% שומן עם לימון ופלפל חרי</ItemName>
      <ManufactureName>סטארקיסט דיפלומט היינץ</ManufactureName>
      <ManufactureCountry />
      <ManufactureItemDescription />
      <UnitQty>יח`</UnitQty>
      <Quantity>140</Quantity>
      <UnitMeasure>גרם</UnitMeasure>
      <BisWeighted>0</BisWeighted>
      <QtyInPackage>1</QtyInPackage>
      <ItemPrice>7.90</ItemPrice>
      <UnitOfMeasurePrice>5.64</UnitOfMeasurePrice>
      <AllowDiscount>0</AllowDiscount>
      <itemStatus>1</itemStatus>
      <LastUpdateDate />
      <LastUpdateTime />
    </Product>
    <Product>
      <PriceUpdateDate>2019/04/03 08:25</PriceUpdateDate>
      <ItemCode>7290013847577</ItemCode>
      <ItemType>1</ItemType>
      <ItemName>רביעייה טונה סטארכיסט בשמן 10% תוספת</ItemName>
      <ManufactureName>סטארקיסט דיפלומט היינץ</ManufactureName>
      <ManufactureCountry />
      <ManufactureItemDescription />
      <UnitQty>יח`</UnitQty>
      <Quantity>704</Quantity>
      <UnitMeasure>גרם</UnitMeasure>
      <BisWeighted>0</BisWeighted>
      <QtyInPackage>1</QtyInPackage>
      <ItemPrice>25.90</ItemPrice>
      <UnitOfMeasurePrice>3.68</UnitOfMeasurePrice>
      <AllowDiscount>0</AllowDiscount>
      <itemStatus>1</itemStatus>
      <LastUpdateDate />
      <LastUpdateTime />
    </Product>
    <Product>
      <PriceUpdateDate>2018/01/15 13:11</PriceUpdateDate>
      <ItemCode>7290013847812</ItemCode>
      <ItemType>1</ItemType>
      <ItemName>ס.ק טונה ילופין בשמן זית מעולה 140 גר`</ItemName>
      <ManufactureName>סטארקיסט דיפלומט היינץ</ManufactureName>
      <ManufactureCountry />
      <ManufactureItemDescription />
      <UnitQty>יח`</UnitQty>
      <Quantity>140</Quantity>
      <UnitMeasure>גרם</UnitMeasure>
      <BisWeighted>0</BisWeighted>
      <QtyInPackage>1</QtyInPackage>
      <ItemPrice>9.90</ItemPrice>
      <UnitOfMeasurePrice>7.07</UnitOfMeasurePrice>
      <AllowDiscount>0</AllowDiscount>
      <itemStatus>1</itemStatus>
      <LastUpdateDate />
      <LastUpdateTime />
    </Product>
    <Product>
      <PriceUpdateDate>2018/06/18 10:59</PriceUpdateDate>
      <ItemCode>7290013847836</ItemCode>
      <ItemType>1</ItemType>
      <ItemName>מארז זוגות טונה בשמן קנולה 280 גר`* (140</ItemName>
      <ManufactureName>סטארקיסט דיפלומט היינץ</ManufactureName>
      <ManufactureCountry />
      <ManufactureItemDescription />
      <UnitQty>יח`</UnitQty>
      <Quantity>280</Quantity>
      <UnitMeasure>גרם</UnitMeasure>
      <BisWeighted>0</BisWeighted>
      <QtyInPackage>1</QtyInPackage>
      <ItemPrice>11.90</ItemPrice>
      <UnitOfMeasurePrice>4.25</UnitOfMeasurePrice>
      <AllowDiscount>0</AllowDiscount>
      <itemStatus>1</itemStatus>
      <LastUpdateDate />
      <LastUpdateTime />
    </Product>
    <Product>
      <PriceUpdateDate>2019/04/05 11:38</PriceUpdateDate>
      <ItemCode>7290013848345</ItemCode>
      <ItemType>1</ItemType>
      <ItemName>מטליות לניקוי לחיטוי ולניקוי 50 יח סנו</ItemName>
      <ManufactureName>החברה הדרומית לשיווק בעמ</ManufactureName>
      <ManufactureCountry />
      <ManufactureItemDescription />
      <UnitQty>יח`</UnitQty>
      <Quantity>1</Quantity>
      <UnitMeasure />
      <BisWeighted>0</BisWeighted>
      <QtyInPackage>1</QtyInPackage>
      <ItemPrice>19.90</ItemPrice>
      <UnitOfMeasurePrice>19.90</UnitOfMeasurePrice>
      <AllowDiscount>0</AllowDiscount>
      <itemStatus>1</itemStatus>
      <LastUpdateDate />
      <LastUpdateTime />
    </Product>
    <Product>
      <PriceUpdateDate>2014/02/12 07:11</PriceUpdateDate>
      <ItemCode>7290013848758</ItemCode>
      <ItemType>1</ItemType>
      <ItemName>סנו מקסימה ג`ל מרוכז בייבי</ItemName>
      <ManufactureName>החברה הדרומית לשיווק בעמ</ManufactureName>
      <ManufactureCountry />
      <ManufactureItemDescription />
      <UnitQty>יח`</UnitQty>
      <Quantity>3</Quantity>
      <UnitMeasure>1 ליטר</UnitMeasure>
      <BisWeighted>0</BisWeighted>
      <QtyInPackage>1</QtyInPackage>
      <ItemPrice>34.90</ItemPrice>
      <UnitOfMeasurePrice>11.63</UnitOfMeasurePrice>
      <AllowDiscount>0</AllowDiscount>
      <itemStatus>1</itemStatus>
      <LastUpdateDate />
      <LastUpdateTime />
    </Product>
    <Product>
      <PriceUpdateDate>2015/05/07 08:32</PriceUpdateDate>
      <ItemCode>7290013861429</ItemCode>
      <ItemType>1</ItemType>
      <ItemName>חטיף שומשום 250  גר`קופסא</ItemName>
      <ManufactureName>דין שיווק וקליה בעמ</ManufactureName>
      <ManufactureCountry />
      <ManufactureItemDescription />
      <UnitQty>יח`</UnitQty>
      <Quantity>250</Quantity>
      <UnitMeasure>גרם</UnitMeasure>
      <BisWeighted>0</BisWeighted>
      <QtyInPackage>1</QtyInPackage>
      <ItemPrice>9.90</ItemPrice>
      <UnitOfMeasurePrice>3.96</UnitOfMeasurePrice>
      <AllowDiscount>0</AllowDiscount>
      <itemStatus>1</itemStatus>
      <LastUpdateDate />
      <LastUpdateTime />
    </Product>
    <Product>
      <PriceUpdateDate>2015/11/30 10:00</PriceUpdateDate>
      <ItemCode>7290013883407</ItemCode>
      <ItemType>1</ItemType>
      <ItemName>דזיטול מרסס לחיטוי כללי 200 (750 מל)</ItemName>
      <ManufactureName>יעקב יעקבי ובניו בעמ</ManufactureName>
      <ManufactureCountry />
      <ManufactureItemDescription />
      <UnitQty>יח`</UnitQty>
      <Quantity>1</Quantity>
      <UnitMeasure />
      <BisWeighted>0</BisWeighted>
      <QtyInPackage>1</QtyInPackage>
      <ItemPrice>20.90</ItemPrice>
      <UnitOfMeasurePrice>20.90</UnitOfMeasurePrice>
      <AllowDiscount>0</AllowDiscount>
      <itemStatus>1</itemStatus>
      <LastUpdateDate />
      <LastUpdateTime />
    </Product>
    <Product>
      <PriceUpdateDate>2017/07/19 13:48</PriceUpdateDate>
      <ItemCode>7290013903594</ItemCode>
      <ItemType>1</ItemType>
      <ItemName>רסק תפוחי עץ ליב 670 גר`</ItemName>
      <ManufactureName>ל.י.ב. (לחיות יותר בטבע) בעמ</ManufactureName>
      <ManufactureCountry />
      <ManufactureItemDescription />
      <UnitQty>יח`</UnitQty>
      <Quantity>670</Quantity>
      <UnitMeasure>גרם</UnitMeasure>
      <BisWeighted>0</BisWeighted>
      <QtyInPackage>1</QtyInPackage>
      <ItemPrice>10.90</ItemPrice>
      <UnitOfMeasurePrice>1.63</UnitOfMeasurePrice>
      <AllowDiscount>0</AllowDiscount>
      <itemStatus>1</itemStatus>
      <LastUpdateDate />
      <LastUpdateTime />
    </Product>
    <Product>
      <PriceUpdateDate>2019/03/24 10:34</PriceUpdateDate>
      <ItemCode>7290013906205</ItemCode>
      <ItemType>1</ItemType>
      <ItemName>פסטרמה שום וצילי טירת צבי (400 גרם)</ItemName>
      <ManufactureName>תנובה קפואים</ManufactureName>
      <ManufactureCountry />
      <ManufactureItemDescription />
      <UnitQty>יח`</UnitQty>
      <Quantity>400</Quantity>
      <UnitMeasure>גרם</UnitMeasure>
      <BisWeighted>0</BisWeighted>
      <QtyInPackage>1</QtyInPackage>
      <ItemPrice>31.90</ItemPrice>
      <UnitOfMeasurePrice>7.98</UnitOfMeasurePrice>
      <AllowDiscount>1</AllowDiscount>
      <itemStatus>1</itemStatus>
      <LastUpdateDate />
      <LastUpdateTime />
    </Product>
    <Product>
      <PriceUpdateDate>2016/08/04 08:35</PriceUpdateDate>
      <ItemCode>7290013927033</ItemCode>
      <ItemType>1</ItemType>
      <ItemName>מעמולים במגש אחוה (600 גרם)</ItemName>
      <ManufactureName>אחדות בעמ</ManufactureName>
      <ManufactureCountry />
      <ManufactureItemDescription />
      <UnitQty>יח`</UnitQty>
      <Quantity>600</Quantity>
      <UnitMeasure>גרם</UnitMeasure>
      <BisWeighted>0</BisWeighted>
      <QtyInPackage>1</QtyInPackage>
      <ItemPrice>9.90</ItemPrice>
      <UnitOfMeasurePrice>1.65</UnitOfMeasurePrice>
      <AllowDiscount>0</AllowDiscount>
      <itemStatus>1</itemStatus>
      <LastUpdateDate />
      <LastUpdateTime />
    </Product>
    <Product>
      <PriceUpdateDate>2015/04/29 14:37</PriceUpdateDate>
      <ItemCode>7290013927040</ItemCode>
      <ItemType>1</ItemType>
      <ItemName>עוגיות ממולאות שוקולד אחוה (600 גרם)</ItemName>
      <ManufactureName>אחדות בעמ</ManufactureName>
      <ManufactureCountry />
      <ManufactureItemDescription />
      <UnitQty>יח`</UnitQty>
      <Quantity>600</Quantity>
      <UnitMeasure>גרם</UnitMeasure>
      <BisWeighted>0</BisWeighted>
      <QtyInPackage>1</QtyInPackage>
      <ItemPrice>10.90</ItemPrice>
      <UnitOfMeasurePrice>1.82</UnitOfMeasurePrice>
      <AllowDiscount>0</AllowDiscount>
      <itemStatus>1</itemStatus>
      <LastUpdateDate />
      <LastUpdateTime />
    </Product>
    <Product>
      <PriceUpdateDate>2014/02/24 10:00</PriceUpdateDate>
      <ItemCode>7290013927125</ItemCode>
      <ItemType>1</ItemType>
      <ItemName>אוזני המן במילוי שוקולד 450  גר`אחוה</ItemName>
      <ManufactureName>אחדות בעמ</ManufactureName>
      <ManufactureCountry />
      <ManufactureItemDescription />
      <UnitQty>יח`</UnitQty>
      <Quantity>450</Quantity>
      <UnitMeasure>גרם</UnitMeasure>
      <BisWeighted>0</BisWeighted>
      <QtyInPackage>1</QtyInPackage>
      <ItemPrice>9.90</ItemPrice>
      <UnitOfMeasurePrice>2.20</UnitOfMeasurePrice>
      <AllowDiscount>0</AllowDiscount>
      <itemStatus>1</itemStatus>
      <LastUpdateDate />
      <LastUpdateTime />
    </Product>
    <Product>
      <PriceUpdateDate>2013/11/17 10:49</PriceUpdateDate>
      <ItemCode>7290013927200</ItemCode>
      <ItemType>1</ItemType>
      <ItemName>עוגת שוקולד צ`יפס 400  גר`אחווה</ItemName>
      <ManufactureName>אחדות בעמ</ManufactureName>
      <ManufactureCountry />
      <ManufactureItemDescription />
      <UnitQty>יח`</UnitQty>
      <Quantity>400</Quantity>
      <UnitMeasure>גרם</UnitMeasure>
      <BisWeighted>0</BisWeighted>
      <QtyInPackage>1</QtyInPackage>
      <ItemPrice>11</ItemPrice>
      <UnitOfMeasurePrice>2.75</UnitOfMeasurePrice>
      <AllowDiscount>0</AllowDiscount>
      <itemStatus>1</itemStatus>
      <LastUpdateDate />
      <LastUpdateTime />
    </Product>
    <Product>
      <PriceUpdateDate>2018/05/10 08:17</PriceUpdateDate>
      <ItemCode>7290013927569</ItemCode>
      <ItemType>1</ItemType>
      <ItemName>ממרח טחינה עם דבש 400 גר` אחווה</ItemName>
      <ManufactureName>אחדות בעמ</ManufactureName>
      <ManufactureCountry />
      <ManufactureItemDescription />
      <UnitQty>יח`</UnitQty>
      <Quantity>400</Quantity>
      <UnitMeasure>גרם</UnitMeasure>
      <BisWeighted>0</BisWeighted>
      <QtyInPackage>1</QtyInPackage>
      <ItemPrice>11.90</ItemPrice>
      <UnitOfMeasurePrice>2.98</UnitOfMeasurePrice>
      <AllowDiscount>1</AllowDiscount>
      <itemStatus>1</itemStatus>
      <LastUpdateDate />
      <LastUpdateTime />
    </Product>
    <Product>
      <PriceUpdateDate>2018/11/08 11:56</PriceUpdateDate>
      <ItemCode>7290013927583</ItemCode>
      <ItemType>1</ItemType>
      <ItemName>רוגעלך וניל עם שוקולד צ`יפס אחוה (400 גר</ItemName>
      <ManufactureName>אחדות בעמ</ManufactureName>
      <ManufactureCountry />
      <ManufactureItemDescription />
      <UnitQty>יח`</UnitQty>
      <Quantity>400</Quantity>
      <UnitMeasure>גרם</UnitMeasure>
      <BisWeighted>0</BisWeighted>
      <QtyInPackage>1</QtyInPackage>
      <ItemPrice>8.90</ItemPrice>
      <UnitOfMeasurePrice>2.23</UnitOfMeasurePrice>
      <AllowDiscount>0</AllowDiscount>
      <itemStatus>1</itemStatus>
      <LastUpdateDate />
      <LastUpdateTime />
    </Product>
    <Product>
      <PriceUpdateDate>2018/11/27 12:05</PriceUpdateDate>
      <ItemCode>7290013927613</ItemCode>
      <ItemType>1</ItemType>
      <ItemName>רוגעלך אחוה טעם שוקו וניל (400 גרם)</ItemName>
      <ManufactureName>אחדות בעמ</ManufactureName>
      <ManufactureCountry />
      <ManufactureItemDescription />
      <UnitQty>יח`</UnitQty>
      <Quantity>400</Quantity>
      <UnitMeasure>גרם</UnitMeasure>
      <BisWeighted>0</BisWeighted>
      <QtyInPackage>1</QtyInPackage>
      <ItemPrice>8.90</ItemPrice>
      <UnitOfMeasurePrice>2.23</UnitOfMeasurePrice>
      <AllowDiscount>0</AllowDiscount>
      <itemStatus>1</itemStatus>
      <LastUpdateDate />
      <LastUpdateTime />
    </Product>
    <Product>
      <PriceUpdateDate>2019/01/16 15:21</PriceUpdateDate>
      <ItemCode>7290013927644</ItemCode>
      <ItemType>1</ItemType>
      <ItemName>עוגיות כתר בטעם תות מגש 400  גר`אחדות</ItemName>
      <ManufactureName>אחדות בעמ</ManufactureName>
      <ManufactureCountry />
      <ManufactureItemDescription />
      <UnitQty>יח`</UnitQty>
      <Quantity>400</Quantity>
      <UnitMeasure>גרם</UnitMeasure>
      <BisWeighted>0</BisWeighted>
      <QtyInPackage>1</QtyInPackage>
      <ItemPrice>8.90</ItemPrice>
      <UnitOfMeasurePrice>2.23</UnitOfMeasurePrice>
      <AllowDiscount>0</AllowDiscount>
      <itemStatus>1</itemStatus>
      <LastUpdateDate />
      <LastUpdateTime />
    </Product>
    <Product>
      <PriceUpdateDate>2019/12/09 12:19</PriceUpdateDate>
      <ItemCode>7290013927903</ItemCode>
      <ItemType>1</ItemType>
      <ItemName>עוגת שמרים קרמל אחוה (400 גרם)</ItemName>
      <ManufactureName>אחדות בעמ</ManufactureName>
      <ManufactureCountry />
      <ManufactureItemDescription />
      <UnitQty>יח`</UnitQty>
      <Quantity>400</Quantity>
      <UnitMeasure>גרם</UnitMeasure>
      <BisWeighted>0</BisWeighted>
      <QtyInPackage>1</QtyInPackage>
      <ItemPrice>10</ItemPrice>
      <UnitOfMeasurePrice>2.50</UnitOfMeasurePrice>
      <AllowDiscount>0</AllowDiscount>
      <itemStatus>1</itemStatus>
      <LastUpdateDate />
      <LastUpdateTime />
    </Product>
    <Product>
      <PriceUpdateDate>2020/05/01 12:30</PriceUpdateDate>
      <ItemCode>7290013927996</ItemCode>
      <ItemType>1</ItemType>
      <ItemName>עוגת שמרים קרנץ בטעם שוקולד 400  גר`אחוו</ItemName>
      <ManufactureName>אחדות בעמ</ManufactureName>
      <ManufactureCountry />
      <ManufactureItemDescription />
      <UnitQty>יח`</UnitQty>
      <Quantity>400</Quantity>
      <UnitMeasure>גרם</UnitMeasure>
      <BisWeighted>0</BisWeighted>
      <QtyInPackage>1</QtyInPackage>
      <ItemPrice>10</ItemPrice>
      <UnitOfMeasurePrice>2.50</UnitOfMeasurePrice>
      <AllowDiscount>0</AllowDiscount>
      <itemStatus>1</itemStatus>
      <LastUpdateDate />
      <LastUpdateTime />
    </Product>
    <Product>
      <PriceUpdateDate>2018/10/11 09:22</PriceUpdateDate>
      <ItemCode>7290014002197</ItemCode>
      <ItemType>1</ItemType>
      <ItemName>הגן הקסום קמומיל לימונית 25 שקיקים</ItemName>
      <ManufactureName>תה ויסוצקי (ישראל) בעמ</ManufactureName>
      <ManufactureCountry />
      <ManufactureItemDescription />
      <UnitQty>יח`</UnitQty>
      <Quantity>37.50</Quantity>
      <UnitMeasure>גרם</UnitMeasure>
      <BisWeighted>0</BisWeighted>
      <QtyInPackage>1</QtyInPackage>
      <ItemPrice>17.50</ItemPrice>
      <UnitOfMeasurePrice>46.67</UnitOfMeasurePrice>
      <AllowDiscount>0</AllowDiscount>
      <itemStatus>1</itemStatus>
      <LastUpdateDate />
      <LastUpdateTime />
    </Product>
    <Product>
      <PriceUpdateDate>2018/10/11 09:22</PriceUpdateDate>
      <ItemCode>7290014002203</ItemCode>
      <ItemType>1</ItemType>
      <ItemName>חליטת לימונית לואיזה ויסוצקי) (25</ItemName>
      <ManufactureName>תה ויסוצקי (ישראל) בעמ</ManufactureName>
      <ManufactureCountry />
      <ManufactureItemDescription />
      <UnitQty>יח`</UnitQty>
      <Quantity>37.50</Quantity>
      <UnitMeasure>גרם</UnitMeasure>
      <BisWeighted>0</BisWeighted>
      <QtyInPackage>1</QtyInPackage>
      <ItemPrice>17.50</ItemPrice>
      <UnitOfMeasurePrice>46.67</UnitOfMeasurePrice>
      <AllowDiscount>0</AllowDiscount>
      <itemStatus>1</itemStatus>
      <LastUpdateDate />
      <LastUpdateTime />
    </Product>
    <Product>
      <PriceUpdateDate>2019/01/30 09:00</PriceUpdateDate>
      <ItemCode>7290014002982</ItemCode>
      <ItemType>1</ItemType>
      <ItemName>תה ירוק סטיביה 25 שקיקים</ItemName>
      <ManufactureName>תה ויסוצקי (ישראל) בעמ</ManufactureName>
      <ManufactureCountry />
      <ManufactureItemDescription />
      <UnitQty>יח`</UnitQty>
      <Quantity>1</Quantity>
      <UnitMeasure />
      <BisWeighted>0</BisWeighted>
      <QtyInPackage>1</QtyInPackage>
      <ItemPrice>24.90</ItemPrice>
      <UnitOfMeasurePrice>24.90</UnitOfMeasurePrice>
      <AllowDiscount>0</AllowDiscount>
      <itemStatus>1</itemStatus>
      <LastUpdateDate />
      <LastUpdateTime />
    </Product>
    <Product>
      <PriceUpdateDate>2017/06/28 11:45</PriceUpdateDate>
      <ItemCode>7290014046016</ItemCode>
      <ItemType>1</ItemType>
      <ItemName>פסטרמה של פעם 100% 250גר`</ItemName>
      <ManufactureName>מעדני יחיעם (1993) בעמ</ManufactureName>
      <ManufactureCountry />
      <ManufactureItemDescription />
      <UnitQty>יח`</UnitQty>
      <Quantity>250</Quantity>
      <UnitMeasure>גרם</UnitMeasure>
      <BisWeighted>0</BisWeighted>
      <QtyInPackage>1</QtyInPackage>
      <ItemPrice>24.90</ItemPrice>
      <UnitOfMeasurePrice>9.96</UnitOfMeasurePrice>
      <AllowDiscount>0</AllowDiscount>
      <itemStatus>1</itemStatus>
      <LastUpdateDate />
      <LastUpdateTime />
    </Product>
    <Product>
      <PriceUpdateDate>2019/11/27 12:33</PriceUpdateDate>
      <ItemCode>7290014046047</ItemCode>
      <ItemType>1</ItemType>
      <ItemName>צמד פסטרמות 600 גר` יחיעם</ItemName>
      <ManufactureName>מעדני יחיעם (1993) בעמ</ManufactureName>
      <ManufactureCountry />
      <ManufactureItemDescription />
      <UnitQty>יח`</UnitQty>
      <Quantity>600</Quantity>
      <UnitMeasure>גרם</UnitMeasure>
      <BisWeighted>0</BisWeighted>
      <QtyInPackage>1</QtyInPackage>
      <ItemPrice>25.90</ItemPrice>
      <UnitOfMeasurePrice>4.32</UnitOfMeasurePrice>
      <AllowDiscount>0</AllowDiscount>
      <itemStatus>1</itemStatus>
      <LastUpdateDate />
      <LastUpdateTime />
    </Product>
    <Product>
      <PriceUpdateDate>2017/01/25 08:36</PriceUpdateDate>
      <ItemCode>7290014046474</ItemCode>
      <ItemType>1</ItemType>
      <ItemName>נקניקיות עוף 1.5 קג</ItemName>
      <ManufactureName>מעדני יחיעם (1993) בעמ</ManufactureName>
      <ManufactureCountry />
      <ManufactureItemDescription />
      <UnitQty>יח`</UnitQty>
      <Quantity>1</Quantity>
      <UnitMeasure />
      <BisWeighted>0</BisWeighted>
      <QtyInPackage>1</QtyInPackage>
      <ItemPrice>29.90</ItemPrice>
      <UnitOfMeasurePrice>29.90</UnitOfMeasurePrice>
      <AllowDiscount>1</AllowDiscount>
      <itemStatus>1</itemStatus>
      <LastUpdateDate />
      <LastUpdateTime />
    </Product>
    <Product>
      <PriceUpdateDate>2015/05/27 12:15</PriceUpdateDate>
      <ItemCode>7290014059085</ItemCode>
      <ItemType>1</ItemType>
      <ItemName>סנסודיין שיקום והגנה 75 מל</ItemName>
      <ManufactureName>גורי ע.ע.ע בעמ</ManufactureName>
      <ManufactureCountry />
      <ManufactureItemDescription />
      <UnitQty>יח`</UnitQty>
      <Quantity>75</Quantity>
      <UnitMeasure>מ"ל</UnitMeasure>
      <BisWeighted>0</BisWeighted>
      <QtyInPackage>1</QtyInPackage>
      <ItemPrice>25.90</ItemPrice>
      <UnitOfMeasurePrice>34.53</UnitOfMeasurePrice>
      <AllowDiscount>0</AllowDiscount>
      <itemStatus>1</itemStatus>
      <LastUpdateDate />
      <LastUpdateTime />
    </Product>
    <Product>
      <PriceUpdateDate>2015/05/27 12:15</PriceUpdateDate>
      <ItemCode>7290014059436</ItemCode>
      <ItemType>1</ItemType>
      <ItemName>סנסודיין שיקום והגנה מלבינה 75 מל</ItemName>
      <ManufactureName>גורי ע.ע.ע בעמ</ManufactureName>
      <ManufactureCountry />
      <ManufactureItemDescription />
      <UnitQty>יח`</UnitQty>
      <Quantity>75</Quantity>
      <UnitMeasure>מ"ל</UnitMeasure>
      <BisWeighted>0</BisWeighted>
      <QtyInPackage>1</QtyInPackage>
      <ItemPrice>26</ItemPrice>
      <UnitOfMeasurePrice>34.67</UnitOfMeasurePrice>
      <AllowDiscount>0</AllowDiscount>
      <itemStatus>1</itemStatus>
      <LastUpdateDate />
      <LastUpdateTime />
    </Product>
    <Product>
      <PriceUpdateDate>2014/05/11 08:47</PriceUpdateDate>
      <ItemCode>7290014083813</ItemCode>
      <ItemType>1</ItemType>
      <ItemName>שפורטים בשמן וילי פוד (190 גרם)</ItemName>
      <ManufactureName>ג.וילי-פוד אינטרנשיונל בעמ</ManufactureName>
      <ManufactureCountry />
      <ManufactureItemDescription />
      <UnitQty>יח`</UnitQty>
      <Quantity>190</Quantity>
      <UnitMeasure>גרם</UnitMeasure>
      <BisWeighted>0</BisWeighted>
      <QtyInPackage>1</QtyInPackage>
      <ItemPrice>8.90</ItemPrice>
      <UnitOfMeasurePrice>4.68</UnitOfMeasurePrice>
      <AllowDiscount>0</AllowDiscount>
      <itemStatus>1</itemStatus>
      <LastUpdateDate />
      <LastUpdateTime />
    </Product>
    <Product>
      <PriceUpdateDate>2016/09/21 10:01</PriceUpdateDate>
      <ItemCode>7290014094338</ItemCode>
      <ItemType>1</ItemType>
      <ItemName>גרעיני דלעת קלופים ששון הקולה (250 גרם)</ItemName>
      <ManufactureName>דין שיווק וקליה בעמ</ManufactureName>
      <ManufactureCountry />
      <ManufactureItemDescription />
      <UnitQty>יח`</UnitQty>
      <Quantity>250</Quantity>
      <UnitMeasure>גרם</UnitMeasure>
      <BisWeighted>0</BisWeighted>
      <QtyInPackage>1</QtyInPackage>
      <ItemPrice>13.90</ItemPrice>
      <UnitOfMeasurePrice>5.56</UnitOfMeasurePrice>
      <AllowDiscount>0</AllowDiscount>
      <itemStatus>1</itemStatus>
      <LastUpdateDate />
      <LastUpdateTime />
    </Product>
    <Product>
      <PriceUpdateDate>2016/09/21 10:01</PriceUpdateDate>
      <ItemCode>7290014094345</ItemCode>
      <ItemType>1</ItemType>
      <ItemName>ששון הקולה גרעיני חמניה קלופים</ItemName>
      <ManufactureName>דין שיווק וקליה בעמ</ManufactureName>
      <ManufactureCountry />
      <ManufactureItemDescription />
      <UnitQty>יח`</UnitQty>
      <Quantity>300</Quantity>
      <UnitMeasure>גרם</UnitMeasure>
      <BisWeighted>0</BisWeighted>
      <QtyInPackage>1</QtyInPackage>
      <ItemPrice>9.90</ItemPrice>
      <UnitOfMeasurePrice>3.30</UnitOfMeasurePrice>
      <AllowDiscount>0</AllowDiscount>
      <itemStatus>1</itemStatus>
      <LastUpdateDate />
      <LastUpdateTime />
    </Product>
    <Product>
      <PriceUpdateDate>2019/12/22 09:38</PriceUpdateDate>
      <ItemCode>7290014094352</ItemCode>
      <ItemType>1</ItemType>
      <ItemName>אגוז מלך טבעי ששון הקולה (200 גרם)</ItemName>
      <ManufactureName>דין שיווק וקליה בעמ</ManufactureName>
      <ManufactureCountry />
      <ManufactureItemDescription />
      <UnitQty>יח`</UnitQty>
      <Quantity>200</Quantity>
      <UnitMeasure>גרם</UnitMeasure>
      <BisWeighted>0</BisWeighted>
      <QtyInPackage>1</QtyInPackage>
      <ItemPrice>15.90</ItemPrice>
      <UnitOfMeasurePrice>7.95</UnitOfMeasurePrice>
      <AllowDiscount>0</AllowDiscount>
      <itemStatus>1</itemStatus>
      <LastUpdateDate />
      <LastUpdateTime />
    </Product>
    <Product>
      <PriceUpdateDate>2018/03/04 13:00</PriceUpdateDate>
      <ItemCode>7290014094369</ItemCode>
      <ItemType>1</ItemType>
      <ItemName>שקד טבעי קלוף ששון הקולה (200 גרם)</ItemName>
      <ManufactureName>דין שיווק וקליה בעמ</ManufactureName>
      <ManufactureCountry />
      <ManufactureItemDescription />
      <UnitQty>יח`</UnitQty>
      <Quantity>200</Quantity>
      <UnitMeasure>גרם</UnitMeasure>
      <BisWeighted>0</BisWeighted>
      <QtyInPackage>1</QtyInPackage>
      <ItemPrice>19.90</ItemPrice>
      <UnitOfMeasurePrice>9.95</UnitOfMeasurePrice>
      <AllowDiscount>0</AllowDiscount>
      <itemStatus>1</itemStatus>
      <LastUpdateDate />
      <LastUpdateTime />
    </Product>
    <Product>
      <PriceUpdateDate>2019/12/22 09:38</PriceUpdateDate>
      <ItemCode>7290014094376</ItemCode>
      <ItemType>1</ItemType>
      <ItemName>שזיפים ללא גלעין (330 גרם)</ItemName>
      <ManufactureName>דין שיווק וקליה בעמ</ManufactureName>
      <ManufactureCountry />
      <ManufactureItemDescription />
      <UnitQty>יח`</UnitQty>
      <Quantity>330</Quantity>
      <UnitMeasure>גרם</UnitMeasure>
      <BisWeighted>0</BisWeighted>
      <QtyInPackage>1</QtyInPackage>
      <ItemPrice>13.90</ItemPrice>
      <UnitOfMeasurePrice>4.21</UnitOfMeasurePrice>
      <AllowDiscount>0</AllowDiscount>
      <itemStatus>1</itemStatus>
      <LastUpdateDate />
      <LastUpdateTime />
    </Product>
    <Product>
      <PriceUpdateDate>2019/12/22 09:38</PriceUpdateDate>
      <ItemCode>7290014094383</ItemCode>
      <ItemType>1</ItemType>
      <ItemName>משמש בקופסא ששון הקולה (330 גרם)</ItemName>
      <ManufactureName>דין שיווק וקליה בעמ</ManufactureName>
      <ManufactureCountry />
      <ManufactureItemDescription />
      <UnitQty>יח`</UnitQty>
      <Quantity>300</Quantity>
      <UnitMeasure>גרם</UnitMeasure>
      <BisWeighted>0</BisWeighted>
      <QtyInPackage>1</QtyInPackage>
      <ItemPrice>13.90</ItemPrice>
      <UnitOfMeasurePrice>4.63</UnitOfMeasurePrice>
      <AllowDiscount>0</AllowDiscount>
      <itemStatus>1</itemStatus>
      <LastUpdateDate />
      <LastUpdateTime />
    </Product>
    <Product>
      <PriceUpdateDate>2019/12/22 09:38</PriceUpdateDate>
      <ItemCode>7290014094390</ItemCode>
      <ItemType>1</ItemType>
      <ItemName>חמוציות מסוכרות ששון הקולה (330 גרם)</ItemName>
      <ManufactureName>דין שיווק וקליה בעמ</ManufactureName>
      <ManufactureCountry />
      <ManufactureItemDescription />
      <UnitQty>יח`</UnitQty>
      <Quantity>330</Quantity>
      <UnitMeasure>גרם</UnitMeasure>
      <BisWeighted>0</BisWeighted>
      <QtyInPackage>1</QtyInPackage>
      <ItemPrice>11.90</ItemPrice>
      <UnitOfMeasurePrice>3.61</UnitOfMeasurePrice>
      <AllowDiscount>0</AllowDiscount>
      <itemStatus>1</itemStatus>
      <LastUpdateDate />
      <LastUpdateTime />
    </Product>
    <Product>
      <PriceUpdateDate>2019/12/22 09:38</PriceUpdateDate>
      <ItemCode>7290014094406</ItemCode>
      <ItemType>1</ItemType>
      <ItemName>צימוק לבן ששון הקולה (330 גרם)</ItemName>
      <ManufactureName>דין שיווק וקליה בעמ</ManufactureName>
      <ManufactureCountry />
      <ManufactureItemDescription />
      <UnitQty>יח`</UnitQty>
      <Quantity>330</Quantity>
      <UnitMeasure>גרם</UnitMeasure>
      <BisWeighted>0</BisWeighted>
      <QtyInPackage>1</QtyInPackage>
      <ItemPrice>13.90</ItemPrice>
      <UnitOfMeasurePrice>4.21</UnitOfMeasurePrice>
      <AllowDiscount>0</AllowDiscount>
      <itemStatus>1</itemStatus>
      <LastUpdateDate />
      <LastUpdateTime />
    </Product>
    <Product>
      <PriceUpdateDate>2015/12/01 18:43</PriceUpdateDate>
      <ItemCode>7290014094505</ItemCode>
      <ItemType>1</ItemType>
      <ItemName>אורז בסמטי אהרוני (1 קג)</ItemName>
      <ManufactureName>דין שיווק וקליה בעמ</ManufactureName>
      <ManufactureCountry />
      <ManufactureItemDescription />
      <UnitQty>יח`</UnitQty>
      <Quantity>1</Quantity>
      <UnitMeasure>ק"ג</UnitMeasure>
      <BisWeighted>0</BisWeighted>
      <QtyInPackage>1</QtyInPackage>
      <ItemPrice>12.90</ItemPrice>
      <UnitOfMeasurePrice>12.90</UnitOfMeasurePrice>
      <AllowDiscount>1</AllowDiscount>
      <itemStatus>1</itemStatus>
      <LastUpdateDate />
      <LastUpdateTime />
    </Product>
    <Product>
      <PriceUpdateDate>2019/12/22 09:38</PriceUpdateDate>
      <ItemCode>7290014094628</ItemCode>
      <ItemType>1</ItemType>
      <ItemName>פקאן טבעי ששון הקולה (200 גרם)</ItemName>
      <ManufactureName>דין שיווק וקליה בעמ</ManufactureName>
      <ManufactureCountry />
      <ManufactureItemDescription />
      <UnitQty>יח`</UnitQty>
      <Quantity>200</Quantity>
      <UnitMeasure>גרם</UnitMeasure>
      <BisWeighted>0</BisWeighted>
      <QtyInPackage>1</QtyInPackage>
      <ItemPrice>23.90</ItemPrice>
      <UnitOfMeasurePrice>11.95</UnitOfMeasurePrice>
      <AllowDiscount>0</AllowDiscount>
      <itemStatus>1</itemStatus>
      <LastUpdateDate />
      <LastUpdateTime />
    </Product>
    <Product>
      <PriceUpdateDate>2019/12/22 09:38</PriceUpdateDate>
      <ItemCode>7290014094642</ItemCode>
      <ItemType>1</ItemType>
      <ItemName>אגוזי קשיו טבעיים ששון הקולה (250 גרם)</ItemName>
      <ManufactureName>דין שיווק וקליה בעמ</ManufactureName>
      <ManufactureCountry />
      <ManufactureItemDescription />
      <UnitQty>יח`</UnitQty>
      <Quantity>200</Quantity>
      <UnitMeasure>גרם</UnitMeasure>
      <BisWeighted>0</BisWeighted>
      <QtyInPackage>1</QtyInPackage>
      <ItemPrice>23.90</ItemPrice>
      <UnitOfMeasurePrice>11.95</UnitOfMeasurePrice>
      <AllowDiscount>0</AllowDiscount>
      <itemStatus>1</itemStatus>
      <LastUpdateDate />
      <LastUpdateTime />
    </Product>
    <Product>
      <PriceUpdateDate>2020/01/06 08:17</PriceUpdateDate>
      <ItemCode>7290014094796</ItemCode>
      <ItemType>1</ItemType>
      <ItemName>שקדיה משמש ג 300</ItemName>
      <ManufactureName>דין שיווק וקליה בעמ</ManufactureName>
      <ManufactureCountry />
      <ManufactureItemDescription />
      <UnitQty>יח`</UnitQty>
      <Quantity>1</Quantity>
      <UnitMeasure />
      <BisWeighted>0</BisWeighted>
      <QtyInPackage>1</QtyInPackage>
      <ItemPrice>12.90</ItemPrice>
      <UnitOfMeasurePrice>12.90</UnitOfMeasurePrice>
      <AllowDiscount>0</AllowDiscount>
      <itemStatus>1</itemStatus>
      <LastUpdateDate />
      <LastUpdateTime />
    </Product>
    <Product>
      <PriceUpdateDate>2020/01/06 08:17</PriceUpdateDate>
      <ItemCode>7290014094802</ItemCode>
      <ItemType>1</ItemType>
      <ItemName>שזיפים מיובשים 300 גר</ItemName>
      <ManufactureName>דין שיווק וקליה בעמ</ManufactureName>
      <ManufactureCountry />
      <ManufactureItemDescription />
      <UnitQty>יח`</UnitQty>
      <Quantity>300</Quantity>
      <UnitMeasure>גרם</UnitMeasure>
      <BisWeighted>0</BisWeighted>
      <QtyInPackage>1</QtyInPackage>
      <ItemPrice>12.90</ItemPrice>
      <UnitOfMeasurePrice>4.30</UnitOfMeasurePrice>
      <AllowDiscount>0</AllowDiscount>
      <itemStatus>1</itemStatus>
      <LastUpdateDate />
      <LastUpdateTime />
    </Product>
    <Product>
      <PriceUpdateDate>2020/01/06 08:17</PriceUpdateDate>
      <ItemCode>7290014094826</ItemCode>
      <ItemType>1</ItemType>
      <ItemName>שזיפים ללא גלעין 300 גר</ItemName>
      <ManufactureName>דין שיווק וקליה בעמ</ManufactureName>
      <ManufactureCountry />
      <ManufactureItemDescription />
      <UnitQty>יח`</UnitQty>
      <Quantity>300</Quantity>
      <UnitMeasure>גרם</UnitMeasure>
      <BisWeighted>0</BisWeighted>
      <QtyInPackage>1</QtyInPackage>
      <ItemPrice>13.90</ItemPrice>
      <UnitOfMeasurePrice>4.63</UnitOfMeasurePrice>
      <AllowDiscount>0</AllowDiscount>
      <itemStatus>1</itemStatus>
      <LastUpdateDate />
      <LastUpdateTime />
    </Product>
    <Product>
      <PriceUpdateDate>2019/12/19 09:42</PriceUpdateDate>
      <ItemCode>7290014094840</ItemCode>
      <ItemType>1</ItemType>
      <ItemName>צימוק חום 300 גר ששון הקולה</ItemName>
      <ManufactureName>דין שיווק וקליה בעמ</ManufactureName>
      <ManufactureCountry />
      <ManufactureItemDescription />
      <UnitQty>יח`</UnitQty>
      <Quantity>300</Quantity>
      <UnitMeasure>גרם</UnitMeasure>
      <BisWeighted>0</BisWeighted>
      <QtyInPackage>1</QtyInPackage>
      <ItemPrice>10.90</ItemPrice>
      <UnitOfMeasurePrice>3.63</UnitOfMeasurePrice>
      <AllowDiscount>0</AllowDiscount>
      <itemStatus>1</itemStatus>
      <LastUpdateDate />
      <LastUpdateTime />
    </Product>
    <Product>
      <PriceUpdateDate>2019/08/07 17:06</PriceUpdateDate>
      <ItemCode>7290014094864</ItemCode>
      <ItemType>1</ItemType>
      <ItemName>פיסטוק קלוי 170  גר`ששון הקולה</ItemName>
      <ManufactureName>דין שיווק וקליה בעמ</ManufactureName>
      <ManufactureCountry />
      <ManufactureItemDescription />
      <UnitQty>יח`</UnitQty>
      <Quantity>170</Quantity>
      <UnitMeasure>גרם</UnitMeasure>
      <BisWeighted>0</BisWeighted>
      <QtyInPackage>1</QtyInPackage>
      <ItemPrice>16.90</ItemPrice>
      <UnitOfMeasurePrice>9.94</UnitOfMeasurePrice>
      <AllowDiscount>0</AllowDiscount>
      <itemStatus>1</itemStatus>
      <LastUpdateDate />
      <LastUpdateTime />
    </Product>
    <Product>
      <PriceUpdateDate>2019/07/31 11:07</PriceUpdateDate>
      <ItemCode>7290014094895</ItemCode>
      <ItemType>1</ItemType>
      <ItemName>אגוזי מלך קלופים ששון הקולה (150 גרם)</ItemName>
      <ManufactureName>דין שיווק וקליה בעמ</ManufactureName>
      <ManufactureCountry />
      <ManufactureItemDescription />
      <UnitQty>יח`</UnitQty>
      <Quantity>150</Quantity>
      <UnitMeasure>גרם</UnitMeasure>
      <BisWeighted>0</BisWeighted>
      <QtyInPackage>1</QtyInPackage>
      <ItemPrice>10.90</ItemPrice>
      <UnitOfMeasurePrice>7.27</UnitOfMeasurePrice>
      <AllowDiscount>0</AllowDiscount>
      <itemStatus>1</itemStatus>
      <LastUpdateDate />
      <LastUpdateTime />
    </Product>
    <Product>
      <PriceUpdateDate>2017/12/31 15:32</PriceUpdateDate>
      <ItemCode>7290014094901</ItemCode>
      <ItemType>1</ItemType>
      <ItemName>פקאן טבעי 150 גר`</ItemName>
      <ManufactureName>דין שיווק וקליה בעמ</ManufactureName>
      <ManufactureCountry />
      <ManufactureItemDescription />
      <UnitQty>יח`</UnitQty>
      <Quantity>150</Quantity>
      <UnitMeasure>גרם</UnitMeasure>
      <BisWeighted>0</BisWeighted>
      <QtyInPackage>1</QtyInPackage>
      <ItemPrice>19.90</ItemPrice>
      <UnitOfMeasurePrice>13.27</UnitOfMeasurePrice>
      <AllowDiscount>0</AllowDiscount>
      <itemStatus>1</itemStatus>
      <LastUpdateDate />
      <LastUpdateTime />
    </Product>
    <Product>
      <PriceUpdateDate>2015/05/07 08:32</PriceUpdateDate>
      <ItemCode>7290014095861</ItemCode>
      <ItemType>1</ItemType>
      <ItemName>שיבולת שועל דקה שקדיה (500 גרם)</ItemName>
      <ManufactureName>דין שיווק וקליה בעמ</ManufactureName>
      <ManufactureCountry />
      <ManufactureItemDescription />
      <UnitQty>יח`</UnitQty>
      <Quantity>500</Quantity>
      <UnitMeasure>גרם</UnitMeasure>
      <BisWeighted>0</BisWeighted>
      <QtyInPackage>1</QtyInPackage>
      <ItemPrice>5.90</ItemPrice>
      <UnitOfMeasurePrice>1.18</UnitOfMeasurePrice>
      <AllowDiscount>1</AllowDiscount>
      <itemStatus>1</itemStatus>
      <LastUpdateDate />
      <LastUpdateTime />
    </Product>
    <Product>
      <PriceUpdateDate>2016/01/03 08:46</PriceUpdateDate>
      <ItemCode>7290014095946</ItemCode>
      <ItemType>1</ItemType>
      <ItemName>משוקלדים שקד מריר 160 גר` בקופסא</ItemName>
      <ManufactureName>דין שיווק וקליה בעמ</ManufactureName>
      <ManufactureCountry />
      <ManufactureItemDescription />
      <UnitQty>יח`</UnitQty>
      <Quantity>160</Quantity>
      <UnitMeasure>גרם</UnitMeasure>
      <BisWeighted>0</BisWeighted>
      <QtyInPackage>1</QtyInPackage>
      <ItemPrice>11.90</ItemPrice>
      <UnitOfMeasurePrice>7.44</UnitOfMeasurePrice>
      <AllowDiscount>1</AllowDiscount>
      <itemStatus>1</itemStatus>
      <LastUpdateDate />
      <LastUpdateTime />
    </Product>
    <Product>
      <PriceUpdateDate>2016/01/03 08:46</PriceUpdateDate>
      <ItemCode>7290014095953</ItemCode>
      <ItemType>1</ItemType>
      <ItemName>משוקלדים פקאן חלב 160 גר` בקופסא</ItemName>
      <ManufactureName>דין שיווק וקליה בעמ</ManufactureName>
      <ManufactureCountry />
      <ManufactureItemDescription />
      <UnitQty>יח`</UnitQty>
      <Quantity>160</Quantity>
      <UnitMeasure>גרם</UnitMeasure>
      <BisWeighted>0</BisWeighted>
      <QtyInPackage>1</QtyInPackage>
      <ItemPrice>11.90</ItemPrice>
      <UnitOfMeasurePrice>7.44</UnitOfMeasurePrice>
      <AllowDiscount>1</AllowDiscount>
      <itemStatus>1</itemStatus>
      <LastUpdateDate />
      <LastUpdateTime />
    </Product>
    <Product>
      <PriceUpdateDate>2015/05/07 08:32</PriceUpdateDate>
      <ItemCode>7290014095960</ItemCode>
      <ItemType>1</ItemType>
      <ItemName>שיבולת שועל עבה שקדיה (500 גרם)</ItemName>
      <ManufactureName>דין שיווק וקליה בעמ</ManufactureName>
      <ManufactureCountry />
      <ManufactureItemDescription />
      <UnitQty>יח`</UnitQty>
      <Quantity>500</Quantity>
      <UnitMeasure>גרם</UnitMeasure>
      <BisWeighted>0</BisWeighted>
      <QtyInPackage>1</QtyInPackage>
      <ItemPrice>5.90</ItemPrice>
      <UnitOfMeasurePrice>1.18</UnitOfMeasurePrice>
      <AllowDiscount>1</AllowDiscount>
      <itemStatus>1</itemStatus>
      <LastUpdateDate />
      <LastUpdateTime />
    </Product>
    <Product>
      <PriceUpdateDate>2015/10/15 09:05</PriceUpdateDate>
      <ItemCode>7290014204645</ItemCode>
      <ItemType>1</ItemType>
      <ItemName>שמפו לאחר החלקה 750 מל פנינה רוזנבלום</ItemName>
      <ManufactureName>פנינה רוזנבלום בעמ</ManufactureName>
      <ManufactureCountry />
      <ManufactureItemDescription />
      <UnitQty>יח`</UnitQty>
      <Quantity>750</Quantity>
      <UnitMeasure>מ"ל</UnitMeasure>
      <BisWeighted>0</BisWeighted>
      <QtyInPackage>1</QtyInPackage>
      <ItemPrice>29.90</ItemPrice>
      <UnitOfMeasurePrice>3.99</UnitOfMeasurePrice>
      <AllowDiscount>1</AllowDiscount>
      <itemStatus>1</itemStatus>
      <LastUpdateDate />
      <LastUpdateTime />
    </Product>
    <Product>
      <PriceUpdateDate>2014/11/14 06:24</PriceUpdateDate>
      <ItemCode>7290014204706</ItemCode>
      <ItemType>1</ItemType>
      <ItemName>אלסבון 1 ליטר משאבה קורל פנינה רוזנבלום</ItemName>
      <ManufactureName>פנינה רוזנבלום בעמ</ManufactureName>
      <ManufactureCountry />
      <ManufactureItemDescription />
      <UnitQty>יח`</UnitQty>
      <Quantity>1</Quantity>
      <UnitMeasure>1 ליטר</UnitMeasure>
      <BisWeighted>0</BisWeighted>
      <QtyInPackage>1</QtyInPackage>
      <ItemPrice>9.90</ItemPrice>
      <UnitOfMeasurePrice>9.90</UnitOfMeasurePrice>
      <AllowDiscount>0</AllowDiscount>
      <itemStatus>1</itemStatus>
      <LastUpdateDate />
      <LastUpdateTime />
    </Product>
    <Product>
      <PriceUpdateDate>2015/10/03 22:21</PriceUpdateDate>
      <ItemCode>7290014204713</ItemCode>
      <ItemType>1</ItemType>
      <ItemName>תרסיס מבשם גוף פנינה 250 מל</ItemName>
      <ManufactureName>פנינה רוזנבלום בעמ</ManufactureName>
      <ManufactureCountry />
      <ManufactureItemDescription />
      <UnitQty>יח`</UnitQty>
      <Quantity>250</Quantity>
      <UnitMeasure>מ"ל</UnitMeasure>
      <BisWeighted>0</BisWeighted>
      <QtyInPackage>1</QtyInPackage>
      <ItemPrice>27.90</ItemPrice>
      <UnitOfMeasurePrice>11.16</UnitOfMeasurePrice>
      <AllowDiscount>0</AllowDiscount>
      <itemStatus>1</itemStatus>
      <LastUpdateDate />
      <LastUpdateTime />
    </Product>
    <Product>
      <PriceUpdateDate>2018/02/14 12:16</PriceUpdateDate>
      <ItemCode>7290014217065</ItemCode>
      <ItemType>1</ItemType>
      <ItemName>אורגנו עלים 30 גר`</ItemName>
      <ManufactureName>תבליני טעם וריח בעמ</ManufactureName>
      <ManufactureCountry />
      <ManufactureItemDescription />
      <UnitQty>יח`</UnitQty>
      <Quantity>30</Quantity>
      <UnitMeasure>גרם</UnitMeasure>
      <BisWeighted>0</BisWeighted>
      <QtyInPackage>1</QtyInPackage>
      <ItemPrice>8.90</ItemPrice>
      <UnitOfMeasurePrice>29.67</UnitOfMeasurePrice>
      <AllowDiscount>0</AllowDiscount>
      <itemStatus>1</itemStatus>
      <LastUpdateDate />
      <LastUpdateTime />
    </Product>
    <Product>
      <PriceUpdateDate>2018/02/14 09:07</PriceUpdateDate>
      <ItemCode>7290014217119</ItemCode>
      <ItemType>1</ItemType>
      <ItemName>תערובת לצ`יפס 100 גר`</ItemName>
      <ManufactureName>תבליני טעם וריח בעמ</ManufactureName>
      <ManufactureCountry />
      <ManufactureItemDescription />
      <UnitQty>יח`</UnitQty>
      <Quantity>100</Quantity>
      <UnitMeasure>גרם</UnitMeasure>
      <BisWeighted>0</BisWeighted>
      <QtyInPackage>1</QtyInPackage>
      <ItemPrice>8.90</ItemPrice>
      <UnitOfMeasurePrice>8.90</UnitOfMeasurePrice>
      <AllowDiscount>0</AllowDiscount>
      <itemStatus>1</itemStatus>
      <LastUpdateDate />
      <LastUpdateTime />
    </Product>
    <Product>
      <PriceUpdateDate>2018/02/14 12:16</PriceUpdateDate>
      <ItemCode>7290014217140</ItemCode>
      <ItemType>1</ItemType>
      <ItemName>ראס אל חנות 100 גר`</ItemName>
      <ManufactureName>תבליני טעם וריח בעמ</ManufactureName>
      <ManufactureCountry />
      <ManufactureItemDescription />
      <UnitQty>יח`</UnitQty>
      <Quantity>100</Quantity>
      <UnitMeasure>גרם</UnitMeasure>
      <BisWeighted>0</BisWeighted>
      <QtyInPackage>1</QtyInPackage>
      <ItemPrice>8.90</ItemPrice>
      <UnitOfMeasurePrice>8.90</UnitOfMeasurePrice>
      <AllowDiscount>0</AllowDiscount>
      <itemStatus>1</itemStatus>
      <LastUpdateDate />
      <LastUpdateTime />
    </Product>
    <Product>
      <PriceUpdateDate>2018/02/14 12:16</PriceUpdateDate>
      <ItemCode>7290014217157</ItemCode>
      <ItemType>1</ItemType>
      <ItemName>תיבול טוסקנה 120 גר`</ItemName>
      <ManufactureName>תבליני טעם וריח בעמ</ManufactureName>
      <ManufactureCountry />
      <ManufactureItemDescription />
      <UnitQty>יח`</UnitQty>
      <Quantity>120</Quantity>
      <UnitMeasure>גרם</UnitMeasure>
      <BisWeighted>0</BisWeighted>
      <QtyInPackage>1</QtyInPackage>
      <ItemPrice>8.90</ItemPrice>
      <UnitOfMeasurePrice>7.42</UnitOfMeasurePrice>
      <AllowDiscount>0</AllowDiscount>
      <itemStatus>1</itemStatus>
      <LastUpdateDate />
      <LastUpdateTime />
    </Product>
    <Product>
      <PriceUpdateDate>2018/02/14 12:16</PriceUpdateDate>
      <ItemCode>7290014217225</ItemCode>
      <ItemType>1</ItemType>
      <ItemName>גריל עוף 120 גר`</ItemName>
      <ManufactureName>תבליני טעם וריח בעמ</ManufactureName>
      <ManufactureCountry />
      <ManufactureItemDescription />
      <UnitQty>יח`</UnitQty>
      <Quantity>120</Quantity>
      <UnitMeasure>גרם</UnitMeasure>
      <BisWeighted>0</BisWeighted>
      <QtyInPackage>1</QtyInPackage>
      <ItemPrice>8.90</ItemPrice>
      <UnitOfMeasurePrice>7.42</UnitOfMeasurePrice>
      <AllowDiscount>0</AllowDiscount>
      <itemStatus>1</itemStatus>
      <LastUpdateDate />
      <LastUpdateTime />
    </Product>
    <Product>
      <PriceUpdateDate>2018/02/14 12:16</PriceUpdateDate>
      <ItemCode>7290014217263</ItemCode>
      <ItemType>1</ItemType>
      <ItemName>תיבול לפרגית 100 גר`</ItemName>
      <ManufactureName>תבליני טעם וריח בעמ</ManufactureName>
      <ManufactureCountry />
      <ManufactureItemDescription />
      <UnitQty>יח`</UnitQty>
      <Quantity>100</Quantity>
      <UnitMeasure>גרם</UnitMeasure>
      <BisWeighted>0</BisWeighted>
      <QtyInPackage>1</QtyInPackage>
      <ItemPrice>8.90</ItemPrice>
      <UnitOfMeasurePrice>8.90</UnitOfMeasurePrice>
      <AllowDiscount>0</AllowDiscount>
      <itemStatus>1</itemStatus>
      <LastUpdateDate />
      <LastUpdateTime />
    </Product>
    <Product>
      <PriceUpdateDate>2018/02/14 12:16</PriceUpdateDate>
      <ItemCode>7290014217348</ItemCode>
      <ItemType>1</ItemType>
      <ItemName>צ`ילי כתוש 70 גר`</ItemName>
      <ManufactureName>תבליני טעם וריח בעמ</ManufactureName>
      <ManufactureCountry />
      <ManufactureItemDescription />
      <UnitQty>יח`</UnitQty>
      <Quantity>70</Quantity>
      <UnitMeasure>גרם</UnitMeasure>
      <BisWeighted>0</BisWeighted>
      <QtyInPackage>1</QtyInPackage>
      <ItemPrice>8.90</ItemPrice>
      <UnitOfMeasurePrice>12.71</UnitOfMeasurePrice>
      <AllowDiscount>0</AllowDiscount>
      <itemStatus>1</itemStatus>
      <LastUpdateDate />
      <LastUpdateTime />
    </Product>
    <Product>
      <PriceUpdateDate>2018/02/15 07:15</PriceUpdateDate>
      <ItemCode>7290014217362</ItemCode>
      <ItemType>1</ItemType>
      <ItemName>תיבול לקציצות 100 גר`</ItemName>
      <ManufactureName>תבליני טעם וריח בעמ</ManufactureName>
      <ManufactureCountry />
      <ManufactureItemDescription />
      <UnitQty>יח`</UnitQty>
      <Quantity>100</Quantity>
      <UnitMeasure>גרם</UnitMeasure>
      <BisWeighted>0</BisWeighted>
      <QtyInPackage>1</QtyInPackage>
      <ItemPrice>8.90</ItemPrice>
      <UnitOfMeasurePrice>8.90</UnitOfMeasurePrice>
      <AllowDiscount>0</AllowDiscount>
      <itemStatus>1</itemStatus>
      <LastUpdateDate />
      <LastUpdateTime />
    </Product>
    <Product>
      <PriceUpdateDate>2019/08/20 08:24</PriceUpdateDate>
      <ItemCode>7290014217584</ItemCode>
      <ItemType>1</ItemType>
      <ItemName>מטחנת לקט פלפל ארבע עונות 30 גר`</ItemName>
      <ManufactureName>תבליני טעם וריח בעמ</ManufactureName>
      <ManufactureCountry />
      <ManufactureItemDescription />
      <UnitQty>יח`</UnitQty>
      <Quantity>30</Quantity>
      <UnitMeasure>גרם</UnitMeasure>
      <BisWeighted>0</BisWeighted>
      <QtyInPackage>1</QtyInPackage>
      <ItemPrice>12.90</ItemPrice>
      <UnitOfMeasurePrice>43</UnitOfMeasurePrice>
      <AllowDiscount>0</AllowDiscount>
      <itemStatus>1</itemStatus>
      <LastUpdateDate />
      <LastUpdateTime />
    </Product>
    <Product>
      <PriceUpdateDate>2019/08/20 08:24</PriceUpdateDate>
      <ItemCode>7290014217591</ItemCode>
      <ItemType>1</ItemType>
      <ItemName>מטחנת צ`לי חריף 30 גר`</ItemName>
      <ManufactureName>תבליני טעם וריח בעמ</ManufactureName>
      <ManufactureCountry />
      <ManufactureItemDescription />
      <UnitQty>יח`</UnitQty>
      <Quantity>30</Quantity>
      <UnitMeasure>גרם</UnitMeasure>
      <BisWeighted>0</BisWeighted>
      <QtyInPackage>1</QtyInPackage>
      <ItemPrice>12.90</ItemPrice>
      <UnitOfMeasurePrice>43</UnitOfMeasurePrice>
      <AllowDiscount>0</AllowDiscount>
      <itemStatus>1</itemStatus>
      <LastUpdateDate />
      <LastUpdateTime />
    </Product>
    <Product>
      <PriceUpdateDate>2019/08/20 08:24</PriceUpdateDate>
      <ItemCode>7290014217607</ItemCode>
      <ItemType>1</ItemType>
      <ItemName>מטחנת מלח הימלאיה 100 גר`</ItemName>
      <ManufactureName>תבליני טעם וריח בעמ</ManufactureName>
      <ManufactureCountry />
      <ManufactureItemDescription />
      <UnitQty>יח`</UnitQty>
      <Quantity>100</Quantity>
      <UnitMeasure>גרם</UnitMeasure>
      <BisWeighted>0</BisWeighted>
      <QtyInPackage>1</QtyInPackage>
      <ItemPrice>12.90</ItemPrice>
      <UnitOfMeasurePrice>12.90</UnitOfMeasurePrice>
      <AllowDiscount>0</AllowDiscount>
      <itemStatus>1</itemStatus>
      <LastUpdateDate />
      <LastUpdateTime />
    </Product>
    <Product>
      <PriceUpdateDate>2015/07/29 07:02</PriceUpdateDate>
      <ItemCode>7290014218130</ItemCode>
      <ItemType>1</ItemType>
      <ItemName>פיצה דקה מעדנות (380 גרם)</ItemName>
      <ManufactureName>תנובה קפואים</ManufactureName>
      <ManufactureCountry />
      <ManufactureItemDescription />
      <UnitQty>יח`</UnitQty>
      <Quantity>380</Quantity>
      <UnitMeasure>גרם</UnitMeasure>
      <BisWeighted>0</BisWeighted>
      <QtyInPackage>1</QtyInPackage>
      <ItemPrice>15.90</ItemPrice>
      <UnitOfMeasurePrice>4.18</UnitOfMeasurePrice>
      <AllowDiscount>0</AllowDiscount>
      <itemStatus>1</itemStatus>
      <LastUpdateDate />
      <LastUpdateTime />
    </Product>
    <Product>
      <PriceUpdateDate>2016/02/01 09:22</PriceUpdateDate>
      <ItemCode>7290014218321</ItemCode>
      <ItemType>1</ItemType>
      <ItemName>בורקס יפו במילוי גבינה מעדנות (600 גרם)</ItemName>
      <ManufactureName>תנובה קפואים</ManufactureName>
      <ManufactureCountry />
      <ManufactureItemDescription />
      <UnitQty>יח`</UnitQty>
      <Quantity>600</Quantity>
      <UnitMeasure>גרם</UnitMeasure>
      <BisWeighted>0</BisWeighted>
      <QtyInPackage>1</QtyInPackage>
      <ItemPrice>18.90</ItemPrice>
      <UnitOfMeasurePrice>3.15</UnitOfMeasurePrice>
      <AllowDiscount>0</AllowDiscount>
      <itemStatus>1</itemStatus>
      <LastUpdateDate />
      <LastUpdateTime />
    </Product>
    <Product>
      <PriceUpdateDate>2016/03/24 09:31</PriceUpdateDate>
      <ItemCode>7290014218338</ItemCode>
      <ItemType>1</ItemType>
      <ItemName>בורקס יפו תפוא</ItemName>
      <ManufactureName>תנובה קפואים</ManufactureName>
      <ManufactureCountry />
      <ManufactureItemDescription />
      <UnitQty>יח`</UnitQty>
      <Quantity>600</Quantity>
      <UnitMeasure>גרם</UnitMeasure>
      <BisWeighted>0</BisWeighted>
      <QtyInPackage>1</QtyInPackage>
      <ItemPrice>18.90</ItemPrice>
      <UnitOfMeasurePrice>3.15</UnitOfMeasurePrice>
      <AllowDiscount>0</AllowDiscount>
      <itemStatus>1</itemStatus>
      <LastUpdateDate />
      <LastUpdateTime />
    </Product>
    <Product>
      <PriceUpdateDate>2016/12/25 08:46</PriceUpdateDate>
      <ItemCode>7290014218536</ItemCode>
      <ItemType>1</ItemType>
      <ItemName>בצק עלים מרודד מופחת שומן מעדנות (1 קג)</ItemName>
      <ManufactureName>תנובה קפואים</ManufactureName>
      <ManufactureCountry />
      <ManufactureItemDescription />
      <UnitQty>יח`</UnitQty>
      <Quantity>1000</Quantity>
      <UnitMeasure>גרם</UnitMeasure>
      <BisWeighted>0</BisWeighted>
      <QtyInPackage>1</QtyInPackage>
      <ItemPrice>21.90</ItemPrice>
      <UnitOfMeasurePrice>2.19</UnitOfMeasurePrice>
      <AllowDiscount>0</AllowDiscount>
      <itemStatus>1</itemStatus>
      <LastUpdateDate />
      <LastUpdateTime />
    </Product>
    <Product>
      <PriceUpdateDate>2019/05/12 14:50</PriceUpdateDate>
      <ItemCode>7290014218932</ItemCode>
      <ItemType>1</ItemType>
      <ItemName>חטיפי פיצה בתוספת זיתים 710 גר` מעדנות</ItemName>
      <ManufactureName>תנובה קפואים</ManufactureName>
      <ManufactureCountry />
      <ManufactureItemDescription />
      <UnitQty>יח`</UnitQty>
      <Quantity>710</Quantity>
      <UnitMeasure>גרם</UnitMeasure>
      <BisWeighted>0</BisWeighted>
      <QtyInPackage>1</QtyInPackage>
      <ItemPrice>33.90</ItemPrice>
      <UnitOfMeasurePrice>4.77</UnitOfMeasurePrice>
      <AllowDiscount>0</AllowDiscount>
      <itemStatus>1</itemStatus>
      <LastUpdateDate />
      <LastUpdateTime />
    </Product>
    <Product>
      <PriceUpdateDate>2019/08/07 10:33</PriceUpdateDate>
      <ItemCode>7290014220577</ItemCode>
      <ItemType>1</ItemType>
      <ItemName>ממרקות ברק 60 גר`</ItemName>
      <ManufactureName>קונסיגנציה- ש. י גיספאן 1993</ManufactureName>
      <ManufactureCountry />
      <ManufactureItemDescription />
      <UnitQty>יח`</UnitQty>
      <Quantity>1</Quantity>
      <UnitMeasure />
      <BisWeighted>0</BisWeighted>
      <QtyInPackage>1</QtyInPackage>
      <ItemPrice>12.90</ItemPrice>
      <UnitOfMeasurePrice>12.90</UnitOfMeasurePrice>
      <AllowDiscount>0</AllowDiscount>
      <itemStatus>1</itemStatus>
      <LastUpdateDate />
      <LastUpdateTime />
    </Product>
    <Product>
      <PriceUpdateDate>2017/04/30 13:35</PriceUpdateDate>
      <ItemCode>7290014256620</ItemCode>
      <ItemType>1</ItemType>
      <ItemName>קריניאנו 750 מל BUZZ</ItemName>
      <ManufactureName>אגודת הכורמים</ManufactureName>
      <ManufactureCountry />
      <ManufactureItemDescription />
      <UnitQty>יח`</UnitQty>
      <Quantity>750</Quantity>
      <UnitMeasure>מ"ל</UnitMeasure>
      <BisWeighted>0</BisWeighted>
      <QtyInPackage>1</QtyInPackage>
      <ItemPrice>26.90</ItemPrice>
      <UnitOfMeasurePrice>3.55</UnitOfMeasurePrice>
      <AllowDiscount>1</AllowDiscount>
      <itemStatus>1</itemStatus>
      <LastUpdateDate />
      <LastUpdateTime />
    </Product>
    <Product>
      <PriceUpdateDate>2014/01/27 09:25</PriceUpdateDate>
      <ItemCode>7290014298491</ItemCode>
      <ItemType>1</ItemType>
      <ItemName>מפיצי ריח שונים מארז מתנה</ItemName>
      <ManufactureName>מוסקו בעמ</ManufactureName>
      <ManufactureCountry />
      <ManufactureItemDescription />
      <UnitQty>יח`</UnitQty>
      <Quantity>1</Quantity>
      <UnitMeasure />
      <BisWeighted>0</BisWeighted>
      <QtyInPackage>1</QtyInPackage>
      <ItemPrice>25</ItemPrice>
      <UnitOfMeasurePrice>25</UnitOfMeasurePrice>
      <AllowDiscount>0</AllowDiscount>
      <itemStatus>1</itemStatus>
      <LastUpdateDate />
      <LastUpdateTime />
    </Product>
    <Product>
      <PriceUpdateDate>2015/11/20 06:45</PriceUpdateDate>
      <ItemCode>7290014318113</ItemCode>
      <ItemType>1</ItemType>
      <ItemName>ניוקי תפוח אדמה ללא גלוטן 500 גרם</ItemName>
      <ManufactureName>אימפורט פור יו בעמ</ManufactureName>
      <ManufactureCountry />
      <ManufactureItemDescription />
      <UnitQty>יח`</UnitQty>
      <Quantity>250</Quantity>
      <UnitMeasure>גרם</UnitMeasure>
      <BisWeighted>0</BisWeighted>
      <QtyInPackage>1</QtyInPackage>
      <ItemPrice>15.90</ItemPrice>
      <UnitOfMeasurePrice>6.36</UnitOfMeasurePrice>
      <AllowDiscount>1</AllowDiscount>
      <itemStatus>1</itemStatus>
      <LastUpdateDate />
      <LastUpdateTime />
    </Product>
    <Product>
      <PriceUpdateDate>2017/06/19 08:17</PriceUpdateDate>
      <ItemCode>7290014318311</ItemCode>
      <ItemType>1</ItemType>
      <ItemName>רסק עגבניות פולפה 400  גר`שלישייה</ItemName>
      <ManufactureName>אימפורט פור יו בעמ</ManufactureName>
      <ManufactureCountry />
      <ManufactureItemDescription />
      <UnitQty>יח`</UnitQty>
      <Quantity>1200</Quantity>
      <UnitMeasure>גרם</UnitMeasure>
      <BisWeighted>0</BisWeighted>
      <QtyInPackage>1</QtyInPackage>
      <ItemPrice>11.90</ItemPrice>
      <UnitOfMeasurePrice>0.99</UnitOfMeasurePrice>
      <AllowDiscount>0</AllowDiscount>
      <itemStatus>1</itemStatus>
      <LastUpdateDate />
      <LastUpdateTime />
    </Product>
    <Product>
      <PriceUpdateDate>2018/08/08 10:41</PriceUpdateDate>
      <ItemCode>7290014318663</ItemCode>
      <ItemType>1</ItemType>
      <ItemName>חומץ תפוחים אורגני  עם אמא  750 מל</ItemName>
      <ManufactureName>אימפורט פור יו בעמ</ManufactureName>
      <ManufactureCountry />
      <ManufactureItemDescription />
      <UnitQty>יח`</UnitQty>
      <Quantity>750</Quantity>
      <UnitMeasure>מ"ל</UnitMeasure>
      <BisWeighted>0</BisWeighted>
      <QtyInPackage>1</QtyInPackage>
      <ItemPrice>19.90</ItemPrice>
      <UnitOfMeasurePrice>2.65</UnitOfMeasurePrice>
      <AllowDiscount>0</AllowDiscount>
      <itemStatus>1</itemStatus>
      <LastUpdateDate />
      <LastUpdateTime />
    </Product>
    <Product>
      <PriceUpdateDate>2016/04/04 09:21</PriceUpdateDate>
      <ItemCode>7290014325036</ItemCode>
      <ItemType>1</ItemType>
      <ItemName>סוכריות ג`לי שמחה</ItemName>
      <ManufactureName>מיה תעשיות מזון מ.ת.מ. בעמ</ManufactureName>
      <ManufactureCountry />
      <ManufactureItemDescription />
      <UnitQty>יח`</UnitQty>
      <Quantity>1</Quantity>
      <UnitMeasure />
      <BisWeighted>0</BisWeighted>
      <QtyInPackage>1</QtyInPackage>
      <ItemPrice>19.90</ItemPrice>
      <UnitOfMeasurePrice>19.90</UnitOfMeasurePrice>
      <AllowDiscount>0</AllowDiscount>
      <itemStatus>1</itemStatus>
      <LastUpdateDate />
      <LastUpdateTime />
    </Product>
    <Product>
      <PriceUpdateDate>2017/10/29 09:25</PriceUpdateDate>
      <ItemCode>7290014397514</ItemCode>
      <ItemType>1</ItemType>
      <ItemName>סנופרש הום נטול גז 350 מל בניחוח כותנה</ItemName>
      <ManufactureName>החברה הדרומית לשיווק בעמ</ManufactureName>
      <ManufactureCountry />
      <ManufactureItemDescription />
      <UnitQty>יח`</UnitQty>
      <Quantity>350</Quantity>
      <UnitMeasure>מ"ל</UnitMeasure>
      <BisWeighted>0</BisWeighted>
      <QtyInPackage>1</QtyInPackage>
      <ItemPrice>14.90</ItemPrice>
      <UnitOfMeasurePrice>4.26</UnitOfMeasurePrice>
      <AllowDiscount>0</AllowDiscount>
      <itemStatus>1</itemStatus>
      <LastUpdateDate />
      <LastUpdateTime />
    </Product>
    <Product>
      <PriceUpdateDate>2019/01/30 08:31</PriceUpdateDate>
      <ItemCode>7290014397736</ItemCode>
      <ItemType>1</ItemType>
      <ItemName>מקסימה מרכך פריחה לבנה סנו (4 ליטר)</ItemName>
      <ManufactureName>החברה הדרומית לשיווק בעמ</ManufactureName>
      <ManufactureCountry />
      <ManufactureItemDescription />
      <UnitQty>יח`</UnitQty>
      <Quantity>4</Quantity>
      <UnitMeasure>1 ליטר</UnitMeasure>
      <BisWeighted>0</BisWeighted>
      <QtyInPackage>1</QtyInPackage>
      <ItemPrice>19.90</ItemPrice>
      <UnitOfMeasurePrice>4.98</UnitOfMeasurePrice>
      <AllowDiscount>0</AllowDiscount>
      <itemStatus>1</itemStatus>
      <LastUpdateDate />
      <LastUpdateTime />
    </Product>
    <Product>
      <PriceUpdateDate>2018/08/08 07:04</PriceUpdateDate>
      <ItemCode>7290014397781</ItemCode>
      <ItemType>1</ItemType>
      <ItemName>ריצפז פרש הום 2 ליטר</ItemName>
      <ManufactureName>החברה הדרומית לשיווק בעמ</ManufactureName>
      <ManufactureCountry />
      <ManufactureItemDescription />
      <UnitQty>יח`</UnitQty>
      <Quantity>2</Quantity>
      <UnitMeasure>1 ליטר</UnitMeasure>
      <BisWeighted>0</BisWeighted>
      <QtyInPackage>1</QtyInPackage>
      <ItemPrice>19.90</ItemPrice>
      <UnitOfMeasurePrice>9.95</UnitOfMeasurePrice>
      <AllowDiscount>0</AllowDiscount>
      <itemStatus>1</itemStatus>
      <LastUpdateDate />
      <LastUpdateTime />
    </Product>
    <Product>
      <PriceUpdateDate>2019/10/16 14:26</PriceUpdateDate>
      <ItemCode>7290014397873</ItemCode>
      <ItemType>1</ItemType>
      <ItemName>סנו מקסימה מרכך כביסה 4 ליטר gentle bree</ItemName>
      <ManufactureName>החברה הדרומית לשיווק בעמ</ManufactureName>
      <ManufactureCountry />
      <ManufactureItemDescription />
      <UnitQty>יח`</UnitQty>
      <Quantity>1</Quantity>
      <UnitMeasure />
      <BisWeighted>0</BisWeighted>
      <QtyInPackage>1</QtyInPackage>
      <ItemPrice>19.90</ItemPrice>
      <UnitOfMeasurePrice>19.90</UnitOfMeasurePrice>
      <AllowDiscount>0</AllowDiscount>
      <itemStatus>1</itemStatus>
      <LastUpdateDate />
      <LastUpdateTime />
    </Product>
    <Product>
      <PriceUpdateDate>2018/12/02 12:10</PriceUpdateDate>
      <ItemCode>7290014435704</ItemCode>
      <ItemType>1</ItemType>
      <ItemName>סלמון מעושן 100 גר</ItemName>
      <ManufactureName>סלטי שמיר 2006 בעמ</ManufactureName>
      <ManufactureCountry />
      <ManufactureItemDescription />
      <UnitQty>יח`</UnitQty>
      <Quantity>100</Quantity>
      <UnitMeasure>גרם</UnitMeasure>
      <BisWeighted>0</BisWeighted>
      <QtyInPackage>1</QtyInPackage>
      <ItemPrice>19.90</ItemPrice>
      <UnitOfMeasurePrice>19.90</UnitOfMeasurePrice>
      <AllowDiscount>0</AllowDiscount>
      <itemStatus>1</itemStatus>
      <LastUpdateDate />
      <LastUpdateTime />
    </Product>
    <Product>
      <PriceUpdateDate>2016/03/30 08:38</PriceUpdateDate>
      <ItemCode>7290014435803</ItemCode>
      <ItemType>1</ItemType>
      <ItemName>מטיאס הולנדי פרובנציאל עם בצל בשמן 200</ItemName>
      <ManufactureName>סלטי שמיר 2006 בעמ</ManufactureName>
      <ManufactureCountry />
      <ManufactureItemDescription />
      <UnitQty>יח`</UnitQty>
      <Quantity>200</Quantity>
      <UnitMeasure>גרם</UnitMeasure>
      <BisWeighted>0</BisWeighted>
      <QtyInPackage>1</QtyInPackage>
      <ItemPrice>15.90</ItemPrice>
      <UnitOfMeasurePrice>7.95</UnitOfMeasurePrice>
      <AllowDiscount>0</AllowDiscount>
      <itemStatus>1</itemStatus>
      <LastUpdateDate />
      <LastUpdateTime />
    </Product>
    <Product>
      <PriceUpdateDate>2016/03/30 08:38</PriceUpdateDate>
      <ItemCode>7290014435810</ItemCode>
      <ItemType>1</ItemType>
      <ItemName>הרינג כבוש עם בצל במרינת חמוץ מתוק 220 ג</ItemName>
      <ManufactureName>סלטי שמיר 2006 בעמ</ManufactureName>
      <ManufactureCountry />
      <ManufactureItemDescription />
      <UnitQty>יח`</UnitQty>
      <Quantity>220</Quantity>
      <UnitMeasure>גרם</UnitMeasure>
      <BisWeighted>0</BisWeighted>
      <QtyInPackage>1</QtyInPackage>
      <ItemPrice>15.90</ItemPrice>
      <UnitOfMeasurePrice>7.23</UnitOfMeasurePrice>
      <AllowDiscount>0</AllowDiscount>
      <itemStatus>1</itemStatus>
      <LastUpdateDate />
      <LastUpdateTime />
    </Product>
    <Product>
      <PriceUpdateDate>2016/03/30 08:38</PriceUpdateDate>
      <ItemCode>7290014435834</ItemCode>
      <ItemType>1</ItemType>
      <ItemName>מקרל מעושן פרוס בשמן 190 גר</ItemName>
      <ManufactureName>סלטי שמיר 2006 בעמ</ManufactureName>
      <ManufactureCountry />
      <ManufactureItemDescription />
      <UnitQty>יח`</UnitQty>
      <Quantity>190</Quantity>
      <UnitMeasure>גרם</UnitMeasure>
      <BisWeighted>0</BisWeighted>
      <QtyInPackage>1</QtyInPackage>
      <ItemPrice>18.90</ItemPrice>
      <UnitOfMeasurePrice>9.95</UnitOfMeasurePrice>
      <AllowDiscount>0</AllowDiscount>
      <itemStatus>1</itemStatus>
      <LastUpdateDate />
      <LastUpdateTime />
    </Product>
    <Product>
      <PriceUpdateDate>2016/03/30 08:38</PriceUpdateDate>
      <ItemCode>7290014435841</ItemCode>
      <ItemType>1</ItemType>
      <ItemName>פילה מטיאס  הולנדי בשמן 200 גר</ItemName>
      <ManufactureName>סלטי שמיר 2006 בעמ</ManufactureName>
      <ManufactureCountry />
      <ManufactureItemDescription />
      <UnitQty>יח`</UnitQty>
      <Quantity>200</Quantity>
      <UnitMeasure>גרם</UnitMeasure>
      <BisWeighted>0</BisWeighted>
      <QtyInPackage>1</QtyInPackage>
      <ItemPrice>15.90</ItemPrice>
      <UnitOfMeasurePrice>7.95</UnitOfMeasurePrice>
      <AllowDiscount>0</AllowDiscount>
      <itemStatus>1</itemStatus>
      <LastUpdateDate />
      <LastUpdateTime />
    </Product>
    <Product>
      <PriceUpdateDate>2018/10/07 08:37</PriceUpdateDate>
      <ItemCode>7290014455245</ItemCode>
      <ItemType>1</ItemType>
      <ItemName>גרנה פדנו משולש גד -200גר`</ItemName>
      <ManufactureName>מחלבות גד שיווק 1992 בעמ</ManufactureName>
      <ManufactureCountry />
      <ManufactureItemDescription />
      <UnitQty>יח`</UnitQty>
      <Quantity>200</Quantity>
      <UnitMeasure>גרם</UnitMeasure>
      <BisWeighted>0</BisWeighted>
      <QtyInPackage>1</QtyInPackage>
      <ItemPrice>26.90</ItemPrice>
      <UnitOfMeasurePrice>13.45</UnitOfMeasurePrice>
      <AllowDiscount>0</AllowDiscount>
      <itemStatus>1</itemStatus>
      <LastUpdateDate />
      <LastUpdateTime />
    </Product>
    <Product>
      <PriceUpdateDate>2016/10/30 08:25</PriceUpdateDate>
      <ItemCode>7290014455252</ItemCode>
      <ItemType>1</ItemType>
      <ItemName>גבינת גרנה פדנו מגורדת 29% גד (100 גרם)</ItemName>
      <ManufactureName>מחלבות גד שיווק 1992 בעמ</ManufactureName>
      <ManufactureCountry />
      <ManufactureItemDescription />
      <UnitQty>יח`</UnitQty>
      <Quantity>100</Quantity>
      <UnitMeasure>גרם</UnitMeasure>
      <BisWeighted>0</BisWeighted>
      <QtyInPackage>1</QtyInPackage>
      <ItemPrice>13.90</ItemPrice>
      <UnitOfMeasurePrice>13.90</UnitOfMeasurePrice>
      <AllowDiscount>0</AllowDiscount>
      <itemStatus>1</itemStatus>
      <LastUpdateDate />
      <LastUpdateTime />
    </Product>
    <Product>
      <PriceUpdateDate>2018/10/07 11:51</PriceUpdateDate>
      <ItemCode>7290014455320</ItemCode>
      <ItemType>1</ItemType>
      <ItemName>כדורי מוצרלה פרסקה גד (100 גרם)</ItemName>
      <ManufactureName>מחלבות גד שיווק 1992 בעמ</ManufactureName>
      <ManufactureCountry />
      <ManufactureItemDescription />
      <UnitQty>יח`</UnitQty>
      <Quantity>100</Quantity>
      <UnitMeasure>גרם</UnitMeasure>
      <BisWeighted>0</BisWeighted>
      <QtyInPackage>1</QtyInPackage>
      <ItemPrice>8.90</ItemPrice>
      <UnitOfMeasurePrice>8.90</UnitOfMeasurePrice>
      <AllowDiscount>0</AllowDiscount>
      <itemStatus>1</itemStatus>
      <LastUpdateDate />
      <LastUpdateTime />
    </Product>
    <Product>
      <PriceUpdateDate>2016/04/04 13:02</PriceUpdateDate>
      <ItemCode>7290014459373</ItemCode>
      <ItemType>1</ItemType>
      <ItemName>צ`יפס קראנצ`י לתנור תפוגן (1.5 קג)</ItemName>
      <ManufactureName>קבוצת אסם סחר שות. מוגבלת</ManufactureName>
      <ManufactureCountry />
      <ManufactureItemDescription />
      <UnitQty>יח`</UnitQty>
      <Quantity>1500</Quantity>
      <UnitMeasure>גרם</UnitMeasure>
      <BisWeighted>0</BisWeighted>
      <QtyInPackage>1</QtyInPackage>
      <ItemPrice>27.90</ItemPrice>
      <UnitOfMeasurePrice>1.86</UnitOfMeasurePrice>
      <AllowDiscount>0</AllowDiscount>
      <itemStatus>1</itemStatus>
      <LastUpdateDate />
      <LastUpdateTime />
    </Product>
    <Product>
      <PriceUpdateDate>2016/12/15 08:12</PriceUpdateDate>
      <ItemCode>7290014459472</ItemCode>
      <ItemType>1</ItemType>
      <ItemName>תפוגן אמריקאן צ`יפס 2 קג`</ItemName>
      <ManufactureName>קבוצת אסם סחר שות. מוגבלת</ManufactureName>
      <ManufactureCountry />
      <ManufactureItemDescription />
      <UnitQty>יח`</UnitQty>
      <Quantity>2</Quantity>
      <UnitMeasure>ק"ג</UnitMeasure>
      <BisWeighted>0</BisWeighted>
      <QtyInPackage>1</QtyInPackage>
      <ItemPrice>29.90</ItemPrice>
      <UnitOfMeasurePrice>14.95</UnitOfMeasurePrice>
      <AllowDiscount>0</AllowDiscount>
      <itemStatus>1</itemStatus>
      <LastUpdateDate />
      <LastUpdateTime />
    </Product>
    <Product>
      <PriceUpdateDate>2018/07/19 16:42</PriceUpdateDate>
      <ItemCode>7290014459632</ItemCode>
      <ItemType>1</ItemType>
      <ItemName>תפוגן צ`פיס טוגן 1.5 קג`</ItemName>
      <ManufactureName>קבוצת אסם סחר שות. מוגבלת</ManufactureName>
      <ManufactureCountry />
      <ManufactureItemDescription />
      <UnitQty>יח`</UnitQty>
      <Quantity>1</Quantity>
      <UnitMeasure />
      <BisWeighted>0</BisWeighted>
      <QtyInPackage>1</QtyInPackage>
      <ItemPrice>14.90</ItemPrice>
      <UnitOfMeasurePrice>14.90</UnitOfMeasurePrice>
      <AllowDiscount>0</AllowDiscount>
      <itemStatus>1</itemStatus>
      <LastUpdateDate />
      <LastUpdateTime />
    </Product>
    <Product>
      <PriceUpdateDate>2020/05/03 10:38</PriceUpdateDate>
      <ItemCode>7290014466128</ItemCode>
      <ItemType>1</ItemType>
      <ItemName>הר חרמון אינדיגו</ItemName>
      <ManufactureName>היכל היין שקד גולן בעמ</ManufactureName>
      <ManufactureCountry />
      <ManufactureItemDescription />
      <UnitQty>יח`</UnitQty>
      <Quantity>750</Quantity>
      <UnitMeasure>מ"ל</UnitMeasure>
      <BisWeighted>0</BisWeighted>
      <QtyInPackage>1</QtyInPackage>
      <ItemPrice>30.90</ItemPrice>
      <UnitOfMeasurePrice>4.08</UnitOfMeasurePrice>
      <AllowDiscount>1</AllowDiscount>
      <itemStatus>1</itemStatus>
      <LastUpdateDate />
      <LastUpdateTime />
    </Product>
    <Product>
      <PriceUpdateDate>2020/02/05 09:09</PriceUpdateDate>
      <ItemCode>7290014466135</ItemCode>
      <ItemType>1</ItemType>
      <ItemName>הר חרמון אינדיגו 375 מל</ItemName>
      <ManufactureName>היכל היין שקד גולן בעמ</ManufactureName>
      <ManufactureCountry />
      <ManufactureItemDescription />
      <UnitQty>יח`</UnitQty>
      <Quantity>375</Quantity>
      <UnitMeasure>מ"ל</UnitMeasure>
      <BisWeighted>0</BisWeighted>
      <QtyInPackage>1</QtyInPackage>
      <ItemPrice>15</ItemPrice>
      <UnitOfMeasurePrice>3.92</UnitOfMeasurePrice>
      <AllowDiscount>0</AllowDiscount>
      <itemStatus>1</itemStatus>
      <LastUpdateDate />
      <LastUpdateTime />
    </Product>
    <Product>
      <PriceUpdateDate>2020/05/03 10:38</PriceUpdateDate>
      <ItemCode>7290014466463</ItemCode>
      <ItemType>1</ItemType>
      <ItemName>הר חרמון מוסקט יקב רמת הגולן (750 מל)</ItemName>
      <ManufactureName>היכל היין שקד גולן בעמ</ManufactureName>
      <ManufactureCountry />
      <ManufactureItemDescription />
      <UnitQty>יח`</UnitQty>
      <Quantity>750</Quantity>
      <UnitMeasure>מ"ל</UnitMeasure>
      <BisWeighted>0</BisWeighted>
      <QtyInPackage>1</QtyInPackage>
      <ItemPrice>30.90</ItemPrice>
      <UnitOfMeasurePrice>4.08</UnitOfMeasurePrice>
      <AllowDiscount>1</AllowDiscount>
      <itemStatus>1</itemStatus>
      <LastUpdateDate />
      <LastUpdateTime />
    </Product>
    <Product>
      <PriceUpdateDate>2017/09/03 08:26</PriceUpdateDate>
      <ItemCode>7290014466609</ItemCode>
      <ItemType>1</ItemType>
      <ItemName>יין גמלא מרלו</ItemName>
      <ManufactureName>היכל היין שקד גולן בעמ</ManufactureName>
      <ManufactureCountry />
      <ManufactureItemDescription />
      <UnitQty>יח`</UnitQty>
      <Quantity>1</Quantity>
      <UnitMeasure />
      <BisWeighted>0</BisWeighted>
      <QtyInPackage>1</QtyInPackage>
      <ItemPrice>59.90</ItemPrice>
      <UnitOfMeasurePrice>59.90</UnitOfMeasurePrice>
      <AllowDiscount>0</AllowDiscount>
      <itemStatus>1</itemStatus>
      <LastUpdateDate />
      <LastUpdateTime />
    </Product>
    <Product>
      <PriceUpdateDate>2014/01/01 08:37</PriceUpdateDate>
      <ItemCode>7290014471160</ItemCode>
      <ItemType>1</ItemType>
      <ItemName>קבוקים המותג (150 גרם)</ItemName>
      <ManufactureName>דין שיווק - המותג</ManufactureName>
      <ManufactureCountry />
      <ManufactureItemDescription />
      <UnitQty>יח`</UnitQty>
      <Quantity>150</Quantity>
      <UnitMeasure>גרם</UnitMeasure>
      <BisWeighted>0</BisWeighted>
      <QtyInPackage>1</QtyInPackage>
      <ItemPrice>4</ItemPrice>
      <UnitOfMeasurePrice>2.67</UnitOfMeasurePrice>
      <AllowDiscount>0</AllowDiscount>
      <itemStatus>1</itemStatus>
      <LastUpdateDate />
      <LastUpdateTime />
    </Product>
    <Product>
      <PriceUpdateDate>2016/12/15 08:34</PriceUpdateDate>
      <ItemCode>7290014471184</ItemCode>
      <ItemType>1</ItemType>
      <ItemName>מנצ`יס המותג (150 גרם)</ItemName>
      <ManufactureName>דין שיווק - המותג</ManufactureName>
      <ManufactureCountry />
      <ManufactureItemDescription />
      <UnitQty>יח`</UnitQty>
      <Quantity>150</Quantity>
      <UnitMeasure>גרם</UnitMeasure>
      <BisWeighted>0</BisWeighted>
      <QtyInPackage>1</QtyInPackage>
      <ItemPrice>5.90</ItemPrice>
      <UnitOfMeasurePrice>3.93</UnitOfMeasurePrice>
      <AllowDiscount>0</AllowDiscount>
      <itemStatus>1</itemStatus>
      <LastUpdateDate />
      <LastUpdateTime />
    </Product>
    <Product>
      <PriceUpdateDate>2015/06/07 08:40</PriceUpdateDate>
      <ItemCode>7290014471412</ItemCode>
      <ItemType>1</ItemType>
      <ItemName>מוזלי בוטנים אגוזים ושקדים 1קג - שקדיה</ItemName>
      <ManufactureName>דין שיווק וקליה בעמ</ManufactureName>
      <ManufactureCountry />
      <ManufactureItemDescription />
      <UnitQty>יח`</UnitQty>
      <Quantity>1000</Quantity>
      <UnitMeasure>גרם</UnitMeasure>
      <BisWeighted>0</BisWeighted>
      <QtyInPackage>1</QtyInPackage>
      <ItemPrice>19.90</ItemPrice>
      <UnitOfMeasurePrice>1.99</UnitOfMeasurePrice>
      <AllowDiscount>1</AllowDiscount>
      <itemStatus>1</itemStatus>
      <LastUpdateDate />
      <LastUpdateTime />
    </Product>
    <Product>
      <PriceUpdateDate>2015/06/07 08:40</PriceUpdateDate>
      <ItemCode>7290014471429</ItemCode>
      <ItemType>1</ItemType>
      <ItemName>מוזלי עם פירות שקדיה (1 קג)</ItemName>
      <ManufactureName>דין שיווק וקליה בעמ</ManufactureName>
      <ManufactureCountry />
      <ManufactureItemDescription />
      <UnitQty>יח`</UnitQty>
      <Quantity>1000</Quantity>
      <UnitMeasure>גרם</UnitMeasure>
      <BisWeighted>0</BisWeighted>
      <QtyInPackage>1</QtyInPackage>
      <ItemPrice>19.90</ItemPrice>
      <UnitOfMeasurePrice>1.99</UnitOfMeasurePrice>
      <AllowDiscount>1</AllowDiscount>
      <itemStatus>1</itemStatus>
      <LastUpdateDate />
      <LastUpdateTime />
    </Product>
    <Product>
      <PriceUpdateDate>2015/06/07 08:40</PriceUpdateDate>
      <ItemCode>7290014471436</ItemCode>
      <ItemType>1</ItemType>
      <ItemName>מוזלי צימוקים תפוח קינומון 1קג - שקדיה</ItemName>
      <ManufactureName>דין שיווק וקליה בעמ</ManufactureName>
      <ManufactureCountry />
      <ManufactureItemDescription />
      <UnitQty>יח`</UnitQty>
      <Quantity>1000</Quantity>
      <UnitMeasure>גרם</UnitMeasure>
      <BisWeighted>0</BisWeighted>
      <QtyInPackage>1</QtyInPackage>
      <ItemPrice>19.90</ItemPrice>
      <UnitOfMeasurePrice>1.99</UnitOfMeasurePrice>
      <AllowDiscount>1</AllowDiscount>
      <itemStatus>1</itemStatus>
      <LastUpdateDate />
      <LastUpdateTime />
    </Product>
    <Product>
      <PriceUpdateDate>2015/06/07 08:40</PriceUpdateDate>
      <ItemCode>7290014471443</ItemCode>
      <ItemType>1</ItemType>
      <ItemName>גרנולה אגוזים 1קג - שקדיה</ItemName>
      <ManufactureName>דין שיווק וקליה בעמ</ManufactureName>
      <ManufactureCountry />
      <ManufactureItemDescription />
      <UnitQty>יח`</UnitQty>
      <Quantity>1000</Quantity>
      <UnitMeasure>גרם</UnitMeasure>
      <BisWeighted>0</BisWeighted>
      <QtyInPackage>1</QtyInPackage>
      <ItemPrice>19.90</ItemPrice>
      <UnitOfMeasurePrice>1.99</UnitOfMeasurePrice>
      <AllowDiscount>1</AllowDiscount>
      <itemStatus>1</itemStatus>
      <LastUpdateDate />
      <LastUpdateTime />
    </Product>
    <Product>
      <PriceUpdateDate>2014/12/29 15:04</PriceUpdateDate>
      <ItemCode>7290014471696</ItemCode>
      <ItemType>1</ItemType>
      <ItemName>תירס מתובל 220  גגר`בקופסא</ItemName>
      <ManufactureName>דין שיווק וקליה בעמ</ManufactureName>
      <ManufactureCountry />
      <ManufactureItemDescription />
      <UnitQty>יח`</UnitQty>
      <Quantity>220</Quantity>
      <UnitMeasure>גרם</UnitMeasure>
      <BisWeighted>0</BisWeighted>
      <QtyInPackage>1</QtyInPackage>
      <ItemPrice>13.90</ItemPrice>
      <UnitOfMeasurePrice>6.32</UnitOfMeasurePrice>
      <AllowDiscount>0</AllowDiscount>
      <itemStatus>1</itemStatus>
      <LastUpdateDate />
      <LastUpdateTime />
    </Product>
    <Product>
      <PriceUpdateDate>2017/07/06 07:49</PriceUpdateDate>
      <ItemCode>7290014472136</ItemCode>
      <ItemType>1</ItemType>
      <ItemName>גרעין שחור קלוי ששון הקולה (150 גרם)</ItemName>
      <ManufactureName>דין שיווק וקליה בעמ</ManufactureName>
      <ManufactureCountry />
      <ManufactureItemDescription />
      <UnitQty>יח`</UnitQty>
      <Quantity>150</Quantity>
      <UnitMeasure>גרם</UnitMeasure>
      <BisWeighted>0</BisWeighted>
      <QtyInPackage>1</QtyInPackage>
      <ItemPrice>3.90</ItemPrice>
      <UnitOfMeasurePrice>2.60</UnitOfMeasurePrice>
      <AllowDiscount>0</AllowDiscount>
      <itemStatus>1</itemStatus>
      <LastUpdateDate />
      <LastUpdateTime />
    </Product>
    <Product>
      <PriceUpdateDate>2019/12/22 09:38</PriceUpdateDate>
      <ItemCode>7290014472235</ItemCode>
      <ItemType>1</ItemType>
      <ItemName>פקאן סיני מסוכר ששון הקולה (200 גרם)</ItemName>
      <ManufactureName>דין שיווק וקליה בעמ</ManufactureName>
      <ManufactureCountry />
      <ManufactureItemDescription />
      <UnitQty>יח`</UnitQty>
      <Quantity>200</Quantity>
      <UnitMeasure>גרם</UnitMeasure>
      <BisWeighted>0</BisWeighted>
      <QtyInPackage>1</QtyInPackage>
      <ItemPrice>23.90</ItemPrice>
      <UnitOfMeasurePrice>11.95</UnitOfMeasurePrice>
      <AllowDiscount>0</AllowDiscount>
      <itemStatus>1</itemStatus>
      <LastUpdateDate />
      <LastUpdateTime />
    </Product>
    <Product>
      <PriceUpdateDate>2019/08/11 08:12</PriceUpdateDate>
      <ItemCode>7290014472433</ItemCode>
      <ItemType>1</ItemType>
      <ItemName>קונפיטוריה תות שדה 450 גר`</ItemName>
      <ManufactureName>דין שיווק וקליה בעמ</ManufactureName>
      <ManufactureCountry />
      <ManufactureItemDescription />
      <UnitQty>יח`</UnitQty>
      <Quantity>450</Quantity>
      <UnitMeasure>גרם</UnitMeasure>
      <BisWeighted>0</BisWeighted>
      <QtyInPackage>1</QtyInPackage>
      <ItemPrice>10.90</ItemPrice>
      <UnitOfMeasurePrice>2.42</UnitOfMeasurePrice>
      <AllowDiscount>1</AllowDiscount>
      <itemStatus>1</itemStatus>
      <LastUpdateDate />
      <LastUpdateTime />
    </Product>
    <Product>
      <PriceUpdateDate>2015/05/21 08:48</PriceUpdateDate>
      <ItemCode>7290014472990</ItemCode>
      <ItemType>1</ItemType>
      <ItemName>ממרח 100% שקדים שקדיה (300 גרם)</ItemName>
      <ManufactureName>דין שיווק וקליה בעמ</ManufactureName>
      <ManufactureCountry />
      <ManufactureItemDescription />
      <UnitQty>יח`</UnitQty>
      <Quantity>300</Quantity>
      <UnitMeasure>גרם</UnitMeasure>
      <BisWeighted>0</BisWeighted>
      <QtyInPackage>1</QtyInPackage>
      <ItemPrice>34.90</ItemPrice>
      <UnitOfMeasurePrice>11.63</UnitOfMeasurePrice>
      <AllowDiscount>0</AllowDiscount>
      <itemStatus>1</itemStatus>
      <LastUpdateDate />
      <LastUpdateTime />
    </Product>
    <Product>
      <PriceUpdateDate>2015/04/29 12:33</PriceUpdateDate>
      <ItemCode>7290014503137</ItemCode>
      <ItemType>1</ItemType>
      <ItemName>יין אדום יבש יובלים יקב דלתון (750 מל)</ItemName>
      <ManufactureName>הכרם - משקאות חריפים בעמ</ManufactureName>
      <ManufactureCountry />
      <ManufactureItemDescription />
      <UnitQty>יח`</UnitQty>
      <Quantity>750</Quantity>
      <UnitMeasure>מ"ל</UnitMeasure>
      <BisWeighted>0</BisWeighted>
      <QtyInPackage>1</QtyInPackage>
      <ItemPrice>48.90</ItemPrice>
      <UnitOfMeasurePrice>6.48</UnitOfMeasurePrice>
      <AllowDiscount>1</AllowDiscount>
      <itemStatus>1</itemStatus>
      <LastUpdateDate />
      <LastUpdateTime />
    </Product>
    <Product>
      <PriceUpdateDate>2020/01/14 08:22</PriceUpdateDate>
      <ItemCode>7290014534704</ItemCode>
      <ItemType>1</ItemType>
      <ItemName>לה פסטה פסטה אטריות מרק 400 גר`</ItemName>
      <ManufactureName>תומר יבוא ושיווק מוצרי מזון (1</ManufactureName>
      <ManufactureCountry />
      <ManufactureItemDescription />
      <UnitQty>יח`</UnitQty>
      <Quantity>400</Quantity>
      <UnitMeasure>גרם</UnitMeasure>
      <BisWeighted>0</BisWeighted>
      <QtyInPackage>1</QtyInPackage>
      <ItemPrice>2.50</ItemPrice>
      <UnitOfMeasurePrice>0.63</UnitOfMeasurePrice>
      <AllowDiscount>1</AllowDiscount>
      <itemStatus>1</itemStatus>
      <LastUpdateDate />
      <LastUpdateTime />
    </Product>
    <Product>
      <PriceUpdateDate>2015/09/16 12:45</PriceUpdateDate>
      <ItemCode>7290014562684</ItemCode>
      <ItemType>1</ItemType>
      <ItemName>פריכיות אורז דקות מרובעות 130 גר`</ItemName>
      <ManufactureName>בטר אנד דיפרנט בעמ</ManufactureName>
      <ManufactureCountry />
      <ManufactureItemDescription />
      <UnitQty>יח`</UnitQty>
      <Quantity>130</Quantity>
      <UnitMeasure>גרם</UnitMeasure>
      <BisWeighted>0</BisWeighted>
      <QtyInPackage>1</QtyInPackage>
      <ItemPrice>5.90</ItemPrice>
      <UnitOfMeasurePrice>4.54</UnitOfMeasurePrice>
      <AllowDiscount>0</AllowDiscount>
      <itemStatus>1</itemStatus>
      <LastUpdateDate />
      <LastUpdateTime />
    </Product>
    <Product>
      <PriceUpdateDate>2015/09/16 12:45</PriceUpdateDate>
      <ItemCode>7290014562691</ItemCode>
      <ItemType>1</ItemType>
      <ItemName>פרכיות תירס מרובעות דקות 130 גר`</ItemName>
      <ManufactureName>בטר אנד דיפרנט בעמ</ManufactureName>
      <ManufactureCountry />
      <ManufactureItemDescription />
      <UnitQty>יח`</UnitQty>
      <Quantity>130</Quantity>
      <UnitMeasure>גרם</UnitMeasure>
      <BisWeighted>0</BisWeighted>
      <QtyInPackage>1</QtyInPackage>
      <ItemPrice>7.90</ItemPrice>
      <UnitOfMeasurePrice>6.08</UnitOfMeasurePrice>
      <AllowDiscount>0</AllowDiscount>
      <itemStatus>1</itemStatus>
      <LastUpdateDate />
      <LastUpdateTime />
    </Product>
    <Product>
      <PriceUpdateDate>2015/09/16 12:45</PriceUpdateDate>
      <ItemCode>7290014562868</ItemCode>
      <ItemType>1</ItemType>
      <ItemName>סילאן 900  גר`100% פרי</ItemName>
      <ManufactureName>בטר אנד דיפרנט בעמ</ManufactureName>
      <ManufactureCountry />
      <ManufactureItemDescription />
      <UnitQty>יח`</UnitQty>
      <Quantity>900</Quantity>
      <UnitMeasure>גרם</UnitMeasure>
      <BisWeighted>0</BisWeighted>
      <QtyInPackage>1</QtyInPackage>
      <ItemPrice>26.90</ItemPrice>
      <UnitOfMeasurePrice>2.99</UnitOfMeasurePrice>
      <AllowDiscount>0</AllowDiscount>
      <itemStatus>1</itemStatus>
      <LastUpdateDate />
      <LastUpdateTime />
    </Product>
    <Product>
      <PriceUpdateDate>2019/05/03 15:27</PriceUpdateDate>
      <ItemCode>7290014581036</ItemCode>
      <ItemType>1</ItemType>
      <ItemName>הלהבה פחם 2 קג</ItemName>
      <ManufactureName>פחמי הלהבה בעמ</ManufactureName>
      <ManufactureCountry />
      <ManufactureItemDescription />
      <UnitQty>יח`</UnitQty>
      <Quantity>2000</Quantity>
      <UnitMeasure>גרם</UnitMeasure>
      <BisWeighted>0</BisWeighted>
      <QtyInPackage>1</QtyInPackage>
      <ItemPrice>11.90</ItemPrice>
      <UnitOfMeasurePrice>0.60</UnitOfMeasurePrice>
      <AllowDiscount>1</AllowDiscount>
      <itemStatus>1</itemStatus>
      <LastUpdateDate />
      <LastUpdateTime />
    </Product>
    <Product>
      <PriceUpdateDate>2015/05/28 11:51</PriceUpdateDate>
      <ItemCode>7290014603639</ItemCode>
      <ItemType>1</ItemType>
      <ItemName>ברנפלקס ללא גלוטן תלמה (375 גרם)</ItemName>
      <ManufactureName>יוניליוור ישראל שיווק בעמ</ManufactureName>
      <ManufactureCountry />
      <ManufactureItemDescription />
      <UnitQty>יח`</UnitQty>
      <Quantity>375</Quantity>
      <UnitMeasure>גרם</UnitMeasure>
      <BisWeighted>0</BisWeighted>
      <QtyInPackage>1</QtyInPackage>
      <ItemPrice>24.90</ItemPrice>
      <UnitOfMeasurePrice>6.64</UnitOfMeasurePrice>
      <AllowDiscount>0</AllowDiscount>
      <itemStatus>1</itemStatus>
      <LastUpdateDate />
      <LastUpdateTime />
    </Product>
    <Product>
      <PriceUpdateDate>2016/11/16 08:10</PriceUpdateDate>
      <ItemCode>7290014648005</ItemCode>
      <ItemType>1</ItemType>
      <ItemName>LA BELLE מסיר לק ללא אציטון 250מל</ItemName>
      <ManufactureName>פארמה דיל (פ.א.ב.) שיווק והפצה</ManufactureName>
      <ManufactureCountry />
      <ManufactureItemDescription />
      <UnitQty>יח`</UnitQty>
      <Quantity>1</Quantity>
      <UnitMeasure />
      <BisWeighted>0</BisWeighted>
      <QtyInPackage>1</QtyInPackage>
      <ItemPrice>11.90</ItemPrice>
      <UnitOfMeasurePrice>11.90</UnitOfMeasurePrice>
      <AllowDiscount>0</AllowDiscount>
      <itemStatus>1</itemStatus>
      <LastUpdateDate />
      <LastUpdateTime />
    </Product>
    <Product>
      <PriceUpdateDate>2016/11/16 08:10</PriceUpdateDate>
      <ItemCode>7290014648050</ItemCode>
      <ItemType>1</ItemType>
      <ItemName>LA BELLE למיקרוגל גר 500דבש שעווה</ItemName>
      <ManufactureName>פארמה דיל (פ.א.ב.) שיווק והפצה</ManufactureName>
      <ManufactureCountry />
      <ManufactureItemDescription />
      <UnitQty>יח`</UnitQty>
      <Quantity>1</Quantity>
      <UnitMeasure />
      <BisWeighted>0</BisWeighted>
      <QtyInPackage>1</QtyInPackage>
      <ItemPrice>16.90</ItemPrice>
      <UnitOfMeasurePrice>16.90</UnitOfMeasurePrice>
      <AllowDiscount>0</AllowDiscount>
      <itemStatus>1</itemStatus>
      <LastUpdateDate />
      <LastUpdateTime />
    </Product>
    <Product>
      <PriceUpdateDate>2016/11/16 08:10</PriceUpdateDate>
      <ItemCode>7290014648067</ItemCode>
      <ItemType>1</ItemType>
      <ItemName>LA BELLE נייר שעווה 50יח</ItemName>
      <ManufactureName>פארמה דיל (פ.א.ב.) שיווק והפצה</ManufactureName>
      <ManufactureCountry />
      <ManufactureItemDescription />
      <UnitQty>יח`</UnitQty>
      <Quantity>550</Quantity>
      <UnitMeasure>גרם</UnitMeasure>
      <BisWeighted>0</BisWeighted>
      <QtyInPackage>1</QtyInPackage>
      <ItemPrice>19.90</ItemPrice>
      <UnitOfMeasurePrice>3.62</UnitOfMeasurePrice>
      <AllowDiscount>0</AllowDiscount>
      <itemStatus>1</itemStatus>
      <LastUpdateDate />
      <LastUpdateTime />
    </Product>
    <Product>
      <PriceUpdateDate>2016/12/13 09:31</PriceUpdateDate>
      <ItemCode>7290014648081</ItemCode>
      <ItemType>1</ItemType>
      <ItemName>סכיני גילוח חדפ 10 יחידות</ItemName>
      <ManufactureName>פארמה דיל (פ.א.ב.) שיווק והפצה</ManufactureName>
      <ManufactureCountry />
      <ManufactureItemDescription />
      <UnitQty>יח`</UnitQty>
      <Quantity>1</Quantity>
      <UnitMeasure />
      <BisWeighted>0</BisWeighted>
      <QtyInPackage>1</QtyInPackage>
      <ItemPrice>10</ItemPrice>
      <UnitOfMeasurePrice>10</UnitOfMeasurePrice>
      <AllowDiscount>0</AllowDiscount>
      <itemStatus>1</itemStatus>
      <LastUpdateDate />
      <LastUpdateTime />
    </Product>
    <Product>
      <PriceUpdateDate>2016/11/16 08:10</PriceUpdateDate>
      <ItemCode>7290014648159</ItemCode>
      <ItemType>1</ItemType>
      <ItemName>LA BELLE קרם חמצן 6% 60מל</ItemName>
      <ManufactureName>פארמה דיל (פ.א.ב.) שיווק והפצה</ManufactureName>
      <ManufactureCountry />
      <ManufactureItemDescription />
      <UnitQty>יח`</UnitQty>
      <Quantity>1</Quantity>
      <UnitMeasure />
      <BisWeighted>0</BisWeighted>
      <QtyInPackage>1</QtyInPackage>
      <ItemPrice>3.90</ItemPrice>
      <UnitOfMeasurePrice>3.90</UnitOfMeasurePrice>
      <AllowDiscount>0</AllowDiscount>
      <itemStatus>1</itemStatus>
      <LastUpdateDate />
      <LastUpdateTime />
    </Product>
    <Product>
      <PriceUpdateDate>2018/02/07 10:44</PriceUpdateDate>
      <ItemCode>7290014648302</ItemCode>
      <ItemType>1</ItemType>
      <ItemName>מד חום דיגיטלי רגיל PHARMA AID</ItemName>
      <ManufactureName>קונסיגנציה פארמה דיל (פ.א.ב) ש</ManufactureName>
      <ManufactureCountry />
      <ManufactureItemDescription />
      <UnitQty>יח`</UnitQty>
      <Quantity>1</Quantity>
      <UnitMeasure />
      <BisWeighted>0</BisWeighted>
      <QtyInPackage>1</QtyInPackage>
      <ItemPrice>14.90</ItemPrice>
      <UnitOfMeasurePrice>14.90</UnitOfMeasurePrice>
      <AllowDiscount>0</AllowDiscount>
      <itemStatus>1</itemStatus>
      <LastUpdateDate />
      <LastUpdateTime />
    </Product>
    <Product>
      <PriceUpdateDate>2018/02/07 10:44</PriceUpdateDate>
      <ItemCode>7290014648357</ItemCode>
      <ItemType>1</ItemType>
      <ItemName>פלסטרים בגוון העור 100 יח`PHARMA AID</ItemName>
      <ManufactureName>קונסיגנציה פארמה דיל (פ.א.ב) ש</ManufactureName>
      <ManufactureCountry />
      <ManufactureItemDescription />
      <UnitQty>יח`</UnitQty>
      <Quantity>1</Quantity>
      <UnitMeasure />
      <BisWeighted>0</BisWeighted>
      <QtyInPackage>1</QtyInPackage>
      <ItemPrice>14.90</ItemPrice>
      <UnitOfMeasurePrice>14.90</UnitOfMeasurePrice>
      <AllowDiscount>0</AllowDiscount>
      <itemStatus>1</itemStatus>
      <LastUpdateDate />
      <LastUpdateTime />
    </Product>
    <Product>
      <PriceUpdateDate>2018/02/07 10:44</PriceUpdateDate>
      <ItemCode>7290014648364</ItemCode>
      <ItemType>1</ItemType>
      <ItemName>פלסטרים בגוון העור 40  יח`PHARMA AID</ItemName>
      <ManufactureName>קונסיגנציה פארמה דיל (פ.א.ב) ש</ManufactureName>
      <ManufactureCountry />
      <ManufactureItemDescription />
      <UnitQty>יח`</UnitQty>
      <Quantity>1</Quantity>
      <UnitMeasure />
      <BisWeighted>0</BisWeighted>
      <QtyInPackage>1</QtyInPackage>
      <ItemPrice>10.90</ItemPrice>
      <UnitOfMeasurePrice>10.90</UnitOfMeasurePrice>
      <AllowDiscount>0</AllowDiscount>
      <itemStatus>1</itemStatus>
      <LastUpdateDate />
      <LastUpdateTime />
    </Product>
    <Product>
      <PriceUpdateDate>2018/02/07 10:44</PriceUpdateDate>
      <ItemCode>7290014648395</ItemCode>
      <ItemType>1</ItemType>
      <ItemName>פלסטרים שקופים בדלים שונים 30  יח`PHARMA</ItemName>
      <ManufactureName>קונסיגנציה פארמה דיל (פ.א.ב) ש</ManufactureName>
      <ManufactureCountry />
      <ManufactureItemDescription />
      <UnitQty>יח`</UnitQty>
      <Quantity>1</Quantity>
      <UnitMeasure />
      <BisWeighted>0</BisWeighted>
      <QtyInPackage>1</QtyInPackage>
      <ItemPrice>8.90</ItemPrice>
      <UnitOfMeasurePrice>8.90</UnitOfMeasurePrice>
      <AllowDiscount>0</AllowDiscount>
      <itemStatus>1</itemStatus>
      <LastUpdateDate />
      <LastUpdateTime />
    </Product>
    <Product>
      <PriceUpdateDate>2018/02/07 10:44</PriceUpdateDate>
      <ItemCode>7290014648500</ItemCode>
      <ItemType>1</ItemType>
      <ItemName>פלסטר נייר בגליל 5סמ PHARMA AID</ItemName>
      <ManufactureName>קונסיגנציה פארמה דיל (פ.א.ב) ש</ManufactureName>
      <ManufactureCountry />
      <ManufactureItemDescription />
      <UnitQty>יח`</UnitQty>
      <Quantity>1</Quantity>
      <UnitMeasure />
      <BisWeighted>0</BisWeighted>
      <QtyInPackage>1</QtyInPackage>
      <ItemPrice>14.90</ItemPrice>
      <UnitOfMeasurePrice>14.90</UnitOfMeasurePrice>
      <AllowDiscount>0</AllowDiscount>
      <itemStatus>1</itemStatus>
      <LastUpdateDate />
      <LastUpdateTime />
    </Product>
    <Product>
      <PriceUpdateDate>2018/02/07 10:44</PriceUpdateDate>
      <ItemCode>7290014648579</ItemCode>
      <ItemType>1</ItemType>
      <ItemName>פד דביק סטרילי 5X7.5סמ PHARMA AID</ItemName>
      <ManufactureName>קונסיגנציה פארמה דיל (פ.א.ב) ש</ManufactureName>
      <ManufactureCountry />
      <ManufactureItemDescription />
      <UnitQty>יח`</UnitQty>
      <Quantity>1</Quantity>
      <UnitMeasure />
      <BisWeighted>0</BisWeighted>
      <QtyInPackage>1</QtyInPackage>
      <ItemPrice>12.90</ItemPrice>
      <UnitOfMeasurePrice>12.90</UnitOfMeasurePrice>
      <AllowDiscount>0</AllowDiscount>
      <itemStatus>1</itemStatus>
      <LastUpdateDate />
      <LastUpdateTime />
    </Product>
    <Product>
      <PriceUpdateDate>2018/02/07 10:44</PriceUpdateDate>
      <ItemCode>7290014648623</ItemCode>
      <ItemType>1</ItemType>
      <ItemName>אטמי אזנים מספוג 3זוגות PHARMA AID</ItemName>
      <ManufactureName>קונסיגנציה פארמה דיל (פ.א.ב) ש</ManufactureName>
      <ManufactureCountry />
      <ManufactureItemDescription />
      <UnitQty>יח`</UnitQty>
      <Quantity>1</Quantity>
      <UnitMeasure />
      <BisWeighted>0</BisWeighted>
      <QtyInPackage>1</QtyInPackage>
      <ItemPrice>10.90</ItemPrice>
      <UnitOfMeasurePrice>10.90</UnitOfMeasurePrice>
      <AllowDiscount>0</AllowDiscount>
      <itemStatus>1</itemStatus>
      <LastUpdateDate />
      <LastUpdateTime />
    </Product>
    <Product>
      <PriceUpdateDate>2018/07/23 09:17</PriceUpdateDate>
      <ItemCode>7290014648906</ItemCode>
      <ItemType>1</ItemType>
      <ItemName>LA BELLE מסיר לק מהציפורניים 100 מל</ItemName>
      <ManufactureName>פארמה דיל (פ.א.ב.) שיווק והפצה</ManufactureName>
      <ManufactureCountry />
      <ManufactureItemDescription />
      <UnitQty>יח`</UnitQty>
      <Quantity>1</Quantity>
      <UnitMeasure />
      <BisWeighted>0</BisWeighted>
      <QtyInPackage>1</QtyInPackage>
      <ItemPrice>3.90</ItemPrice>
      <UnitOfMeasurePrice>3.90</UnitOfMeasurePrice>
      <AllowDiscount>0</AllowDiscount>
      <itemStatus>1</itemStatus>
      <LastUpdateDate />
      <LastUpdateTime />
    </Product>
    <Product>
      <PriceUpdateDate>2018/10/19 10:54</PriceUpdateDate>
      <ItemCode>7290014648913</ItemCode>
      <ItemType>1</ItemType>
      <ItemName>פדים קוסמטיים 80 יח LA BELLE מארז שליישי</ItemName>
      <ManufactureName>פארמה דיל (פ.א.ב.) שיווק והפצה</ManufactureName>
      <ManufactureCountry />
      <ManufactureItemDescription />
      <UnitQty>יח`</UnitQty>
      <Quantity>1</Quantity>
      <UnitMeasure />
      <BisWeighted>0</BisWeighted>
      <QtyInPackage>1</QtyInPackage>
      <ItemPrice>14.90</ItemPrice>
      <UnitOfMeasurePrice>14.90</UnitOfMeasurePrice>
      <AllowDiscount>0</AllowDiscount>
      <itemStatus>1</itemStatus>
      <LastUpdateDate />
      <LastUpdateTime />
    </Product>
    <Product>
      <PriceUpdateDate>2019/07/21 08:23</PriceUpdateDate>
      <ItemCode>7290014673014</ItemCode>
      <ItemType>1</ItemType>
      <ItemName>פלפל אנגלי שלם תבליני מימון (90 גרם)</ItemName>
      <ManufactureName>א.ל.ייצור ושיווק תבלינים בעמ</ManufactureName>
      <ManufactureCountry />
      <ManufactureItemDescription />
      <UnitQty>יח`</UnitQty>
      <Quantity>90</Quantity>
      <UnitMeasure>גרם</UnitMeasure>
      <BisWeighted>0</BisWeighted>
      <QtyInPackage>1</QtyInPackage>
      <ItemPrice>12.90</ItemPrice>
      <UnitOfMeasurePrice>14.33</UnitOfMeasurePrice>
      <AllowDiscount>0</AllowDiscount>
      <itemStatus>1</itemStatus>
      <LastUpdateDate />
      <LastUpdateTime />
    </Product>
    <Product>
      <PriceUpdateDate>2018/02/06 12:05</PriceUpdateDate>
      <ItemCode>7290014673298</ItemCode>
      <ItemType>1</ItemType>
      <ItemName>פירורי לחם זהוב תבליני מימון (800 גרם)</ItemName>
      <ManufactureName>א.ל.ייצור ושיווק תבלינים בעמ</ManufactureName>
      <ManufactureCountry />
      <ManufactureItemDescription />
      <UnitQty>יח`</UnitQty>
      <Quantity>800</Quantity>
      <UnitMeasure>גרם</UnitMeasure>
      <BisWeighted>0</BisWeighted>
      <QtyInPackage>1</QtyInPackage>
      <ItemPrice>16.90</ItemPrice>
      <UnitOfMeasurePrice>2.11</UnitOfMeasurePrice>
      <AllowDiscount>1</AllowDiscount>
      <itemStatus>1</itemStatus>
      <LastUpdateDate />
      <LastUpdateTime />
    </Product>
    <Product>
      <PriceUpdateDate>2016/01/06 14:11</PriceUpdateDate>
      <ItemCode>7290014673359</ItemCode>
      <ItemType>1</ItemType>
      <ItemName>מלח לימון תבליני מימון (400 גרם)</ItemName>
      <ManufactureName>א.ל.ייצור ושיווק תבלינים בעמ</ManufactureName>
      <ManufactureCountry />
      <ManufactureItemDescription />
      <UnitQty>יח`</UnitQty>
      <Quantity>400</Quantity>
      <UnitMeasure>גרם</UnitMeasure>
      <BisWeighted>0</BisWeighted>
      <QtyInPackage>1</QtyInPackage>
      <ItemPrice>21.90</ItemPrice>
      <UnitOfMeasurePrice>5.48</UnitOfMeasurePrice>
      <AllowDiscount>0</AllowDiscount>
      <itemStatus>1</itemStatus>
      <LastUpdateDate />
      <LastUpdateTime />
    </Product>
    <Product>
      <PriceUpdateDate>2016/01/06 14:11</PriceUpdateDate>
      <ItemCode>7290014673373</ItemCode>
      <ItemType>1</ItemType>
      <ItemName>פפריקה הונגרית חריפה 250 גר`</ItemName>
      <ManufactureName>א.ל.ייצור ושיווק תבלינים בעמ</ManufactureName>
      <ManufactureCountry />
      <ManufactureItemDescription />
      <UnitQty>יח`</UnitQty>
      <Quantity>250</Quantity>
      <UnitMeasure>גרם</UnitMeasure>
      <BisWeighted>0</BisWeighted>
      <QtyInPackage>1</QtyInPackage>
      <ItemPrice>21.90</ItemPrice>
      <UnitOfMeasurePrice>8.76</UnitOfMeasurePrice>
      <AllowDiscount>0</AllowDiscount>
      <itemStatus>1</itemStatus>
      <LastUpdateDate />
      <LastUpdateTime />
    </Product>
    <Product>
      <PriceUpdateDate>2016/01/06 14:11</PriceUpdateDate>
      <ItemCode>7290014673397</ItemCode>
      <ItemType>1</ItemType>
      <ItemName>תיבול לגריל עוף 250 גר`</ItemName>
      <ManufactureName>א.ל.ייצור ושיווק תבלינים בעמ</ManufactureName>
      <ManufactureCountry />
      <ManufactureItemDescription />
      <UnitQty>יח`</UnitQty>
      <Quantity>250</Quantity>
      <UnitMeasure>גרם</UnitMeasure>
      <BisWeighted>0</BisWeighted>
      <QtyInPackage>1</QtyInPackage>
      <ItemPrice>21.90</ItemPrice>
      <UnitOfMeasurePrice>8.76</UnitOfMeasurePrice>
      <AllowDiscount>0</AllowDiscount>
      <itemStatus>1</itemStatus>
      <LastUpdateDate />
      <LastUpdateTime />
    </Product>
    <Product>
      <PriceUpdateDate>2016/01/06 14:11</PriceUpdateDate>
      <ItemCode>7290014673410</ItemCode>
      <ItemType>1</ItemType>
      <ItemName>פלפל שחור גרוס דק 250 גר`</ItemName>
      <ManufactureName>א.ל.ייצור ושיווק תבלינים בעמ</ManufactureName>
      <ManufactureCountry />
      <ManufactureItemDescription />
      <UnitQty>יח`</UnitQty>
      <Quantity>250</Quantity>
      <UnitMeasure>גרם</UnitMeasure>
      <BisWeighted>0</BisWeighted>
      <QtyInPackage>1</QtyInPackage>
      <ItemPrice>29.90</ItemPrice>
      <UnitOfMeasurePrice>11.96</UnitOfMeasurePrice>
      <AllowDiscount>0</AllowDiscount>
      <itemStatus>1</itemStatus>
      <LastUpdateDate />
      <LastUpdateTime />
    </Product>
    <Product>
      <PriceUpdateDate>2018/04/25 09:10</PriceUpdateDate>
      <ItemCode>7290014673434</ItemCode>
      <ItemType>1</ItemType>
      <ItemName>פלפל שחור גרוס דק שקית 80 גר`</ItemName>
      <ManufactureName>א.ל.ייצור ושיווק תבלינים בעמ</ManufactureName>
      <ManufactureCountry />
      <ManufactureItemDescription />
      <UnitQty>יח`</UnitQty>
      <Quantity>80</Quantity>
      <UnitMeasure>גרם</UnitMeasure>
      <BisWeighted>0</BisWeighted>
      <QtyInPackage>1</QtyInPackage>
      <ItemPrice>9.90</ItemPrice>
      <UnitOfMeasurePrice>12.38</UnitOfMeasurePrice>
      <AllowDiscount>0</AllowDiscount>
      <itemStatus>1</itemStatus>
      <LastUpdateDate />
      <LastUpdateTime />
    </Product>
    <Product>
      <PriceUpdateDate>2014/12/15 10:55</PriceUpdateDate>
      <ItemCode>7290014692336</ItemCode>
      <ItemType>1</ItemType>
      <ItemName>שיני שום במי מלח 340 גרם</ItemName>
      <ManufactureName>ג.וילי-פוד אינטרנשיונל בעמ</ManufactureName>
      <ManufactureCountry />
      <ManufactureItemDescription />
      <UnitQty>יח`</UnitQty>
      <Quantity>340</Quantity>
      <UnitMeasure>גרם</UnitMeasure>
      <BisWeighted>0</BisWeighted>
      <QtyInPackage>1</QtyInPackage>
      <ItemPrice>11.90</ItemPrice>
      <UnitOfMeasurePrice>3.50</UnitOfMeasurePrice>
      <AllowDiscount>1</AllowDiscount>
      <itemStatus>1</itemStatus>
      <LastUpdateDate />
      <LastUpdateTime />
    </Product>
    <Product>
      <PriceUpdateDate>2014/05/11 08:47</PriceUpdateDate>
      <ItemCode>7290014692565</ItemCode>
      <ItemType>1</ItemType>
      <ItemName>גרעיני תירס מתוק וילי פוד (320 גרם)</ItemName>
      <ManufactureName>ג.וילי-פוד אינטרנשיונל בעמ</ManufactureName>
      <ManufactureCountry />
      <ManufactureItemDescription />
      <UnitQty>יח`</UnitQty>
      <Quantity>285</Quantity>
      <UnitMeasure>גרם</UnitMeasure>
      <BisWeighted>0</BisWeighted>
      <QtyInPackage>1</QtyInPackage>
      <ItemPrice>4.90</ItemPrice>
      <UnitOfMeasurePrice>1.72</UnitOfMeasurePrice>
      <AllowDiscount>0</AllowDiscount>
      <itemStatus>1</itemStatus>
      <LastUpdateDate />
      <LastUpdateTime />
    </Product>
    <Product>
      <PriceUpdateDate>2016/04/04 13:02</PriceUpdateDate>
      <ItemCode>7290014745919</ItemCode>
      <ItemType>1</ItemType>
      <ItemName>שניצל עוף דקיק קריספי 700 גר` עוף טוב</ItemName>
      <ManufactureName>קבוצת אסם סחר שות. מוגבלת</ManufactureName>
      <ManufactureCountry />
      <ManufactureItemDescription />
      <UnitQty>יח`</UnitQty>
      <Quantity>700</Quantity>
      <UnitMeasure>גרם</UnitMeasure>
      <BisWeighted>0</BisWeighted>
      <QtyInPackage>1</QtyInPackage>
      <ItemPrice>35.90</ItemPrice>
      <UnitOfMeasurePrice>5.13</UnitOfMeasurePrice>
      <AllowDiscount>1</AllowDiscount>
      <itemStatus>1</itemStatus>
      <LastUpdateDate />
      <LastUpdateTime />
    </Product>
    <Product>
      <PriceUpdateDate>2018/08/08 15:47</PriceUpdateDate>
      <ItemCode>7290014758100</ItemCode>
      <ItemType>1</ItemType>
      <ItemName>יוגורט ביו 3% תנובה (150x8 גרם)</ItemName>
      <ManufactureName>תנובה - חלב</ManufactureName>
      <ManufactureCountry />
      <ManufactureItemDescription />
      <UnitQty>יח`</UnitQty>
      <Quantity>1200</Quantity>
      <UnitMeasure>גרם</UnitMeasure>
      <BisWeighted>0</BisWeighted>
      <QtyInPackage>1</QtyInPackage>
      <ItemPrice>16.50</ItemPrice>
      <UnitOfMeasurePrice>1.38</UnitOfMeasurePrice>
      <AllowDiscount>1</AllowDiscount>
      <itemStatus>1</itemStatus>
      <LastUpdateDate />
      <LastUpdateTime />
    </Product>
    <Product>
      <PriceUpdateDate>2018/08/08 15:47</PriceUpdateDate>
      <ItemCode>7290014758117</ItemCode>
      <ItemType>1</ItemType>
      <ItemName>יוגורט ביו 1.5% תנובה (150x8 גרם)</ItemName>
      <ManufactureName>תנובה - חלב</ManufactureName>
      <ManufactureCountry />
      <ManufactureItemDescription />
      <UnitQty>יח`</UnitQty>
      <Quantity>1200</Quantity>
      <UnitMeasure>גרם</UnitMeasure>
      <BisWeighted>0</BisWeighted>
      <QtyInPackage>1</QtyInPackage>
      <ItemPrice>16.50</ItemPrice>
      <UnitOfMeasurePrice>1.38</UnitOfMeasurePrice>
      <AllowDiscount>1</AllowDiscount>
      <itemStatus>1</itemStatus>
      <LastUpdateDate />
      <LastUpdateTime />
    </Product>
    <Product>
      <PriceUpdateDate>2018/08/08 15:47</PriceUpdateDate>
      <ItemCode>7290014758148</ItemCode>
      <ItemType>1</ItemType>
      <ItemName>סמי גלבוע 400 גר</ItemName>
      <ManufactureName>תנובה - חלב</ManufactureName>
      <ManufactureCountry />
      <ManufactureItemDescription />
      <UnitQty>יח`</UnitQty>
      <Quantity>400</Quantity>
      <UnitMeasure>גרם</UnitMeasure>
      <BisWeighted>0</BisWeighted>
      <QtyInPackage>1</QtyInPackage>
      <ItemPrice>20.50</ItemPrice>
      <UnitOfMeasurePrice>5.13</UnitOfMeasurePrice>
      <AllowDiscount>0</AllowDiscount>
      <itemStatus>1</itemStatus>
      <LastUpdateDate />
      <LastUpdateTime />
    </Product>
    <Product>
      <PriceUpdateDate>2014/05/25 07:19</PriceUpdateDate>
      <ItemCode>7290014758162</ItemCode>
      <ItemType>1</ItemType>
      <ItemName>חלב עיזים מלא 3.6% שומן תנובה (1 ליטר)</ItemName>
      <ManufactureName>תנובה - חלב</ManufactureName>
      <ManufactureCountry />
      <ManufactureItemDescription />
      <UnitQty>יח`</UnitQty>
      <Quantity>1</Quantity>
      <UnitMeasure>1 ליטר</UnitMeasure>
      <BisWeighted>0</BisWeighted>
      <QtyInPackage>1</QtyInPackage>
      <ItemPrice>15</ItemPrice>
      <UnitOfMeasurePrice>15</UnitOfMeasurePrice>
      <AllowDiscount>0</AllowDiscount>
      <itemStatus>1</itemStatus>
      <LastUpdateDate />
      <LastUpdateTime />
    </Product>
    <Product>
      <PriceUpdateDate>2018/08/08 15:47</PriceUpdateDate>
      <ItemCode>7290014758308</ItemCode>
      <ItemType>1</ItemType>
      <ItemName>פיראוס יוגורט עיזים בגביע אישי 150 גר`</ItemName>
      <ManufactureName>תנובה - חלב</ManufactureName>
      <ManufactureCountry />
      <ManufactureItemDescription />
      <UnitQty>יח`</UnitQty>
      <Quantity>150</Quantity>
      <UnitMeasure>מ"ל</UnitMeasure>
      <BisWeighted>0</BisWeighted>
      <QtyInPackage>1</QtyInPackage>
      <ItemPrice>6.20</ItemPrice>
      <UnitOfMeasurePrice>4.13</UnitOfMeasurePrice>
      <AllowDiscount>0</AllowDiscount>
      <itemStatus>1</itemStatus>
      <LastUpdateDate />
      <LastUpdateTime />
    </Product>
    <Product>
      <PriceUpdateDate>2017/06/04 09:44</PriceUpdateDate>
      <ItemCode>7290014758681</ItemCode>
      <ItemType>1</ItemType>
      <ItemName>גבינת קוטג` 1% בגביע תנובה (250 גרם)</ItemName>
      <ManufactureName>תנובה - חלב</ManufactureName>
      <ManufactureCountry />
      <ManufactureItemDescription />
      <UnitQty>יח`</UnitQty>
      <Quantity>250</Quantity>
      <UnitMeasure>גרם</UnitMeasure>
      <BisWeighted>0</BisWeighted>
      <QtyInPackage>1</QtyInPackage>
      <ItemPrice>5.50</ItemPrice>
      <UnitOfMeasurePrice>2.20</UnitOfMeasurePrice>
      <AllowDiscount>0</AllowDiscount>
      <itemStatus>1</itemStatus>
      <LastUpdateDate />
      <LastUpdateTime />
    </Product>
    <Product>
      <PriceUpdateDate>2018/08/08 15:47</PriceUpdateDate>
      <ItemCode>7290014759084</ItemCode>
      <ItemType>1</ItemType>
      <ItemName>גבינת נפוליאון 225 גר` 16% גביע</ItemName>
      <ManufactureName>תנובה - חלב</ManufactureName>
      <ManufactureCountry />
      <ManufactureItemDescription />
      <UnitQty>יח`</UnitQty>
      <Quantity>225</Quantity>
      <UnitMeasure>גרם</UnitMeasure>
      <BisWeighted>0</BisWeighted>
      <QtyInPackage>1</QtyInPackage>
      <ItemPrice>13.90</ItemPrice>
      <UnitOfMeasurePrice>6.18</UnitOfMeasurePrice>
      <AllowDiscount>0</AllowDiscount>
      <itemStatus>1</itemStatus>
      <LastUpdateDate />
      <LastUpdateTime />
    </Product>
    <Product>
      <PriceUpdateDate>2018/08/08 15:47</PriceUpdateDate>
      <ItemCode>7290014759534</ItemCode>
      <ItemType>1</ItemType>
      <ItemName>פיראוס בולגרית למריחה 200 גר`</ItemName>
      <ManufactureName>תנובה - חלב</ManufactureName>
      <ManufactureCountry />
      <ManufactureItemDescription />
      <UnitQty>יח`</UnitQty>
      <Quantity>200</Quantity>
      <UnitMeasure>גרם</UnitMeasure>
      <BisWeighted>0</BisWeighted>
      <QtyInPackage>1</QtyInPackage>
      <ItemPrice>13.90</ItemPrice>
      <UnitOfMeasurePrice>6.95</UnitOfMeasurePrice>
      <AllowDiscount>0</AllowDiscount>
      <itemStatus>1</itemStatus>
      <LastUpdateDate />
      <LastUpdateTime />
    </Product>
    <Product>
      <PriceUpdateDate>2018/08/08 15:47</PriceUpdateDate>
      <ItemCode>7290014759909</ItemCode>
      <ItemType>1</ItemType>
      <ItemName>פיראוס פטה עיזים 5% 250  גר`גביע</ItemName>
      <ManufactureName>תנובה - חלב</ManufactureName>
      <ManufactureCountry />
      <ManufactureItemDescription />
      <UnitQty>יח`</UnitQty>
      <Quantity>250</Quantity>
      <UnitMeasure>גרם</UnitMeasure>
      <BisWeighted>0</BisWeighted>
      <QtyInPackage>1</QtyInPackage>
      <ItemPrice>28.50</ItemPrice>
      <UnitOfMeasurePrice>11.40</UnitOfMeasurePrice>
      <AllowDiscount>0</AllowDiscount>
      <itemStatus>1</itemStatus>
      <LastUpdateDate />
      <LastUpdateTime />
    </Product>
    <Product>
      <PriceUpdateDate>2018/08/08 15:47</PriceUpdateDate>
      <ItemCode>7290014759978</ItemCode>
      <ItemType>1</ItemType>
      <ItemName>קצ`קאבל פלח 200 גר</ItemName>
      <ManufactureName>תנובה - חלב</ManufactureName>
      <ManufactureCountry />
      <ManufactureItemDescription />
      <UnitQty>יח`</UnitQty>
      <Quantity>200</Quantity>
      <UnitMeasure>גרם</UnitMeasure>
      <BisWeighted>0</BisWeighted>
      <QtyInPackage>1</QtyInPackage>
      <ItemPrice>25.50</ItemPrice>
      <UnitOfMeasurePrice>12.75</UnitOfMeasurePrice>
      <AllowDiscount>0</AllowDiscount>
      <itemStatus>1</itemStatus>
      <LastUpdateDate />
      <LastUpdateTime />
    </Product>
    <Product>
      <PriceUpdateDate>2018/01/08 16:37</PriceUpdateDate>
      <ItemCode>7290014760134</ItemCode>
      <ItemType>1</ItemType>
      <ItemName>מעדן סויה בטעם וניל 125 גר` תנובה</ItemName>
      <ManufactureName>תנובה - חלב</ManufactureName>
      <ManufactureCountry />
      <ManufactureItemDescription />
      <UnitQty>יח`</UnitQty>
      <Quantity>125</Quantity>
      <UnitMeasure>גרם</UnitMeasure>
      <BisWeighted>0</BisWeighted>
      <QtyInPackage>1</QtyInPackage>
      <ItemPrice>3.90</ItemPrice>
      <UnitOfMeasurePrice>3.12</UnitOfMeasurePrice>
      <AllowDiscount>0</AllowDiscount>
      <itemStatus>1</itemStatus>
      <LastUpdateDate />
      <LastUpdateTime />
    </Product>
    <Product>
      <PriceUpdateDate>2015/06/12 10:20</PriceUpdateDate>
      <ItemCode>7290014760141</ItemCode>
      <ItemType>1</ItemType>
      <ItemName>משקה שקדים טרי תנובה (1 ליטר)</ItemName>
      <ManufactureName>תנובה - חלב</ManufactureName>
      <ManufactureCountry />
      <ManufactureItemDescription />
      <UnitQty>יח`</UnitQty>
      <Quantity>1000</Quantity>
      <UnitMeasure>מ"ל</UnitMeasure>
      <BisWeighted>0</BisWeighted>
      <QtyInPackage>1</QtyInPackage>
      <ItemPrice>11.90</ItemPrice>
      <UnitOfMeasurePrice>1.19</UnitOfMeasurePrice>
      <AllowDiscount>1</AllowDiscount>
      <itemStatus>1</itemStatus>
      <LastUpdateDate />
      <LastUpdateTime />
    </Product>
    <Product>
      <PriceUpdateDate>2018/08/08 15:47</PriceUpdateDate>
      <ItemCode>7290014760448</ItemCode>
      <ItemType>1</ItemType>
      <ItemName>גבינה צהובה 22% שומן גלבוע (400 גרם)</ItemName>
      <ManufactureName>תנובה - חלב</ManufactureName>
      <ManufactureCountry />
      <ManufactureItemDescription />
      <UnitQty>יח`</UnitQty>
      <Quantity>400</Quantity>
      <UnitMeasure>גרם</UnitMeasure>
      <BisWeighted>0</BisWeighted>
      <QtyInPackage>1</QtyInPackage>
      <ItemPrice>22.90</ItemPrice>
      <UnitOfMeasurePrice>5.73</UnitOfMeasurePrice>
      <AllowDiscount>0</AllowDiscount>
      <itemStatus>1</itemStatus>
      <LastUpdateDate />
      <LastUpdateTime />
    </Product>
    <Product>
      <PriceUpdateDate>2018/08/08 15:47</PriceUpdateDate>
      <ItemCode>7290014761056</ItemCode>
      <ItemType>1</ItemType>
      <ItemName>מעדן שוקולד חלב יולו (123 גרם)</ItemName>
      <ManufactureName>תנובה - חלב</ManufactureName>
      <ManufactureCountry />
      <ManufactureItemDescription />
      <UnitQty>יח`</UnitQty>
      <Quantity>123</Quantity>
      <UnitMeasure>מ"ל</UnitMeasure>
      <BisWeighted>0</BisWeighted>
      <QtyInPackage>1</QtyInPackage>
      <ItemPrice>4.50</ItemPrice>
      <UnitOfMeasurePrice>3.66</UnitOfMeasurePrice>
      <AllowDiscount>1</AllowDiscount>
      <itemStatus>1</itemStatus>
      <LastUpdateDate />
      <LastUpdateTime />
    </Product>
    <Product>
      <PriceUpdateDate>2018/08/08 15:47</PriceUpdateDate>
      <ItemCode>7290014761070</ItemCode>
      <ItemType>1</ItemType>
      <ItemName>מעדן שוקולד לבן יולו (123 גרם)</ItemName>
      <ManufactureName>תנובה - חלב</ManufactureName>
      <ManufactureCountry />
      <ManufactureItemDescription />
      <UnitQty>יח`</UnitQty>
      <Quantity>123</Quantity>
      <UnitMeasure>מ"ל</UnitMeasure>
      <BisWeighted>0</BisWeighted>
      <QtyInPackage>1</QtyInPackage>
      <ItemPrice>4.50</ItemPrice>
      <UnitOfMeasurePrice>3.66</UnitOfMeasurePrice>
      <AllowDiscount>1</AllowDiscount>
      <itemStatus>1</itemStatus>
      <LastUpdateDate />
      <LastUpdateTime />
    </Product>
    <Product>
      <PriceUpdateDate>2018/08/08 15:47</PriceUpdateDate>
      <ItemCode>7290014761193</ItemCode>
      <ItemType>1</ItemType>
      <ItemName>יוגורט עם פירות יער 1.5% פרילי (125 גרם)</ItemName>
      <ManufactureName>תנובה - חלב</ManufactureName>
      <ManufactureCountry />
      <ManufactureItemDescription />
      <UnitQty>יח`</UnitQty>
      <Quantity>125</Quantity>
      <UnitMeasure>מ"ל</UnitMeasure>
      <BisWeighted>0</BisWeighted>
      <QtyInPackage>1</QtyInPackage>
      <ItemPrice>3.50</ItemPrice>
      <UnitOfMeasurePrice>2.80</UnitOfMeasurePrice>
      <AllowDiscount>0</AllowDiscount>
      <itemStatus>1</itemStatus>
      <LastUpdateDate />
      <LastUpdateTime />
    </Product>
    <Product>
      <PriceUpdateDate>2018/08/08 15:47</PriceUpdateDate>
      <ItemCode>7290014761414</ItemCode>
      <ItemType>1</ItemType>
      <ItemName>יולו מעדן שכבות שוקולד חלבי לבן</ItemName>
      <ManufactureName>תנובה - חלב</ManufactureName>
      <ManufactureCountry />
      <ManufactureItemDescription />
      <UnitQty>יח`</UnitQty>
      <Quantity>123</Quantity>
      <UnitMeasure>מ"ל</UnitMeasure>
      <BisWeighted>0</BisWeighted>
      <QtyInPackage>1</QtyInPackage>
      <ItemPrice>4.50</ItemPrice>
      <UnitOfMeasurePrice>3.66</UnitOfMeasurePrice>
      <AllowDiscount>1</AllowDiscount>
      <itemStatus>1</itemStatus>
      <LastUpdateDate />
      <LastUpdateTime />
    </Product>
    <Product>
      <PriceUpdateDate>2016/05/15 08:11</PriceUpdateDate>
      <ItemCode>7290014762282</ItemCode>
      <ItemType>1</ItemType>
      <ItemName>דייאט יופלה 0% אוכמניות בתחתית</ItemName>
      <ManufactureName>תנובה - חלב</ManufactureName>
      <ManufactureCountry />
      <ManufactureItemDescription />
      <UnitQty>יח`</UnitQty>
      <Quantity>150</Quantity>
      <UnitMeasure>גרם</UnitMeasure>
      <BisWeighted>0</BisWeighted>
      <QtyInPackage>1</QtyInPackage>
      <ItemPrice>4.90</ItemPrice>
      <UnitOfMeasurePrice>3.27</UnitOfMeasurePrice>
      <AllowDiscount>1</AllowDiscount>
      <itemStatus>1</itemStatus>
      <LastUpdateDate />
      <LastUpdateTime />
    </Product>
    <Product>
      <PriceUpdateDate>2017/08/25 11:09</PriceUpdateDate>
      <ItemCode>7290014762770</ItemCode>
      <ItemType>1</ItemType>
      <ItemName>מעדן סויה טעם אפרסק</ItemName>
      <ManufactureName>תנובה - חלב</ManufactureName>
      <ManufactureCountry />
      <ManufactureItemDescription />
      <UnitQty>יח`</UnitQty>
      <Quantity>125</Quantity>
      <UnitMeasure>גרם</UnitMeasure>
      <BisWeighted>0</BisWeighted>
      <QtyInPackage>1</QtyInPackage>
      <ItemPrice>3.90</ItemPrice>
      <UnitOfMeasurePrice>3.12</UnitOfMeasurePrice>
      <AllowDiscount>0</AllowDiscount>
      <itemStatus>1</itemStatus>
      <LastUpdateDate />
      <LastUpdateTime />
    </Product>
    <Product>
      <PriceUpdateDate>2017/08/25 11:09</PriceUpdateDate>
      <ItemCode>7290014762794</ItemCode>
      <ItemType>1</ItemType>
      <ItemName>מעדן סויה במתיקות מעודנת</ItemName>
      <ManufactureName>תנובה - חלב</ManufactureName>
      <ManufactureCountry />
      <ManufactureItemDescription />
      <UnitQty>יח`</UnitQty>
      <Quantity>125</Quantity>
      <UnitMeasure>גרם</UnitMeasure>
      <BisWeighted>0</BisWeighted>
      <QtyInPackage>1</QtyInPackage>
      <ItemPrice>3.90</ItemPrice>
      <UnitOfMeasurePrice>3.12</UnitOfMeasurePrice>
      <AllowDiscount>0</AllowDiscount>
      <itemStatus>1</itemStatus>
      <LastUpdateDate />
      <LastUpdateTime />
    </Product>
    <Product>
      <PriceUpdateDate>2019/05/07 09:01</PriceUpdateDate>
      <ItemCode>7290014762909</ItemCode>
      <ItemType>1</ItemType>
      <ItemName>פתיתי מוצרלה 200 גרם</ItemName>
      <ManufactureName>תנובה - חלב</ManufactureName>
      <ManufactureCountry />
      <ManufactureItemDescription />
      <UnitQty>יח`</UnitQty>
      <Quantity>200</Quantity>
      <UnitMeasure>גרם</UnitMeasure>
      <BisWeighted>0</BisWeighted>
      <QtyInPackage>1</QtyInPackage>
      <ItemPrice>15.90</ItemPrice>
      <UnitOfMeasurePrice>7.95</UnitOfMeasurePrice>
      <AllowDiscount>0</AllowDiscount>
      <itemStatus>1</itemStatus>
      <LastUpdateDate />
      <LastUpdateTime />
    </Product>
    <Product>
      <PriceUpdateDate>2018/08/08 15:47</PriceUpdateDate>
      <ItemCode>7290014763098</ItemCode>
      <ItemType>1</ItemType>
      <ItemName>קרם גבינה שמנת 5% טוסקנה 200 גרם</ItemName>
      <ManufactureName>תנובה - חלב</ManufactureName>
      <ManufactureCountry />
      <ManufactureItemDescription />
      <UnitQty>יח`</UnitQty>
      <Quantity>200</Quantity>
      <UnitMeasure>גרם</UnitMeasure>
      <BisWeighted>0</BisWeighted>
      <QtyInPackage>1</QtyInPackage>
      <ItemPrice>11.50</ItemPrice>
      <UnitOfMeasurePrice>5.75</UnitOfMeasurePrice>
      <AllowDiscount>0</AllowDiscount>
      <itemStatus>1</itemStatus>
      <LastUpdateDate />
      <LastUpdateTime />
    </Product>
    <Product>
      <PriceUpdateDate>2016/06/19 08:17</PriceUpdateDate>
      <ItemCode>7290014763272</ItemCode>
      <ItemType>1</ItemType>
      <ItemName>משקה סויה BIO עם תות בננה בתוספת חיידקי</ItemName>
      <ManufactureName>תנובה - חלב</ManufactureName>
      <ManufactureCountry />
      <ManufactureItemDescription />
      <UnitQty>יח`</UnitQty>
      <Quantity>250</Quantity>
      <UnitMeasure>גרם</UnitMeasure>
      <BisWeighted>0</BisWeighted>
      <QtyInPackage>1</QtyInPackage>
      <ItemPrice>5.30</ItemPrice>
      <UnitOfMeasurePrice>2.12</UnitOfMeasurePrice>
      <AllowDiscount>0</AllowDiscount>
      <itemStatus>1</itemStatus>
      <LastUpdateDate />
      <LastUpdateTime />
    </Product>
    <Product>
      <PriceUpdateDate>2018/08/08 15:47</PriceUpdateDate>
      <ItemCode>7290014763319</ItemCode>
      <ItemType>1</ItemType>
      <ItemName>גבינת קרם שמנת 5% עירית ובצל</ItemName>
      <ManufactureName>תנובה - חלב</ManufactureName>
      <ManufactureCountry />
      <ManufactureItemDescription />
      <UnitQty>יח`</UnitQty>
      <Quantity>200</Quantity>
      <UnitMeasure>גרם</UnitMeasure>
      <BisWeighted>0</BisWeighted>
      <QtyInPackage>1</QtyInPackage>
      <ItemPrice>11.50</ItemPrice>
      <UnitOfMeasurePrice>5.75</UnitOfMeasurePrice>
      <AllowDiscount>0</AllowDiscount>
      <itemStatus>1</itemStatus>
      <LastUpdateDate />
      <LastUpdateTime />
    </Product>
    <Product>
      <PriceUpdateDate>2018/01/08 16:37</PriceUpdateDate>
      <ItemCode>7290014763579</ItemCode>
      <ItemType>1</ItemType>
      <ItemName>מעדן סויה ביו בטעם פירות יער 125 גר`</ItemName>
      <ManufactureName>תנובה - חלב</ManufactureName>
      <ManufactureCountry />
      <ManufactureItemDescription />
      <UnitQty>יח`</UnitQty>
      <Quantity>125</Quantity>
      <UnitMeasure>גרם</UnitMeasure>
      <BisWeighted>0</BisWeighted>
      <QtyInPackage>1</QtyInPackage>
      <ItemPrice>3.90</ItemPrice>
      <UnitOfMeasurePrice>3.12</UnitOfMeasurePrice>
      <AllowDiscount>0</AllowDiscount>
      <itemStatus>1</itemStatus>
      <LastUpdateDate />
      <LastUpdateTime />
    </Product>
    <Product>
      <PriceUpdateDate>2016/12/11 08:11</PriceUpdateDate>
      <ItemCode>7290014763678</ItemCode>
      <ItemType>1</ItemType>
      <ItemName>משקה טעם וניל תנובה GO</ItemName>
      <ManufactureName>תנובה - חלב</ManufactureName>
      <ManufactureCountry />
      <ManufactureItemDescription />
      <UnitQty>יח`</UnitQty>
      <Quantity>250</Quantity>
      <UnitMeasure>מ"ל</UnitMeasure>
      <BisWeighted>0</BisWeighted>
      <QtyInPackage>1</QtyInPackage>
      <ItemPrice>5.90</ItemPrice>
      <UnitOfMeasurePrice>2.36</UnitOfMeasurePrice>
      <AllowDiscount>1</AllowDiscount>
      <itemStatus>1</itemStatus>
      <LastUpdateDate />
      <LastUpdateTime />
    </Product>
    <Product>
      <PriceUpdateDate>2019/01/03 10:56</PriceUpdateDate>
      <ItemCode>7290014785007</ItemCode>
      <ItemType>1</ItemType>
      <ItemName>גרגרי טפיוקה קטנים 400  גר`טעמי אסיה</ItemName>
      <ManufactureName>טעמי אסיה בעמ</ManufactureName>
      <ManufactureCountry />
      <ManufactureItemDescription />
      <UnitQty>יח`</UnitQty>
      <Quantity>400</Quantity>
      <UnitMeasure>גרם</UnitMeasure>
      <BisWeighted>0</BisWeighted>
      <QtyInPackage>1</QtyInPackage>
      <ItemPrice>7.90</ItemPrice>
      <UnitOfMeasurePrice>1.98</UnitOfMeasurePrice>
      <AllowDiscount>0</AllowDiscount>
      <itemStatus>1</itemStatus>
      <LastUpdateDate />
      <LastUpdateTime />
    </Product>
    <Product>
      <PriceUpdateDate>2015/04/29 14:51</PriceUpdateDate>
      <ItemCode>7290014785076</ItemCode>
      <ItemType>1</ItemType>
      <ItemName>קרם קוקוס ללא חומר משמר 400מל כשר</ItemName>
      <ManufactureName>טעמי אסיה בעמ</ManufactureName>
      <ManufactureCountry />
      <ManufactureItemDescription />
      <UnitQty>יח`</UnitQty>
      <Quantity>400</Quantity>
      <UnitMeasure>מ"ל</UnitMeasure>
      <BisWeighted>0</BisWeighted>
      <QtyInPackage>1</QtyInPackage>
      <ItemPrice>9.90</ItemPrice>
      <UnitOfMeasurePrice>2.48</UnitOfMeasurePrice>
      <AllowDiscount>0</AllowDiscount>
      <itemStatus>1</itemStatus>
      <LastUpdateDate />
      <LastUpdateTime />
    </Product>
    <Product>
      <PriceUpdateDate>2014/08/14 15:37</PriceUpdateDate>
      <ItemCode>7290014785168</ItemCode>
      <ItemType>1</ItemType>
      <ItemName>אטריות שירטאקה 200 גר דקות</ItemName>
      <ManufactureName>טעמי אסיה בעמ</ManufactureName>
      <ManufactureCountry />
      <ManufactureItemDescription />
      <UnitQty>יח`</UnitQty>
      <Quantity>200</Quantity>
      <UnitMeasure>גרם</UnitMeasure>
      <BisWeighted>0</BisWeighted>
      <QtyInPackage>1</QtyInPackage>
      <ItemPrice>9.90</ItemPrice>
      <UnitOfMeasurePrice>4.95</UnitOfMeasurePrice>
      <AllowDiscount>0</AllowDiscount>
      <itemStatus>1</itemStatus>
      <LastUpdateDate />
      <LastUpdateTime />
    </Product>
    <Product>
      <PriceUpdateDate>2019/01/11 10:21</PriceUpdateDate>
      <ItemCode>7290014785991</ItemCode>
      <ItemType>1</ItemType>
      <ItemName>רוטב סויה ללא גולטן 500 מל טעמי אסיה</ItemName>
      <ManufactureName>טעמי אסיה בעמ</ManufactureName>
      <ManufactureCountry />
      <ManufactureItemDescription />
      <UnitQty>יח`</UnitQty>
      <Quantity>500</Quantity>
      <UnitMeasure>מ"ל</UnitMeasure>
      <BisWeighted>0</BisWeighted>
      <QtyInPackage>1</QtyInPackage>
      <ItemPrice>13.90</ItemPrice>
      <UnitOfMeasurePrice>2.78</UnitOfMeasurePrice>
      <AllowDiscount>0</AllowDiscount>
      <itemStatus>1</itemStatus>
      <LastUpdateDate />
      <LastUpdateTime />
    </Product>
    <Product>
      <PriceUpdateDate>2020/02/23 16:38</PriceUpdateDate>
      <ItemCode>7290014791558</ItemCode>
      <ItemType>1</ItemType>
      <ItemName>רביעייה שוופס סודה נענע ליים 1.5 ליטר</ItemName>
      <ManufactureName>יפאורה</ManufactureName>
      <ManufactureCountry />
      <ManufactureItemDescription />
      <UnitQty>יח`</UnitQty>
      <Quantity>6</Quantity>
      <UnitMeasure>1 ליטר</UnitMeasure>
      <BisWeighted>0</BisWeighted>
      <QtyInPackage>1</QtyInPackage>
      <ItemPrice>11</ItemPrice>
      <UnitOfMeasurePrice>1.83</UnitOfMeasurePrice>
      <AllowDiscount>0</AllowDiscount>
      <itemStatus>1</itemStatus>
      <LastUpdateDate />
      <LastUpdateTime />
    </Product>
    <Product>
      <PriceUpdateDate>2019/01/14 08:23</PriceUpdateDate>
      <ItemCode>7290014791565</ItemCode>
      <ItemType>1</ItemType>
      <ItemName>משקה מוגז בטעם ענבים שוופס (1.5 ליטר)</ItemName>
      <ManufactureName>יפאורה</ManufactureName>
      <ManufactureCountry />
      <ManufactureItemDescription />
      <UnitQty>יח`</UnitQty>
      <Quantity>1.50</Quantity>
      <UnitMeasure>1 ליטר</UnitMeasure>
      <BisWeighted>0</BisWeighted>
      <QtyInPackage>1</QtyInPackage>
      <ItemPrice>6.90</ItemPrice>
      <UnitOfMeasurePrice>4.60</UnitOfMeasurePrice>
      <AllowDiscount>1</AllowDiscount>
      <itemStatus>1</itemStatus>
      <LastUpdateDate />
      <LastUpdateTime />
    </Product>
    <Product>
      <PriceUpdateDate>2015/06/18 06:50</PriceUpdateDate>
      <ItemCode>7290014791770</ItemCode>
      <ItemType>1</ItemType>
      <ItemName>משקה בטעם ענבים פרוט ווטר (1.5 ליטר)</ItemName>
      <ManufactureName>יפאורה</ManufactureName>
      <ManufactureCountry />
      <ManufactureItemDescription />
      <UnitQty>יח`</UnitQty>
      <Quantity>1500</Quantity>
      <UnitMeasure>מ"ל</UnitMeasure>
      <BisWeighted>0</BisWeighted>
      <QtyInPackage>1</QtyInPackage>
      <ItemPrice>6.90</ItemPrice>
      <UnitOfMeasurePrice>0.46</UnitOfMeasurePrice>
      <AllowDiscount>1</AllowDiscount>
      <itemStatus>1</itemStatus>
      <LastUpdateDate />
      <LastUpdateTime />
    </Product>
    <Product>
      <PriceUpdateDate>2015/06/18 06:50</PriceUpdateDate>
      <ItemCode>7290014791787</ItemCode>
      <ItemType>1</ItemType>
      <ItemName>משקה בטעם אננס פרוט ווטר (1.5 ליטר)</ItemName>
      <ManufactureName>יפאורה</ManufactureName>
      <ManufactureCountry />
      <ManufactureItemDescription />
      <UnitQty>יח`</UnitQty>
      <Quantity>1500</Quantity>
      <UnitMeasure>מ"ל</UnitMeasure>
      <BisWeighted>0</BisWeighted>
      <QtyInPackage>1</QtyInPackage>
      <ItemPrice>6.90</ItemPrice>
      <UnitOfMeasurePrice>0.46</UnitOfMeasurePrice>
      <AllowDiscount>1</AllowDiscount>
      <itemStatus>1</itemStatus>
      <LastUpdateDate />
      <LastUpdateTime />
    </Product>
    <Product>
      <PriceUpdateDate>2015/06/18 06:50</PriceUpdateDate>
      <ItemCode>7290014791817</ItemCode>
      <ItemType>1</ItemType>
      <ItemName>משקה בטעם אבטיח פרוט ווטר (1.5 ליטר)</ItemName>
      <ManufactureName>יפאורה</ManufactureName>
      <ManufactureCountry />
      <ManufactureItemDescription />
      <UnitQty>יח`</UnitQty>
      <Quantity>1500</Quantity>
      <UnitMeasure>מ"ל</UnitMeasure>
      <BisWeighted>0</BisWeighted>
      <QtyInPackage>1</QtyInPackage>
      <ItemPrice>6.90</ItemPrice>
      <UnitOfMeasurePrice>0.46</UnitOfMeasurePrice>
      <AllowDiscount>1</AllowDiscount>
      <itemStatus>1</itemStatus>
      <LastUpdateDate />
      <LastUpdateTime />
    </Product>
    <Product>
      <PriceUpdateDate>2016/01/19 06:57</PriceUpdateDate>
      <ItemCode>7290014791824</ItemCode>
      <ItemType>1</ItemType>
      <ItemName>משקה בטעם תות פרוט ווטר (1.5 ליטר)</ItemName>
      <ManufactureName>יפאורה</ManufactureName>
      <ManufactureCountry />
      <ManufactureItemDescription />
      <UnitQty>יח`</UnitQty>
      <Quantity>1500</Quantity>
      <UnitMeasure>מ"ל</UnitMeasure>
      <BisWeighted>0</BisWeighted>
      <QtyInPackage>1</QtyInPackage>
      <ItemPrice>6.90</ItemPrice>
      <UnitOfMeasurePrice>0.46</UnitOfMeasurePrice>
      <AllowDiscount>1</AllowDiscount>
      <itemStatus>1</itemStatus>
      <LastUpdateDate />
      <LastUpdateTime />
    </Product>
    <Product>
      <PriceUpdateDate>2015/06/24 08:37</PriceUpdateDate>
      <ItemCode>7290014855434</ItemCode>
      <ItemType>1</ItemType>
      <ItemName>מגבונים בייביסיטר רביעייה</ItemName>
      <ManufactureName>שקד תבל בעמ</ManufactureName>
      <ManufactureCountry />
      <ManufactureItemDescription />
      <UnitQty>יח`</UnitQty>
      <Quantity>1</Quantity>
      <UnitMeasure />
      <BisWeighted>0</BisWeighted>
      <QtyInPackage>1</QtyInPackage>
      <ItemPrice>17.90</ItemPrice>
      <UnitOfMeasurePrice>17.90</UnitOfMeasurePrice>
      <AllowDiscount>1</AllowDiscount>
      <itemStatus>1</itemStatus>
      <LastUpdateDate />
      <LastUpdateTime />
    </Product>
    <Product>
      <PriceUpdateDate>2015/06/24 08:37</PriceUpdateDate>
      <ItemCode>7290014855458</ItemCode>
      <ItemType>1</ItemType>
      <ItemName>מגבונים בייביסיטר רביעייה</ItemName>
      <ManufactureName>שקד תבל בעמ</ManufactureName>
      <ManufactureCountry />
      <ManufactureItemDescription />
      <UnitQty>יח`</UnitQty>
      <Quantity>1</Quantity>
      <UnitMeasure />
      <BisWeighted>0</BisWeighted>
      <QtyInPackage>1</QtyInPackage>
      <ItemPrice>17.90</ItemPrice>
      <UnitOfMeasurePrice>17.90</UnitOfMeasurePrice>
      <AllowDiscount>1</AllowDiscount>
      <itemStatus>1</itemStatus>
      <LastUpdateDate />
      <LastUpdateTime />
    </Product>
    <Product>
      <PriceUpdateDate>2019/06/03 08:29</PriceUpdateDate>
      <ItemCode>7290014901896</ItemCode>
      <ItemType>1</ItemType>
      <ItemName>מי פה קולמינט סנסודיין (500 מל)</ItemName>
      <ManufactureName>גורי ע.ע.ע בעמ</ManufactureName>
      <ManufactureCountry />
      <ManufactureItemDescription />
      <UnitQty>יח`</UnitQty>
      <Quantity>500</Quantity>
      <UnitMeasure>מ"ל</UnitMeasure>
      <BisWeighted>0</BisWeighted>
      <QtyInPackage>1</QtyInPackage>
      <ItemPrice>25.90</ItemPrice>
      <UnitOfMeasurePrice>5.18</UnitOfMeasurePrice>
      <AllowDiscount>0</AllowDiscount>
      <itemStatus>1</itemStatus>
      <LastUpdateDate />
      <LastUpdateTime />
    </Product>
    <Product>
      <PriceUpdateDate>2015/05/27 16:58</PriceUpdateDate>
      <ItemCode>7290014905207</ItemCode>
      <ItemType>1</ItemType>
      <ItemName>הפי ג`ל מנקה אסלות יעקבי (750 מל)</ItemName>
      <ManufactureName>יעקב יעקבי ובניו בעמ</ManufactureName>
      <ManufactureCountry />
      <ManufactureItemDescription />
      <UnitQty>יח`</UnitQty>
      <Quantity>750</Quantity>
      <UnitMeasure>מ"ל</UnitMeasure>
      <BisWeighted>0</BisWeighted>
      <QtyInPackage>1</QtyInPackage>
      <ItemPrice>9.90</ItemPrice>
      <UnitOfMeasurePrice>1.32</UnitOfMeasurePrice>
      <AllowDiscount>0</AllowDiscount>
      <itemStatus>1</itemStatus>
      <LastUpdateDate />
      <LastUpdateTime />
    </Product>
    <Product>
      <PriceUpdateDate>2014/07/17 19:15</PriceUpdateDate>
      <ItemCode>7290014905498</ItemCode>
      <ItemType>1</ItemType>
      <ItemName>הפי מטלית רב פעמית יעקבי (20)</ItemName>
      <ManufactureName>יעקב יעקבי ובניו בעמ</ManufactureName>
      <ManufactureCountry />
      <ManufactureItemDescription />
      <UnitQty>יח`</UnitQty>
      <Quantity>1</Quantity>
      <UnitMeasure />
      <BisWeighted>0</BisWeighted>
      <QtyInPackage>1</QtyInPackage>
      <ItemPrice>11.90</ItemPrice>
      <UnitOfMeasurePrice>11.90</UnitOfMeasurePrice>
      <AllowDiscount>0</AllowDiscount>
      <itemStatus>1</itemStatus>
      <LastUpdateDate />
      <LastUpdateTime />
    </Product>
    <Product>
      <PriceUpdateDate>2014/12/18 16:54</PriceUpdateDate>
      <ItemCode>7290014905689</ItemCode>
      <ItemType>1</ItemType>
      <ItemName>הפי כלים ירוק תפוח 563 - מרוכז 24%</ItemName>
      <ManufactureName>יעקב יעקבי ובניו בעמ</ManufactureName>
      <ManufactureCountry />
      <ManufactureItemDescription />
      <UnitQty>יח`</UnitQty>
      <Quantity>750</Quantity>
      <UnitMeasure>מ"ל</UnitMeasure>
      <BisWeighted>0</BisWeighted>
      <QtyInPackage>1</QtyInPackage>
      <ItemPrice>10.90</ItemPrice>
      <UnitOfMeasurePrice>1.45</UnitOfMeasurePrice>
      <AllowDiscount>0</AllowDiscount>
      <itemStatus>1</itemStatus>
      <LastUpdateDate />
      <LastUpdateTime />
    </Product>
    <Product>
      <PriceUpdateDate>2014/12/18 16:54</PriceUpdateDate>
      <ItemCode>7290014905696</ItemCode>
      <ItemType>1</ItemType>
      <ItemName>הפי כלים צהוב לימון 210- מרוכז 24%</ItemName>
      <ManufactureName>יעקב יעקבי ובניו בעמ</ManufactureName>
      <ManufactureCountry />
      <ManufactureItemDescription />
      <UnitQty>יח`</UnitQty>
      <Quantity>750</Quantity>
      <UnitMeasure>מ"ל</UnitMeasure>
      <BisWeighted>0</BisWeighted>
      <QtyInPackage>1</QtyInPackage>
      <ItemPrice>10.90</ItemPrice>
      <UnitOfMeasurePrice>1.45</UnitOfMeasurePrice>
      <AllowDiscount>0</AllowDiscount>
      <itemStatus>1</itemStatus>
      <LastUpdateDate />
      <LastUpdateTime />
    </Product>
    <Product>
      <PriceUpdateDate>2014/12/18 16:54</PriceUpdateDate>
      <ItemCode>7290014905733</ItemCode>
      <ItemType>1</ItemType>
      <ItemName>נוזל לניקוי חלונות הפי (750 מל)</ItemName>
      <ManufactureName>יעקב יעקבי ובניו בעמ</ManufactureName>
      <ManufactureCountry />
      <ManufactureItemDescription />
      <UnitQty>יח`</UnitQty>
      <Quantity>750</Quantity>
      <UnitMeasure>מ"ל</UnitMeasure>
      <BisWeighted>0</BisWeighted>
      <QtyInPackage>1</QtyInPackage>
      <ItemPrice>9.90</ItemPrice>
      <UnitOfMeasurePrice>1.32</UnitOfMeasurePrice>
      <AllowDiscount>0</AllowDiscount>
      <itemStatus>1</itemStatus>
      <LastUpdateDate />
      <LastUpdateTime />
    </Product>
    <Product>
      <PriceUpdateDate>2015/03/16 06:47</PriceUpdateDate>
      <ItemCode>7290014905894</ItemCode>
      <ItemType>1</ItemType>
      <ItemName>הפי אוקסי ספריי</ItemName>
      <ManufactureName>יעקב יעקבי ובניו בעמ</ManufactureName>
      <ManufactureCountry />
      <ManufactureItemDescription />
      <UnitQty>יח`</UnitQty>
      <Quantity>500</Quantity>
      <UnitMeasure>מ"ל</UnitMeasure>
      <BisWeighted>0</BisWeighted>
      <QtyInPackage>1</QtyInPackage>
      <ItemPrice>14.90</ItemPrice>
      <UnitOfMeasurePrice>2.98</UnitOfMeasurePrice>
      <AllowDiscount>0</AllowDiscount>
      <itemStatus>1</itemStatus>
      <LastUpdateDate />
      <LastUpdateTime />
    </Product>
    <Product>
      <PriceUpdateDate>2016/11/20 10:48</PriceUpdateDate>
      <ItemCode>7290014910386</ItemCode>
      <ItemType>1</ItemType>
      <ItemName>קורנישונים במלח 690 גר` לינה</ItemName>
      <ManufactureName>יורוסטנדרט בעמ</ManufactureName>
      <ManufactureCountry />
      <ManufactureItemDescription />
      <UnitQty>יח`</UnitQty>
      <Quantity>690</Quantity>
      <UnitMeasure>גרם</UnitMeasure>
      <BisWeighted>0</BisWeighted>
      <QtyInPackage>1</QtyInPackage>
      <ItemPrice>9.90</ItemPrice>
      <UnitOfMeasurePrice>1.43</UnitOfMeasurePrice>
      <AllowDiscount>1</AllowDiscount>
      <itemStatus>1</itemStatus>
      <LastUpdateDate />
      <LastUpdateTime />
    </Product>
    <Product>
      <PriceUpdateDate>2019/05/02 12:58</PriceUpdateDate>
      <ItemCode>7290014910461</ItemCode>
      <ItemType>1</ItemType>
      <ItemName>ערק יודה 700 מל</ItemName>
      <ManufactureName>יורוסטנדרט בעמ</ManufactureName>
      <ManufactureCountry />
      <ManufactureItemDescription />
      <UnitQty>יח`</UnitQty>
      <Quantity>700</Quantity>
      <UnitMeasure>מ"ל</UnitMeasure>
      <BisWeighted>0</BisWeighted>
      <QtyInPackage>1</QtyInPackage>
      <ItemPrice>54.90</ItemPrice>
      <UnitOfMeasurePrice>7.80</UnitOfMeasurePrice>
      <AllowDiscount>1</AllowDiscount>
      <itemStatus>1</itemStatus>
      <LastUpdateDate />
      <LastUpdateTime />
    </Product>
    <Product>
      <PriceUpdateDate>2017/12/12 08:25</PriceUpdateDate>
      <ItemCode>7290014940901</ItemCode>
      <ItemType>1</ItemType>
      <ItemName>לחם פשוט מלא לילדים פרוס אנג`ל (750 גרם)</ItemName>
      <ManufactureName>שלמה א. אנג`ל בעמ</ManufactureName>
      <ManufactureCountry />
      <ManufactureItemDescription />
      <UnitQty>יח`</UnitQty>
      <Quantity>500</Quantity>
      <UnitMeasure>גרם</UnitMeasure>
      <BisWeighted>0</BisWeighted>
      <QtyInPackage>1</QtyInPackage>
      <ItemPrice>12.90</ItemPrice>
      <UnitOfMeasurePrice>2.58</UnitOfMeasurePrice>
      <AllowDiscount>1</AllowDiscount>
      <itemStatus>1</itemStatus>
      <LastUpdateDate />
      <LastUpdateTime />
    </Product>
    <Product>
      <PriceUpdateDate>2017/03/30 07:24</PriceUpdateDate>
      <ItemCode>7290014945906</ItemCode>
      <ItemType>1</ItemType>
      <ItemName>מטליות לחות לניקוי כללי בניחוח לימון 50</ItemName>
      <ManufactureName>מ.א.ייצור ויבוא מטליות בעמ</ManufactureName>
      <ManufactureCountry />
      <ManufactureItemDescription />
      <UnitQty>יח`</UnitQty>
      <Quantity>1</Quantity>
      <UnitMeasure />
      <BisWeighted>0</BisWeighted>
      <QtyInPackage>1</QtyInPackage>
      <ItemPrice>6.90</ItemPrice>
      <UnitOfMeasurePrice>6.90</UnitOfMeasurePrice>
      <AllowDiscount>0</AllowDiscount>
      <itemStatus>1</itemStatus>
      <LastUpdateDate />
      <LastUpdateTime />
    </Product>
    <Product>
      <PriceUpdateDate>2020/04/30 06:55</PriceUpdateDate>
      <ItemCode>7290014947108</ItemCode>
      <ItemType>1</ItemType>
      <ItemName>זן בר פריכיות כוסמין ללא מלח 120 גר</ItemName>
      <ManufactureName>אבאל יזמות בעמ</ManufactureName>
      <ManufactureCountry />
      <ManufactureItemDescription />
      <UnitQty>יח`</UnitQty>
      <Quantity>120</Quantity>
      <UnitMeasure>גרם</UnitMeasure>
      <BisWeighted>0</BisWeighted>
      <QtyInPackage>1</QtyInPackage>
      <ItemPrice>7.90</ItemPrice>
      <UnitOfMeasurePrice>6.58</UnitOfMeasurePrice>
      <AllowDiscount>0</AllowDiscount>
      <itemStatus>1</itemStatus>
      <LastUpdateDate />
      <LastUpdateTime />
    </Product>
    <Product>
      <PriceUpdateDate>2020/04/30 06:55</PriceUpdateDate>
      <ItemCode>7290014947115</ItemCode>
      <ItemType>1</ItemType>
      <ItemName>זן בר פריכיות כוסמת עם מלח 120 גר</ItemName>
      <ManufactureName>אבאל יזמות בעמ</ManufactureName>
      <ManufactureCountry />
      <ManufactureItemDescription />
      <UnitQty>יח`</UnitQty>
      <Quantity>120</Quantity>
      <UnitMeasure>גרם</UnitMeasure>
      <BisWeighted>0</BisWeighted>
      <QtyInPackage>1</QtyInPackage>
      <ItemPrice>7.90</ItemPrice>
      <UnitOfMeasurePrice>6.58</UnitOfMeasurePrice>
      <AllowDiscount>0</AllowDiscount>
      <itemStatus>1</itemStatus>
      <LastUpdateDate />
      <LastUpdateTime />
    </Product>
    <Product>
      <PriceUpdateDate>2020/04/30 06:55</PriceUpdateDate>
      <ItemCode>7290014947122</ItemCode>
      <ItemType>1</ItemType>
      <ItemName>זן בר פריכיות כוסמת ללא מלח 120 גר</ItemName>
      <ManufactureName>אבאל יזמות בעמ</ManufactureName>
      <ManufactureCountry />
      <ManufactureItemDescription />
      <UnitQty>יח`</UnitQty>
      <Quantity>120</Quantity>
      <UnitMeasure>גרם</UnitMeasure>
      <BisWeighted>0</BisWeighted>
      <QtyInPackage>1</QtyInPackage>
      <ItemPrice>7.90</ItemPrice>
      <UnitOfMeasurePrice>6.58</UnitOfMeasurePrice>
      <AllowDiscount>0</AllowDiscount>
      <itemStatus>1</itemStatus>
      <LastUpdateDate />
      <LastUpdateTime />
    </Product>
    <Product>
      <PriceUpdateDate>2020/04/30 06:55</PriceUpdateDate>
      <ItemCode>7290014947139</ItemCode>
      <ItemType>1</ItemType>
      <ItemName>זן בר פריכיות תירס עם מלח 120 גר</ItemName>
      <ManufactureName>אבאל יזמות בעמ</ManufactureName>
      <ManufactureCountry />
      <ManufactureItemDescription />
      <UnitQty>יח`</UnitQty>
      <Quantity>120</Quantity>
      <UnitMeasure>גרם</UnitMeasure>
      <BisWeighted>0</BisWeighted>
      <QtyInPackage>1</QtyInPackage>
      <ItemPrice>7.90</ItemPrice>
      <UnitOfMeasurePrice>6.58</UnitOfMeasurePrice>
      <AllowDiscount>0</AllowDiscount>
      <itemStatus>1</itemStatus>
      <LastUpdateDate />
      <LastUpdateTime />
    </Product>
    <Product>
      <PriceUpdateDate>2016/03/08 08:20</PriceUpdateDate>
      <ItemCode>7290014947597</ItemCode>
      <ItemType>1</ItemType>
      <ItemName>שמן קוקוס מזוכך (350 מל)</ItemName>
      <ManufactureName>זנבר טבע בעמ</ManufactureName>
      <ManufactureCountry />
      <ManufactureItemDescription />
      <UnitQty>יח`</UnitQty>
      <Quantity>350</Quantity>
      <UnitMeasure>מ"ל</UnitMeasure>
      <BisWeighted>0</BisWeighted>
      <QtyInPackage>1</QtyInPackage>
      <ItemPrice>19.90</ItemPrice>
      <UnitOfMeasurePrice>5.69</UnitOfMeasurePrice>
      <AllowDiscount>0</AllowDiscount>
      <itemStatus>1</itemStatus>
      <LastUpdateDate />
      <LastUpdateTime />
    </Product>
    <Product>
      <PriceUpdateDate>2019/01/23 11:01</PriceUpdateDate>
      <ItemCode>7290014974562</ItemCode>
      <ItemType>1</ItemType>
      <ItemName>גביעי גלידה 24 יח -גילרו</ItemName>
      <ManufactureName>רזיט שיווק בעמ</ManufactureName>
      <ManufactureCountry />
      <ManufactureItemDescription />
      <UnitQty>יח`</UnitQty>
      <Quantity>1</Quantity>
      <UnitMeasure />
      <BisWeighted>0</BisWeighted>
      <QtyInPackage>1</QtyInPackage>
      <ItemPrice>6.50</ItemPrice>
      <UnitOfMeasurePrice>6.50</UnitOfMeasurePrice>
      <AllowDiscount>1</AllowDiscount>
      <itemStatus>1</itemStatus>
      <LastUpdateDate />
      <LastUpdateTime />
    </Product>
    <Product>
      <PriceUpdateDate>2018/12/25 15:10</PriceUpdateDate>
      <ItemCode>7290015005555</ItemCode>
      <ItemType>1</ItemType>
      <ItemName>צ`פס אמריקאי 2 קג פג</ItemName>
      <ManufactureName>ויטה -פרי גליל (החדשה) בעמ</ManufactureName>
      <ManufactureCountry />
      <ManufactureItemDescription />
      <UnitQty>יח`</UnitQty>
      <Quantity>2</Quantity>
      <UnitMeasure>גרם</UnitMeasure>
      <BisWeighted>0</BisWeighted>
      <QtyInPackage>1</QtyInPackage>
      <ItemPrice>20.90</ItemPrice>
      <UnitOfMeasurePrice>1045</UnitOfMeasurePrice>
      <AllowDiscount>0</AllowDiscount>
      <itemStatus>1</itemStatus>
      <LastUpdateDate />
      <LastUpdateTime />
    </Product>
    <Product>
      <PriceUpdateDate>2019/02/19 20:10</PriceUpdateDate>
      <ItemCode>7290015039246</ItemCode>
      <ItemType>1</ItemType>
      <ItemName>טונה בשמן רביעייה 160 גר - וילי פוד</ItemName>
      <ManufactureName>ג.וילי-פוד אינטרנשיונל בעמ</ManufactureName>
      <ManufactureCountry />
      <ManufactureItemDescription />
      <UnitQty>יח`</UnitQty>
      <Quantity>640</Quantity>
      <UnitMeasure>גרם</UnitMeasure>
      <BisWeighted>0</BisWeighted>
      <QtyInPackage>1</QtyInPackage>
      <ItemPrice>21.90</ItemPrice>
      <UnitOfMeasurePrice>3.42</UnitOfMeasurePrice>
      <AllowDiscount>1</AllowDiscount>
      <itemStatus>1</itemStatus>
      <LastUpdateDate />
      <LastUpdateTime />
    </Product>
    <Product>
      <PriceUpdateDate>2015/12/01 18:41</PriceUpdateDate>
      <ItemCode>7290015039253</ItemCode>
      <ItemType>1</ItemType>
      <ItemName>עלי גפן במי מלח 620 גר</ItemName>
      <ManufactureName>ג.וילי-פוד אינטרנשיונל בעמ</ManufactureName>
      <ManufactureCountry />
      <ManufactureItemDescription />
      <UnitQty>יח`</UnitQty>
      <Quantity>620</Quantity>
      <UnitMeasure>גרם</UnitMeasure>
      <BisWeighted>0</BisWeighted>
      <QtyInPackage>1</QtyInPackage>
      <ItemPrice>11.90</ItemPrice>
      <UnitOfMeasurePrice>1.92</UnitOfMeasurePrice>
      <AllowDiscount>0</AllowDiscount>
      <itemStatus>1</itemStatus>
      <LastUpdateDate />
      <LastUpdateTime />
    </Product>
    <Product>
      <PriceUpdateDate>2019/02/19 20:10</PriceUpdateDate>
      <ItemCode>7290015039338</ItemCode>
      <ItemType>1</ItemType>
      <ItemName>טונה במים רביעייה 160 גר - וילי פוד</ItemName>
      <ManufactureName>ג.וילי-פוד אינטרנשיונל בעמ</ManufactureName>
      <ManufactureCountry />
      <ManufactureItemDescription />
      <UnitQty>יח`</UnitQty>
      <Quantity>640</Quantity>
      <UnitMeasure>גרם</UnitMeasure>
      <BisWeighted>0</BisWeighted>
      <QtyInPackage>1</QtyInPackage>
      <ItemPrice>21.90</ItemPrice>
      <UnitOfMeasurePrice>3.42</UnitOfMeasurePrice>
      <AllowDiscount>1</AllowDiscount>
      <itemStatus>1</itemStatus>
      <LastUpdateDate />
      <LastUpdateTime />
    </Product>
    <Product>
      <PriceUpdateDate>2015/03/03 11:17</PriceUpdateDate>
      <ItemCode>7290015039499</ItemCode>
      <ItemType>1</ItemType>
      <ItemName>עוגיות איטלקיות מובחרות 1קג</ItemName>
      <ManufactureName>ג.וילי-פוד אינטרנשיונל בעמ</ManufactureName>
      <ManufactureCountry />
      <ManufactureItemDescription />
      <UnitQty>יח`</UnitQty>
      <Quantity>1000</Quantity>
      <UnitMeasure>גרם</UnitMeasure>
      <BisWeighted>0</BisWeighted>
      <QtyInPackage>1</QtyInPackage>
      <ItemPrice>11.90</ItemPrice>
      <UnitOfMeasurePrice>1.19</UnitOfMeasurePrice>
      <AllowDiscount>0</AllowDiscount>
      <itemStatus>1</itemStatus>
      <LastUpdateDate />
      <LastUpdateTime />
    </Product>
    <Product>
      <PriceUpdateDate>2015/03/03 08:12</PriceUpdateDate>
      <ItemCode>7290015150088</ItemCode>
      <ItemType>1</ItemType>
      <ItemName>מחית עגבניות קלה גראנד איטליה (700 גרם)</ItemName>
      <ManufactureName>תה ויסוצקי (ישראל) בעמ</ManufactureName>
      <ManufactureCountry />
      <ManufactureItemDescription />
      <UnitQty>יח`</UnitQty>
      <Quantity>700</Quantity>
      <UnitMeasure>גרם</UnitMeasure>
      <BisWeighted>0</BisWeighted>
      <QtyInPackage>1</QtyInPackage>
      <ItemPrice>13.90</ItemPrice>
      <UnitOfMeasurePrice>1.99</UnitOfMeasurePrice>
      <AllowDiscount>0</AllowDiscount>
      <itemStatus>1</itemStatus>
      <LastUpdateDate />
      <LastUpdateTime />
    </Product>
    <Product>
      <PriceUpdateDate>2019/01/30 09:00</PriceUpdateDate>
      <ItemCode>7290015150910</ItemCode>
      <ItemType>1</ItemType>
      <ItemName>תה ירוק לימונית ויסמין ויסוצקי) (25</ItemName>
      <ManufactureName>תה ויסוצקי (ישראל) בעמ</ManufactureName>
      <ManufactureCountry />
      <ManufactureItemDescription />
      <UnitQty>יח`</UnitQty>
      <Quantity>1</Quantity>
      <UnitMeasure />
      <BisWeighted>0</BisWeighted>
      <QtyInPackage>1</QtyInPackage>
      <ItemPrice>24.90</ItemPrice>
      <UnitOfMeasurePrice>24.90</UnitOfMeasurePrice>
      <AllowDiscount>0</AllowDiscount>
      <itemStatus>1</itemStatus>
      <LastUpdateDate />
      <LastUpdateTime />
    </Product>
    <Product>
      <PriceUpdateDate>2017/07/10 07:52</PriceUpdateDate>
      <ItemCode>7290015155823</ItemCode>
      <ItemType>1</ItemType>
      <ItemName>פאוץ` פרינוק תפוח 120 גר`</ItemName>
      <ManufactureName>גורי מוצרי צריכה (1991) בעמ</ManufactureName>
      <ManufactureCountry />
      <ManufactureItemDescription />
      <UnitQty>יח`</UnitQty>
      <Quantity>120</Quantity>
      <UnitMeasure>גרם</UnitMeasure>
      <BisWeighted>0</BisWeighted>
      <QtyInPackage>1</QtyInPackage>
      <ItemPrice>5</ItemPrice>
      <UnitOfMeasurePrice>4.17</UnitOfMeasurePrice>
      <AllowDiscount>1</AllowDiscount>
      <itemStatus>1</itemStatus>
      <LastUpdateDate />
      <LastUpdateTime />
    </Product>
    <Product>
      <PriceUpdateDate>2017/07/10 07:52</PriceUpdateDate>
      <ItemCode>7290015155830</ItemCode>
      <ItemType>1</ItemType>
      <ItemName>פאוץ` פרינוק תפוח בננה 120 גר`</ItemName>
      <ManufactureName>גורי מוצרי צריכה (1991) בעמ</ManufactureName>
      <ManufactureCountry />
      <ManufactureItemDescription />
      <UnitQty>יח`</UnitQty>
      <Quantity>120</Quantity>
      <UnitMeasure>גרם</UnitMeasure>
      <BisWeighted>0</BisWeighted>
      <QtyInPackage>1</QtyInPackage>
      <ItemPrice>5</ItemPrice>
      <UnitOfMeasurePrice>4.17</UnitOfMeasurePrice>
      <AllowDiscount>1</AllowDiscount>
      <itemStatus>1</itemStatus>
      <LastUpdateDate />
      <LastUpdateTime />
    </Product>
    <Product>
      <PriceUpdateDate>2017/07/10 07:52</PriceUpdateDate>
      <ItemCode>7290015155847</ItemCode>
      <ItemType>1</ItemType>
      <ItemName>פאוץ` פרינוק מחית סלט פירות 120 גר</ItemName>
      <ManufactureName>גורי מוצרי צריכה (1991) בעמ</ManufactureName>
      <ManufactureCountry />
      <ManufactureItemDescription />
      <UnitQty>יח`</UnitQty>
      <Quantity>120</Quantity>
      <UnitMeasure>גרם</UnitMeasure>
      <BisWeighted>0</BisWeighted>
      <QtyInPackage>1</QtyInPackage>
      <ItemPrice>5</ItemPrice>
      <UnitOfMeasurePrice>4.17</UnitOfMeasurePrice>
      <AllowDiscount>1</AllowDiscount>
      <itemStatus>1</itemStatus>
      <LastUpdateDate />
      <LastUpdateTime />
    </Product>
    <Product>
      <PriceUpdateDate>2018/05/09 08:16</PriceUpdateDate>
      <ItemCode>7290015156790</ItemCode>
      <ItemType>1</ItemType>
      <ItemName>פאוץ` פרינוק לפתן פירות 120 גר`</ItemName>
      <ManufactureName>גורי מוצרי צריכה (1991) בעמ</ManufactureName>
      <ManufactureCountry />
      <ManufactureItemDescription />
      <UnitQty>יח`</UnitQty>
      <Quantity>120</Quantity>
      <UnitMeasure>גרם</UnitMeasure>
      <BisWeighted>0</BisWeighted>
      <QtyInPackage>1</QtyInPackage>
      <ItemPrice>5</ItemPrice>
      <UnitOfMeasurePrice>4.17</UnitOfMeasurePrice>
      <AllowDiscount>1</AllowDiscount>
      <itemStatus>1</itemStatus>
      <LastUpdateDate />
      <LastUpdateTime />
    </Product>
    <Product>
      <PriceUpdateDate>2018/05/09 08:16</PriceUpdateDate>
      <ItemCode>7290015156813</ItemCode>
      <ItemType>1</ItemType>
      <ItemName>פאוץ` פרינוק פירות מעורבים 120 גר`</ItemName>
      <ManufactureName>גורי מוצרי צריכה (1991) בעמ</ManufactureName>
      <ManufactureCountry />
      <ManufactureItemDescription />
      <UnitQty>יח`</UnitQty>
      <Quantity>120</Quantity>
      <UnitMeasure>גרם</UnitMeasure>
      <BisWeighted>0</BisWeighted>
      <QtyInPackage>1</QtyInPackage>
      <ItemPrice>5</ItemPrice>
      <UnitOfMeasurePrice>4.17</UnitOfMeasurePrice>
      <AllowDiscount>1</AllowDiscount>
      <itemStatus>1</itemStatus>
      <LastUpdateDate />
      <LastUpdateTime />
    </Product>
    <Product>
      <PriceUpdateDate>2019/05/30 07:35</PriceUpdateDate>
      <ItemCode>7290015193832</ItemCode>
      <ItemType>1</ItemType>
      <ItemName>קרקר עם שומשום 300 גר` ארומה</ItemName>
      <ManufactureName>רזיט שיווק בעמ</ManufactureName>
      <ManufactureCountry />
      <ManufactureItemDescription />
      <UnitQty>יח`</UnitQty>
      <Quantity>300</Quantity>
      <UnitMeasure>גרם</UnitMeasure>
      <BisWeighted>0</BisWeighted>
      <QtyInPackage>1</QtyInPackage>
      <ItemPrice>6.90</ItemPrice>
      <UnitOfMeasurePrice>2.30</UnitOfMeasurePrice>
      <AllowDiscount>0</AllowDiscount>
      <itemStatus>1</itemStatus>
      <LastUpdateDate />
      <LastUpdateTime />
    </Product>
    <Product>
      <PriceUpdateDate>2019/05/30 07:35</PriceUpdateDate>
      <ItemCode>7290015193849</ItemCode>
      <ItemType>1</ItemType>
      <ItemName>קרקר עם מלח 300 גר` ארומה</ItemName>
      <ManufactureName>רזיט שיווק בעמ</ManufactureName>
      <ManufactureCountry />
      <ManufactureItemDescription />
      <UnitQty>יח`</UnitQty>
      <Quantity>300</Quantity>
      <UnitMeasure>גרם</UnitMeasure>
      <BisWeighted>0</BisWeighted>
      <QtyInPackage>1</QtyInPackage>
      <ItemPrice>6.90</ItemPrice>
      <UnitOfMeasurePrice>2.30</UnitOfMeasurePrice>
      <AllowDiscount>0</AllowDiscount>
      <itemStatus>1</itemStatus>
      <LastUpdateDate />
      <LastUpdateTime />
    </Product>
    <Product>
      <PriceUpdateDate>2016/06/02 08:21</PriceUpdateDate>
      <ItemCode>7290015220880</ItemCode>
      <ItemType>1</ItemType>
      <ItemName>פחם אקולוגי ג`לו (2 קג)</ItemName>
      <ManufactureName>ג`לו השקעות בעמ</ManufactureName>
      <ManufactureCountry />
      <ManufactureItemDescription />
      <UnitQty>יח`</UnitQty>
      <Quantity>2000</Quantity>
      <UnitMeasure>גרם</UnitMeasure>
      <BisWeighted>0</BisWeighted>
      <QtyInPackage>1</QtyInPackage>
      <ItemPrice>11.90</ItemPrice>
      <UnitOfMeasurePrice>0.60</UnitOfMeasurePrice>
      <AllowDiscount>1</AllowDiscount>
      <itemStatus>1</itemStatus>
      <LastUpdateDate />
      <LastUpdateTime />
    </Product>
    <Product>
      <PriceUpdateDate>2018/02/06 08:46</PriceUpdateDate>
      <ItemCode>7290015282604</ItemCode>
      <ItemType>1</ItemType>
      <ItemName>טחינה מיוחדת 200גר</ItemName>
      <ManufactureName>סלטי שמיר 2006 בעמ</ManufactureName>
      <ManufactureCountry />
      <ManufactureItemDescription />
      <UnitQty>יח`</UnitQty>
      <Quantity>200</Quantity>
      <UnitMeasure>גרם</UnitMeasure>
      <BisWeighted>0</BisWeighted>
      <QtyInPackage>1</QtyInPackage>
      <ItemPrice>6.90</ItemPrice>
      <UnitOfMeasurePrice>3.45</UnitOfMeasurePrice>
      <AllowDiscount>0</AllowDiscount>
      <itemStatus>1</itemStatus>
      <LastUpdateDate />
      <LastUpdateTime />
    </Product>
    <Product>
      <PriceUpdateDate>2018/02/06 08:46</PriceUpdateDate>
      <ItemCode>7290015282734</ItemCode>
      <ItemType>1</ItemType>
      <ItemName>מטבוחה ביתית 200 גר</ItemName>
      <ManufactureName>סלטי שמיר 2006 בעמ</ManufactureName>
      <ManufactureCountry />
      <ManufactureItemDescription />
      <UnitQty>יח`</UnitQty>
      <Quantity>200</Quantity>
      <UnitMeasure>גרם</UnitMeasure>
      <BisWeighted>0</BisWeighted>
      <QtyInPackage>1</QtyInPackage>
      <ItemPrice>6.90</ItemPrice>
      <UnitOfMeasurePrice>3.45</UnitOfMeasurePrice>
      <AllowDiscount>0</AllowDiscount>
      <itemStatus>1</itemStatus>
      <LastUpdateDate />
      <LastUpdateTime />
    </Product>
    <Product>
      <PriceUpdateDate>2018/02/14 12:16</PriceUpdateDate>
      <ItemCode>7290015324007</ItemCode>
      <ItemType>1</ItemType>
      <ItemName>פלפל שחור גרוס 80 גר`</ItemName>
      <ManufactureName>תבליני טעם וריח בעמ</ManufactureName>
      <ManufactureCountry />
      <ManufactureItemDescription />
      <UnitQty>יח`</UnitQty>
      <Quantity>80</Quantity>
      <UnitMeasure>גרם</UnitMeasure>
      <BisWeighted>0</BisWeighted>
      <QtyInPackage>1</QtyInPackage>
      <ItemPrice>9.90</ItemPrice>
      <UnitOfMeasurePrice>12.38</UnitOfMeasurePrice>
      <AllowDiscount>1</AllowDiscount>
      <itemStatus>1</itemStatus>
      <LastUpdateDate />
      <LastUpdateTime />
    </Product>
    <Product>
      <PriceUpdateDate>2018/02/14 12:16</PriceUpdateDate>
      <ItemCode>7290015324014</ItemCode>
      <ItemType>1</ItemType>
      <ItemName>פלפל שחור טחון 80 גר`</ItemName>
      <ManufactureName>תבליני טעם וריח בעמ</ManufactureName>
      <ManufactureCountry />
      <ManufactureItemDescription />
      <UnitQty>יח`</UnitQty>
      <Quantity>80</Quantity>
      <UnitMeasure>גרם</UnitMeasure>
      <BisWeighted>0</BisWeighted>
      <QtyInPackage>1</QtyInPackage>
      <ItemPrice>9.90</ItemPrice>
      <UnitOfMeasurePrice>12.38</UnitOfMeasurePrice>
      <AllowDiscount>1</AllowDiscount>
      <itemStatus>1</itemStatus>
      <LastUpdateDate />
      <LastUpdateTime />
    </Product>
    <Product>
      <PriceUpdateDate>2018/02/15 07:15</PriceUpdateDate>
      <ItemCode>7290015324038</ItemCode>
      <ItemType>1</ItemType>
      <ItemName>פפריקה מתוקה בשמן 80 גר`</ItemName>
      <ManufactureName>תבליני טעם וריח בעמ</ManufactureName>
      <ManufactureCountry />
      <ManufactureItemDescription />
      <UnitQty>יח`</UnitQty>
      <Quantity>80</Quantity>
      <UnitMeasure>גרם</UnitMeasure>
      <BisWeighted>0</BisWeighted>
      <QtyInPackage>1</QtyInPackage>
      <ItemPrice>5.90</ItemPrice>
      <UnitOfMeasurePrice>7.38</UnitOfMeasurePrice>
      <AllowDiscount>1</AllowDiscount>
      <itemStatus>1</itemStatus>
      <LastUpdateDate />
      <LastUpdateTime />
    </Product>
    <Product>
      <PriceUpdateDate>2018/02/14 09:07</PriceUpdateDate>
      <ItemCode>7290015324045</ItemCode>
      <ItemType>1</ItemType>
      <ItemName>פפריקה חריפה 80 גר`</ItemName>
      <ManufactureName>תבליני טעם וריח בעמ</ManufactureName>
      <ManufactureCountry />
      <ManufactureItemDescription />
      <UnitQty>יח`</UnitQty>
      <Quantity>80</Quantity>
      <UnitMeasure>גרם</UnitMeasure>
      <BisWeighted>0</BisWeighted>
      <QtyInPackage>1</QtyInPackage>
      <ItemPrice>5.90</ItemPrice>
      <UnitOfMeasurePrice>7.38</UnitOfMeasurePrice>
      <AllowDiscount>1</AllowDiscount>
      <itemStatus>1</itemStatus>
      <LastUpdateDate />
      <LastUpdateTime />
    </Product>
    <Product>
      <PriceUpdateDate>2018/02/14 12:16</PriceUpdateDate>
      <ItemCode>7290015324052</ItemCode>
      <ItemType>1</ItemType>
      <ItemName>פפריקה מתוקה 80 גר`</ItemName>
      <ManufactureName>תבליני טעם וריח בעמ</ManufactureName>
      <ManufactureCountry />
      <ManufactureItemDescription />
      <UnitQty>יח`</UnitQty>
      <Quantity>80</Quantity>
      <UnitMeasure>גרם</UnitMeasure>
      <BisWeighted>0</BisWeighted>
      <QtyInPackage>1</QtyInPackage>
      <ItemPrice>5.90</ItemPrice>
      <UnitOfMeasurePrice>7.38</UnitOfMeasurePrice>
      <AllowDiscount>1</AllowDiscount>
      <itemStatus>1</itemStatus>
      <LastUpdateDate />
      <LastUpdateTime />
    </Product>
    <Product>
      <PriceUpdateDate>2018/02/14 12:16</PriceUpdateDate>
      <ItemCode>7290015324069</ItemCode>
      <ItemType>1</ItemType>
      <ItemName>גריל עוף 80 גר`</ItemName>
      <ManufactureName>תבליני טעם וריח בעמ</ManufactureName>
      <ManufactureCountry />
      <ManufactureItemDescription />
      <UnitQty>יח`</UnitQty>
      <Quantity>80</Quantity>
      <UnitMeasure>גרם</UnitMeasure>
      <BisWeighted>0</BisWeighted>
      <QtyInPackage>1</QtyInPackage>
      <ItemPrice>5.90</ItemPrice>
      <UnitOfMeasurePrice>7.38</UnitOfMeasurePrice>
      <AllowDiscount>1</AllowDiscount>
      <itemStatus>1</itemStatus>
      <LastUpdateDate />
      <LastUpdateTime />
    </Product>
    <Product>
      <PriceUpdateDate>2018/02/14 09:07</PriceUpdateDate>
      <ItemCode>7290015324076</ItemCode>
      <ItemType>1</ItemType>
      <ItemName>זעתר מעורב 80 גר`</ItemName>
      <ManufactureName>תבליני טעם וריח בעמ</ManufactureName>
      <ManufactureCountry />
      <ManufactureItemDescription />
      <UnitQty>יח`</UnitQty>
      <Quantity>80</Quantity>
      <UnitMeasure>גרם</UnitMeasure>
      <BisWeighted>0</BisWeighted>
      <QtyInPackage>1</QtyInPackage>
      <ItemPrice>5.90</ItemPrice>
      <UnitOfMeasurePrice>7.38</UnitOfMeasurePrice>
      <AllowDiscount>1</AllowDiscount>
      <itemStatus>1</itemStatus>
      <LastUpdateDate />
      <LastUpdateTime />
    </Product>
    <Product>
      <PriceUpdateDate>2017/01/04 09:39</PriceUpdateDate>
      <ItemCode>7290015324083</ItemCode>
      <ItemType>1</ItemType>
      <ItemName>מלח לימון 80 גר`</ItemName>
      <ManufactureName>תבליני טעם וריח בעמ</ManufactureName>
      <ManufactureCountry />
      <ManufactureItemDescription />
      <UnitQty>יח`</UnitQty>
      <Quantity>80</Quantity>
      <UnitMeasure>גרם</UnitMeasure>
      <BisWeighted>0</BisWeighted>
      <QtyInPackage>1</QtyInPackage>
      <ItemPrice>5.90</ItemPrice>
      <UnitOfMeasurePrice>7.38</UnitOfMeasurePrice>
      <AllowDiscount>1</AllowDiscount>
      <itemStatus>1</itemStatus>
      <LastUpdateDate />
      <LastUpdateTime />
    </Product>
    <Product>
      <PriceUpdateDate>2018/02/14 12:16</PriceUpdateDate>
      <ItemCode>7290015324090</ItemCode>
      <ItemType>1</ItemType>
      <ItemName>כמון טחון 80 גר`</ItemName>
      <ManufactureName>תבליני טעם וריח בעמ</ManufactureName>
      <ManufactureCountry />
      <ManufactureItemDescription />
      <UnitQty>יח`</UnitQty>
      <Quantity>80</Quantity>
      <UnitMeasure>גרם</UnitMeasure>
      <BisWeighted>0</BisWeighted>
      <QtyInPackage>1</QtyInPackage>
      <ItemPrice>5.90</ItemPrice>
      <UnitOfMeasurePrice>7.38</UnitOfMeasurePrice>
      <AllowDiscount>1</AllowDiscount>
      <itemStatus>1</itemStatus>
      <LastUpdateDate />
      <LastUpdateTime />
    </Product>
    <Product>
      <PriceUpdateDate>2018/02/14 12:16</PriceUpdateDate>
      <ItemCode>7290015324106</ItemCode>
      <ItemType>1</ItemType>
      <ItemName>כורכום טחון 80 גר`</ItemName>
      <ManufactureName>תבליני טעם וריח בעמ</ManufactureName>
      <ManufactureCountry />
      <ManufactureItemDescription />
      <UnitQty>יח`</UnitQty>
      <Quantity>80</Quantity>
      <UnitMeasure>גרם</UnitMeasure>
      <BisWeighted>0</BisWeighted>
      <QtyInPackage>1</QtyInPackage>
      <ItemPrice>5.90</ItemPrice>
      <UnitOfMeasurePrice>7.38</UnitOfMeasurePrice>
      <AllowDiscount>1</AllowDiscount>
      <itemStatus>1</itemStatus>
      <LastUpdateDate />
      <LastUpdateTime />
    </Product>
    <Product>
      <PriceUpdateDate>2018/02/14 12:16</PriceUpdateDate>
      <ItemCode>7290015324113</ItemCode>
      <ItemType>1</ItemType>
      <ItemName>בהרט 80 גר`</ItemName>
      <ManufactureName>תבליני טעם וריח בעמ</ManufactureName>
      <ManufactureCountry />
      <ManufactureItemDescription />
      <UnitQty>יח`</UnitQty>
      <Quantity>80</Quantity>
      <UnitMeasure>גרם</UnitMeasure>
      <BisWeighted>0</BisWeighted>
      <QtyInPackage>1</QtyInPackage>
      <ItemPrice>5.90</ItemPrice>
      <UnitOfMeasurePrice>7.38</UnitOfMeasurePrice>
      <AllowDiscount>1</AllowDiscount>
      <itemStatus>1</itemStatus>
      <LastUpdateDate />
      <LastUpdateTime />
    </Product>
    <Product>
      <PriceUpdateDate>2018/02/14 12:16</PriceUpdateDate>
      <ItemCode>7290015324120</ItemCode>
      <ItemType>1</ItemType>
      <ItemName>שום גבישי 80 גר`</ItemName>
      <ManufactureName>תבליני טעם וריח בעמ</ManufactureName>
      <ManufactureCountry />
      <ManufactureItemDescription />
      <UnitQty>יח`</UnitQty>
      <Quantity>80</Quantity>
      <UnitMeasure>גרם</UnitMeasure>
      <BisWeighted>0</BisWeighted>
      <QtyInPackage>1</QtyInPackage>
      <ItemPrice>7.90</ItemPrice>
      <UnitOfMeasurePrice>9.88</UnitOfMeasurePrice>
      <AllowDiscount>1</AllowDiscount>
      <itemStatus>1</itemStatus>
      <LastUpdateDate />
      <LastUpdateTime />
    </Product>
    <Product>
      <PriceUpdateDate>2018/02/14 12:16</PriceUpdateDate>
      <ItemCode>7290015324151</ItemCode>
      <ItemType>1</ItemType>
      <ItemName>חוואיג` למרק 80 גר`</ItemName>
      <ManufactureName>תבליני טעם וריח בעמ</ManufactureName>
      <ManufactureCountry />
      <ManufactureItemDescription />
      <UnitQty>יח`</UnitQty>
      <Quantity>80</Quantity>
      <UnitMeasure>גרם</UnitMeasure>
      <BisWeighted>0</BisWeighted>
      <QtyInPackage>1</QtyInPackage>
      <ItemPrice>5.90</ItemPrice>
      <UnitOfMeasurePrice>7.38</UnitOfMeasurePrice>
      <AllowDiscount>1</AllowDiscount>
      <itemStatus>1</itemStatus>
      <LastUpdateDate />
      <LastUpdateTime />
    </Product>
    <Product>
      <PriceUpdateDate>2018/02/14 12:16</PriceUpdateDate>
      <ItemCode>7290015324168</ItemCode>
      <ItemType>1</ItemType>
      <ItemName>תיבול על האש 80 גר`</ItemName>
      <ManufactureName>תבליני טעם וריח בעמ</ManufactureName>
      <ManufactureCountry />
      <ManufactureItemDescription />
      <UnitQty>יח`</UnitQty>
      <Quantity>80</Quantity>
      <UnitMeasure>גרם</UnitMeasure>
      <BisWeighted>0</BisWeighted>
      <QtyInPackage>1</QtyInPackage>
      <ItemPrice>5.90</ItemPrice>
      <UnitOfMeasurePrice>7.38</UnitOfMeasurePrice>
      <AllowDiscount>1</AllowDiscount>
      <itemStatus>1</itemStatus>
      <LastUpdateDate />
      <LastUpdateTime />
    </Product>
    <Product>
      <PriceUpdateDate>2018/02/14 12:16</PriceUpdateDate>
      <ItemCode>7290015324175</ItemCode>
      <ItemType>1</ItemType>
      <ItemName>תיבול לשווארמה 80 גר`</ItemName>
      <ManufactureName>תבליני טעם וריח בעמ</ManufactureName>
      <ManufactureCountry />
      <ManufactureItemDescription />
      <UnitQty>יח`</UnitQty>
      <Quantity>80</Quantity>
      <UnitMeasure>גרם</UnitMeasure>
      <BisWeighted>0</BisWeighted>
      <QtyInPackage>1</QtyInPackage>
      <ItemPrice>5.90</ItemPrice>
      <UnitOfMeasurePrice>7.38</UnitOfMeasurePrice>
      <AllowDiscount>1</AllowDiscount>
      <itemStatus>1</itemStatus>
      <LastUpdateDate />
      <LastUpdateTime />
    </Product>
    <Product>
      <PriceUpdateDate>2018/02/14 09:07</PriceUpdateDate>
      <ItemCode>7290015324427</ItemCode>
      <ItemType>1</ItemType>
      <ItemName>סודה לשתיה 80 גר`</ItemName>
      <ManufactureName>תבליני טעם וריח בעמ</ManufactureName>
      <ManufactureCountry />
      <ManufactureItemDescription />
      <UnitQty>יח`</UnitQty>
      <Quantity>80</Quantity>
      <UnitMeasure>גרם</UnitMeasure>
      <BisWeighted>0</BisWeighted>
      <QtyInPackage>1</QtyInPackage>
      <ItemPrice>3.90</ItemPrice>
      <UnitOfMeasurePrice>4.88</UnitOfMeasurePrice>
      <AllowDiscount>1</AllowDiscount>
      <itemStatus>1</itemStatus>
      <LastUpdateDate />
      <LastUpdateTime />
    </Product>
    <Product>
      <PriceUpdateDate>2019/08/09 16:15</PriceUpdateDate>
      <ItemCode>7290015324526</ItemCode>
      <ItemType>1</ItemType>
      <ItemName>תערובת תיבול לפרגיות 80 גר`</ItemName>
      <ManufactureName>תבליני טעם וריח בעמ</ManufactureName>
      <ManufactureCountry />
      <ManufactureItemDescription />
      <UnitQty>יח`</UnitQty>
      <Quantity>80</Quantity>
      <UnitMeasure>גרם</UnitMeasure>
      <BisWeighted>0</BisWeighted>
      <QtyInPackage>1</QtyInPackage>
      <ItemPrice>5.90</ItemPrice>
      <UnitOfMeasurePrice>7.38</UnitOfMeasurePrice>
      <AllowDiscount>0</AllowDiscount>
      <itemStatus>1</itemStatus>
      <LastUpdateDate />
      <LastUpdateTime />
    </Product>
    <Product>
      <PriceUpdateDate>2019/08/09 16:15</PriceUpdateDate>
      <ItemCode>7290015324533</ItemCode>
      <ItemType>1</ItemType>
      <ItemName>רוזמרין מיכל גדול 55 גר`</ItemName>
      <ManufactureName>תבליני טעם וריח בעמ</ManufactureName>
      <ManufactureCountry />
      <ManufactureItemDescription />
      <UnitQty>יח`</UnitQty>
      <Quantity>55</Quantity>
      <UnitMeasure>גרם</UnitMeasure>
      <BisWeighted>0</BisWeighted>
      <QtyInPackage>1</QtyInPackage>
      <ItemPrice>8.90</ItemPrice>
      <UnitOfMeasurePrice>16.18</UnitOfMeasurePrice>
      <AllowDiscount>0</AllowDiscount>
      <itemStatus>1</itemStatus>
      <LastUpdateDate />
      <LastUpdateTime />
    </Product>
    <Product>
      <PriceUpdateDate>2019/08/20 08:24</PriceUpdateDate>
      <ItemCode>7290015324540</ItemCode>
      <ItemType>1</ItemType>
      <ItemName>טימין מיכל גדול 30 גר`</ItemName>
      <ManufactureName>תבליני טעם וריח בעמ</ManufactureName>
      <ManufactureCountry />
      <ManufactureItemDescription />
      <UnitQty>יח`</UnitQty>
      <Quantity>30</Quantity>
      <UnitMeasure>גרם</UnitMeasure>
      <BisWeighted>0</BisWeighted>
      <QtyInPackage>1</QtyInPackage>
      <ItemPrice>8.90</ItemPrice>
      <UnitOfMeasurePrice>29.67</UnitOfMeasurePrice>
      <AllowDiscount>0</AllowDiscount>
      <itemStatus>1</itemStatus>
      <LastUpdateDate />
      <LastUpdateTime />
    </Product>
    <Product>
      <PriceUpdateDate>2019/08/20 08:24</PriceUpdateDate>
      <ItemCode>7290015324557</ItemCode>
      <ItemType>1</ItemType>
      <ItemName>בהרט לבישול מיכל גדול 80 גר`</ItemName>
      <ManufactureName>תבליני טעם וריח בעמ</ManufactureName>
      <ManufactureCountry />
      <ManufactureItemDescription />
      <UnitQty>יח`</UnitQty>
      <Quantity>80</Quantity>
      <UnitMeasure>גרם</UnitMeasure>
      <BisWeighted>0</BisWeighted>
      <QtyInPackage>1</QtyInPackage>
      <ItemPrice>8.90</ItemPrice>
      <UnitOfMeasurePrice>11.13</UnitOfMeasurePrice>
      <AllowDiscount>0</AllowDiscount>
      <itemStatus>1</itemStatus>
      <LastUpdateDate />
      <LastUpdateTime />
    </Product>
    <Product>
      <PriceUpdateDate>2019/08/09 16:15</PriceUpdateDate>
      <ItemCode>7290015324564</ItemCode>
      <ItemType>1</ItemType>
      <ItemName>כוסברה טחונה מיכל גדול 70 גר`</ItemName>
      <ManufactureName>תבליני טעם וריח בעמ</ManufactureName>
      <ManufactureCountry />
      <ManufactureItemDescription />
      <UnitQty>יח`</UnitQty>
      <Quantity>55</Quantity>
      <UnitMeasure>גרם</UnitMeasure>
      <BisWeighted>0</BisWeighted>
      <QtyInPackage>1</QtyInPackage>
      <ItemPrice>8.90</ItemPrice>
      <UnitOfMeasurePrice>16.18</UnitOfMeasurePrice>
      <AllowDiscount>0</AllowDiscount>
      <itemStatus>1</itemStatus>
      <LastUpdateDate />
      <LastUpdateTime />
    </Product>
    <Product>
      <PriceUpdateDate>2020/01/31 12:44</PriceUpdateDate>
      <ItemCode>7290015324571</ItemCode>
      <ItemType>1</ItemType>
      <ItemName>פפריקה מתוקה בשמן בסגנון מרוקאי 400 גר`</ItemName>
      <ManufactureName>תבליני טעם וריח בעמ</ManufactureName>
      <ManufactureCountry />
      <ManufactureItemDescription />
      <UnitQty>יח`</UnitQty>
      <Quantity>400</Quantity>
      <UnitMeasure>גרם</UnitMeasure>
      <BisWeighted>0</BisWeighted>
      <QtyInPackage>1</QtyInPackage>
      <ItemPrice>17.90</ItemPrice>
      <UnitOfMeasurePrice>4.48</UnitOfMeasurePrice>
      <AllowDiscount>0</AllowDiscount>
      <itemStatus>1</itemStatus>
      <LastUpdateDate />
      <LastUpdateTime />
    </Product>
    <Product>
      <PriceUpdateDate>2016/03/17 08:29</PriceUpdateDate>
      <ItemCode>7290015347457</ItemCode>
      <ItemType>1</ItemType>
      <ItemName>קינואה שחורה 400 גר` מיה</ItemName>
      <ManufactureName>מיה תעשיות מזון מ.ת.מ. בעמ</ManufactureName>
      <ManufactureCountry />
      <ManufactureItemDescription />
      <UnitQty>יח`</UnitQty>
      <Quantity>400</Quantity>
      <UnitMeasure>גרם</UnitMeasure>
      <BisWeighted>0</BisWeighted>
      <QtyInPackage>1</QtyInPackage>
      <ItemPrice>19.90</ItemPrice>
      <UnitOfMeasurePrice>4.98</UnitOfMeasurePrice>
      <AllowDiscount>0</AllowDiscount>
      <itemStatus>1</itemStatus>
      <LastUpdateDate />
      <LastUpdateTime />
    </Product>
    <Product>
      <PriceUpdateDate>2016/03/17 08:29</PriceUpdateDate>
      <ItemCode>7290015347464</ItemCode>
      <ItemType>1</ItemType>
      <ItemName>קינואה מעורבת 400 גר` מיה</ItemName>
      <ManufactureName>מיה תעשיות מזון מ.ת.מ. בעמ</ManufactureName>
      <ManufactureCountry />
      <ManufactureItemDescription />
      <UnitQty>יח`</UnitQty>
      <Quantity>400</Quantity>
      <UnitMeasure>גרם</UnitMeasure>
      <BisWeighted>0</BisWeighted>
      <QtyInPackage>1</QtyInPackage>
      <ItemPrice>19.90</ItemPrice>
      <UnitOfMeasurePrice>4.98</UnitOfMeasurePrice>
      <AllowDiscount>0</AllowDiscount>
      <itemStatus>1</itemStatus>
      <LastUpdateDate />
      <LastUpdateTime />
    </Product>
    <Product>
      <PriceUpdateDate>2015/05/27 11:22</PriceUpdateDate>
      <ItemCode>7290015347488</ItemCode>
      <ItemType>1</ItemType>
      <ItemName>סוכר דמררה שקית מיה (1 קג)</ItemName>
      <ManufactureName>מיה תעשיות מזון מ.ת.מ. בעמ</ManufactureName>
      <ManufactureCountry />
      <ManufactureItemDescription />
      <UnitQty>יח`</UnitQty>
      <Quantity>1</Quantity>
      <UnitMeasure>ק"ג</UnitMeasure>
      <BisWeighted>0</BisWeighted>
      <QtyInPackage>1</QtyInPackage>
      <ItemPrice>11.90</ItemPrice>
      <UnitOfMeasurePrice>11.90</UnitOfMeasurePrice>
      <AllowDiscount>0</AllowDiscount>
      <itemStatus>1</itemStatus>
      <LastUpdateDate />
      <LastUpdateTime />
    </Product>
    <Product>
      <PriceUpdateDate>2017/01/15 09:10</PriceUpdateDate>
      <ItemCode>7290015347730</ItemCode>
      <ItemType>1</ItemType>
      <ItemName>ציפס בטטה מיקס</ItemName>
      <ManufactureName>מיה תעשיות מזון מ.ת.מ. בעמ</ManufactureName>
      <ManufactureCountry />
      <ManufactureItemDescription />
      <UnitQty>יח`</UnitQty>
      <Quantity>80</Quantity>
      <UnitMeasure>גרם</UnitMeasure>
      <BisWeighted>0</BisWeighted>
      <QtyInPackage>1</QtyInPackage>
      <ItemPrice>9.90</ItemPrice>
      <UnitOfMeasurePrice>12.38</UnitOfMeasurePrice>
      <AllowDiscount>0</AllowDiscount>
      <itemStatus>1</itemStatus>
      <LastUpdateDate />
      <LastUpdateTime />
    </Product>
    <Product>
      <PriceUpdateDate>2016/02/29 08:27</PriceUpdateDate>
      <ItemCode>7290015366663</ItemCode>
      <ItemType>1</ItemType>
      <ItemName>אקוה פרש 100 מל עדין</ItemName>
      <ManufactureName>גורי ע.ע.ע בעמ</ManufactureName>
      <ManufactureCountry />
      <ManufactureItemDescription />
      <UnitQty>יח`</UnitQty>
      <Quantity>100</Quantity>
      <UnitMeasure>גרם</UnitMeasure>
      <BisWeighted>0</BisWeighted>
      <QtyInPackage>1</QtyInPackage>
      <ItemPrice>7.90</ItemPrice>
      <UnitOfMeasurePrice>7.90</UnitOfMeasurePrice>
      <AllowDiscount>1</AllowDiscount>
      <itemStatus>1</itemStatus>
      <LastUpdateDate />
      <LastUpdateTime />
    </Product>
    <Product>
      <PriceUpdateDate>2016/05/30 10:55</PriceUpdateDate>
      <ItemCode>7290015395045</ItemCode>
      <ItemType>1</ItemType>
      <ItemName>קינואה שקדיה (400 גרם)</ItemName>
      <ManufactureName>דין שיווק וקליה בעמ</ManufactureName>
      <ManufactureCountry />
      <ManufactureItemDescription />
      <UnitQty>יח`</UnitQty>
      <Quantity>400</Quantity>
      <UnitMeasure>גרם</UnitMeasure>
      <BisWeighted>0</BisWeighted>
      <QtyInPackage>1</QtyInPackage>
      <ItemPrice>14.90</ItemPrice>
      <UnitOfMeasurePrice>3.73</UnitOfMeasurePrice>
      <AllowDiscount>1</AllowDiscount>
      <itemStatus>1</itemStatus>
      <LastUpdateDate />
      <LastUpdateTime />
    </Product>
    <Product>
      <PriceUpdateDate>2016/02/28 12:14</PriceUpdateDate>
      <ItemCode>7290015395489</ItemCode>
      <ItemType>1</ItemType>
      <ItemName>פקאן סיני מסוכר 250 גר  קופסא- המותג</ItemName>
      <ManufactureName>דין שיווק - המותג</ManufactureName>
      <ManufactureCountry />
      <ManufactureItemDescription />
      <UnitQty>יח`</UnitQty>
      <Quantity>250</Quantity>
      <UnitMeasure>גרם</UnitMeasure>
      <BisWeighted>0</BisWeighted>
      <QtyInPackage>1</QtyInPackage>
      <ItemPrice>24.90</ItemPrice>
      <UnitOfMeasurePrice>9.96</UnitOfMeasurePrice>
      <AllowDiscount>0</AllowDiscount>
      <itemStatus>1</itemStatus>
      <LastUpdateDate />
      <LastUpdateTime />
    </Product>
    <Product>
      <PriceUpdateDate>2020/03/02 13:53</PriceUpdateDate>
      <ItemCode>7290015470667</ItemCode>
      <ItemType>1</ItemType>
      <ItemName>שקיות אשפה לפח 52x65 גלילונית) (35</ItemName>
      <ManufactureName>דנשר (1963) בעמ</ManufactureName>
      <ManufactureCountry />
      <ManufactureItemDescription />
      <UnitQty>יח`</UnitQty>
      <Quantity>1</Quantity>
      <UnitMeasure />
      <BisWeighted>0</BisWeighted>
      <QtyInPackage>1</QtyInPackage>
      <ItemPrice>9.90</ItemPrice>
      <UnitOfMeasurePrice>9.90</UnitOfMeasurePrice>
      <AllowDiscount>0</AllowDiscount>
      <itemStatus>1</itemStatus>
      <LastUpdateDate />
      <LastUpdateTime />
    </Product>
    <Product>
      <PriceUpdateDate>2018/05/15 06:39</PriceUpdateDate>
      <ItemCode>7290015493130</ItemCode>
      <ItemType>1</ItemType>
      <ItemName>נביעות פלוס רכיבי פרי מנגו 1.5 ליטר</ItemName>
      <ManufactureName>החברה המרכזית להפצת משקאות בעמ</ManufactureName>
      <ManufactureCountry />
      <ManufactureItemDescription />
      <UnitQty>יח`</UnitQty>
      <Quantity>1.50</Quantity>
      <UnitMeasure>1 ליטר</UnitMeasure>
      <BisWeighted>0</BisWeighted>
      <QtyInPackage>1</QtyInPackage>
      <ItemPrice>7.90</ItemPrice>
      <UnitOfMeasurePrice>5.27</UnitOfMeasurePrice>
      <AllowDiscount>0</AllowDiscount>
      <itemStatus>1</itemStatus>
      <LastUpdateDate />
      <LastUpdateTime />
    </Product>
    <Product>
      <PriceUpdateDate>2018/05/15 06:39</PriceUpdateDate>
      <ItemCode>7290015493147</ItemCode>
      <ItemType>1</ItemType>
      <ItemName>נביעות פלוס רכיבי פרי ליצי 1.5 ליטר</ItemName>
      <ManufactureName>החברה המרכזית להפצת משקאות בעמ</ManufactureName>
      <ManufactureCountry />
      <ManufactureItemDescription />
      <UnitQty>יח`</UnitQty>
      <Quantity>1.50</Quantity>
      <UnitMeasure>1 ליטר</UnitMeasure>
      <BisWeighted>0</BisWeighted>
      <QtyInPackage>1</QtyInPackage>
      <ItemPrice>7.90</ItemPrice>
      <UnitOfMeasurePrice>5.27</UnitOfMeasurePrice>
      <AllowDiscount>0</AllowDiscount>
      <itemStatus>1</itemStatus>
      <LastUpdateDate />
      <LastUpdateTime />
    </Product>
    <Product>
      <PriceUpdateDate>2018/05/15 06:39</PriceUpdateDate>
      <ItemCode>7290015493154</ItemCode>
      <ItemType>1</ItemType>
      <ItemName>נביעות פלוס רכיבי פרי אבטיח 1.5 ליטר</ItemName>
      <ManufactureName>החברה המרכזית להפצת משקאות בעמ</ManufactureName>
      <ManufactureCountry />
      <ManufactureItemDescription />
      <UnitQty>יח`</UnitQty>
      <Quantity>1.50</Quantity>
      <UnitMeasure>1 ליטר</UnitMeasure>
      <BisWeighted>0</BisWeighted>
      <QtyInPackage>1</QtyInPackage>
      <ItemPrice>7.90</ItemPrice>
      <UnitOfMeasurePrice>5.27</UnitOfMeasurePrice>
      <AllowDiscount>0</AllowDiscount>
      <itemStatus>1</itemStatus>
      <LastUpdateDate />
      <LastUpdateTime />
    </Product>
    <Product>
      <PriceUpdateDate>2018/05/15 06:39</PriceUpdateDate>
      <ItemCode>7290015493161</ItemCode>
      <ItemType>1</ItemType>
      <ItemName>נביעות פלוס רכיבי פרי אננס 1.5 ליטר</ItemName>
      <ManufactureName>החברה המרכזית להפצת משקאות בעמ</ManufactureName>
      <ManufactureCountry />
      <ManufactureItemDescription />
      <UnitQty>יח`</UnitQty>
      <Quantity>1.50</Quantity>
      <UnitMeasure>1 ליטר</UnitMeasure>
      <BisWeighted>0</BisWeighted>
      <QtyInPackage>1</QtyInPackage>
      <ItemPrice>7.90</ItemPrice>
      <UnitOfMeasurePrice>5.27</UnitOfMeasurePrice>
      <AllowDiscount>0</AllowDiscount>
      <itemStatus>1</itemStatus>
      <LastUpdateDate />
      <LastUpdateTime />
    </Product>
    <Product>
      <PriceUpdateDate>2019/06/10 09:16</PriceUpdateDate>
      <ItemCode>7290015493222</ItemCode>
      <ItemType>1</ItemType>
      <ItemName>נביעות פלוס תפוח 0 + קלוריות 1.5 ליטר</ItemName>
      <ManufactureName>החברה המרכזית להפצת משקאות בעמ</ManufactureName>
      <ManufactureCountry />
      <ManufactureItemDescription />
      <UnitQty>יח`</UnitQty>
      <Quantity>1</Quantity>
      <UnitMeasure />
      <BisWeighted>0</BisWeighted>
      <QtyInPackage>1</QtyInPackage>
      <ItemPrice>7.90</ItemPrice>
      <UnitOfMeasurePrice>7.90</UnitOfMeasurePrice>
      <AllowDiscount>0</AllowDiscount>
      <itemStatus>1</itemStatus>
      <LastUpdateDate />
      <LastUpdateTime />
    </Product>
    <Product>
      <PriceUpdateDate>2016/01/27 08:24</PriceUpdateDate>
      <ItemCode>7290015597258</ItemCode>
      <ItemType>1</ItemType>
      <ItemName>מאגדת לייט וניל עוגיות</ItemName>
      <ManufactureName>גלידות שטראוס בעמ</ManufactureName>
      <ManufactureCountry />
      <ManufactureItemDescription />
      <UnitQty>יח`</UnitQty>
      <Quantity>342</Quantity>
      <UnitMeasure>גרם</UnitMeasure>
      <BisWeighted>0</BisWeighted>
      <QtyInPackage>1</QtyInPackage>
      <ItemPrice>30.90</ItemPrice>
      <UnitOfMeasurePrice>9.04</UnitOfMeasurePrice>
      <AllowDiscount>1</AllowDiscount>
      <itemStatus>1</itemStatus>
      <LastUpdateDate />
      <LastUpdateTime />
    </Product>
    <Product>
      <PriceUpdateDate>2016/01/27 08:24</PriceUpdateDate>
      <ItemCode>7290015597326</ItemCode>
      <ItemType>1</ItemType>
      <ItemName>מאגדת אייס לייט</ItemName>
      <ManufactureName>גלידות שטראוס בעמ</ManufactureName>
      <ManufactureCountry />
      <ManufactureItemDescription />
      <UnitQty>יח`</UnitQty>
      <Quantity>170</Quantity>
      <UnitMeasure>גרם</UnitMeasure>
      <BisWeighted>0</BisWeighted>
      <QtyInPackage>1</QtyInPackage>
      <ItemPrice>24.90</ItemPrice>
      <UnitOfMeasurePrice>14.65</UnitOfMeasurePrice>
      <AllowDiscount>1</AllowDiscount>
      <itemStatus>1</itemStatus>
      <LastUpdateDate />
      <LastUpdateTime />
    </Product>
    <Product>
      <PriceUpdateDate>2018/04/10 06:42</PriceUpdateDate>
      <ItemCode>7290015597883</ItemCode>
      <ItemType>1</ItemType>
      <ItemName>מאגדת מיני סולרו פסיפלורה שטראוס</ItemName>
      <ManufactureName>גלידות שטראוס בעמ</ManufactureName>
      <ManufactureCountry />
      <ManufactureItemDescription />
      <UnitQty>יח`</UnitQty>
      <Quantity>325</Quantity>
      <UnitMeasure>גרם</UnitMeasure>
      <BisWeighted>0</BisWeighted>
      <QtyInPackage>1</QtyInPackage>
      <ItemPrice>21.90</ItemPrice>
      <UnitOfMeasurePrice>6.74</UnitOfMeasurePrice>
      <AllowDiscount>1</AllowDiscount>
      <itemStatus>1</itemStatus>
      <LastUpdateDate />
      <LastUpdateTime />
    </Product>
    <Product>
      <PriceUpdateDate>2017/11/07 13:14</PriceUpdateDate>
      <ItemCode>7290015644297</ItemCode>
      <ItemType>1</ItemType>
      <ItemName>לחמניות פשוט מלא 6 יח 450 גר</ItemName>
      <ManufactureName>שלמה א. אנג`ל בעמ</ManufactureName>
      <ManufactureCountry />
      <ManufactureItemDescription />
      <UnitQty>יח`</UnitQty>
      <Quantity>450</Quantity>
      <UnitMeasure>גרם</UnitMeasure>
      <BisWeighted>0</BisWeighted>
      <QtyInPackage>1</QtyInPackage>
      <ItemPrice>10.90</ItemPrice>
      <UnitOfMeasurePrice>2.42</UnitOfMeasurePrice>
      <AllowDiscount>0</AllowDiscount>
      <itemStatus>1</itemStatus>
      <LastUpdateDate />
      <LastUpdateTime />
    </Product>
    <Product>
      <PriceUpdateDate>2017/11/07 11:36</PriceUpdateDate>
      <ItemCode>7290015644426</ItemCode>
      <ItemType>1</ItemType>
      <ItemName>לחם מחמצת חיטה מלאה ודגנים</ItemName>
      <ManufactureName>שלמה א. אנג`ל בעמ</ManufactureName>
      <ManufactureCountry />
      <ManufactureItemDescription />
      <UnitQty>יח`</UnitQty>
      <Quantity>600</Quantity>
      <UnitMeasure>גרם</UnitMeasure>
      <BisWeighted>0</BisWeighted>
      <QtyInPackage>1</QtyInPackage>
      <ItemPrice>15.90</ItemPrice>
      <UnitOfMeasurePrice>2.65</UnitOfMeasurePrice>
      <AllowDiscount>0</AllowDiscount>
      <itemStatus>1</itemStatus>
      <LastUpdateDate />
      <LastUpdateTime />
    </Product>
    <Product>
      <PriceUpdateDate>2017/11/07 13:14</PriceUpdateDate>
      <ItemCode>7290015644433</ItemCode>
      <ItemType>1</ItemType>
      <ItemName>לחם מחמצת 100% שיפון קל</ItemName>
      <ManufactureName>שלמה א. אנג`ל בעמ</ManufactureName>
      <ManufactureCountry />
      <ManufactureItemDescription />
      <UnitQty>יח`</UnitQty>
      <Quantity>600</Quantity>
      <UnitMeasure>גרם</UnitMeasure>
      <BisWeighted>0</BisWeighted>
      <QtyInPackage>1</QtyInPackage>
      <ItemPrice>15.90</ItemPrice>
      <UnitOfMeasurePrice>2.65</UnitOfMeasurePrice>
      <AllowDiscount>0</AllowDiscount>
      <itemStatus>1</itemStatus>
      <LastUpdateDate />
      <LastUpdateTime />
    </Product>
    <Product>
      <PriceUpdateDate>2018/08/08 07:03</PriceUpdateDate>
      <ItemCode>7290015652070</ItemCode>
      <ItemType>1</ItemType>
      <ItemName>קשיו קלוי 150  גר`שקית</ItemName>
      <ManufactureName>דין שיווק וקליה בעמ</ManufactureName>
      <ManufactureCountry />
      <ManufactureItemDescription />
      <UnitQty>יח`</UnitQty>
      <Quantity>150</Quantity>
      <UnitMeasure>גרם</UnitMeasure>
      <BisWeighted>0</BisWeighted>
      <QtyInPackage>1</QtyInPackage>
      <ItemPrice>12.90</ItemPrice>
      <UnitOfMeasurePrice>8.60</UnitOfMeasurePrice>
      <AllowDiscount>0</AllowDiscount>
      <itemStatus>1</itemStatus>
      <LastUpdateDate />
      <LastUpdateTime />
    </Product>
    <Product>
      <PriceUpdateDate>2018/08/08 07:03</PriceUpdateDate>
      <ItemCode>7290015652087</ItemCode>
      <ItemType>1</ItemType>
      <ItemName>תערובת פיצוחים 150  גר`בשקית</ItemName>
      <ManufactureName>דין שיווק וקליה בעמ</ManufactureName>
      <ManufactureCountry />
      <ManufactureItemDescription />
      <UnitQty>יח`</UnitQty>
      <Quantity>150</Quantity>
      <UnitMeasure>גרם</UnitMeasure>
      <BisWeighted>0</BisWeighted>
      <QtyInPackage>1</QtyInPackage>
      <ItemPrice>12.90</ItemPrice>
      <UnitOfMeasurePrice>8.60</UnitOfMeasurePrice>
      <AllowDiscount>0</AllowDiscount>
      <itemStatus>1</itemStatus>
      <LastUpdateDate />
      <LastUpdateTime />
    </Product>
    <Product>
      <PriceUpdateDate>2016/02/14 09:06</PriceUpdateDate>
      <ItemCode>7290015652124</ItemCode>
      <ItemType>1</ItemType>
      <ItemName>רוטב סריראצ`ה אש ולהבה אהרוני (450 מל)</ItemName>
      <ManufactureName>דין שיווק וקליה בעמ</ManufactureName>
      <ManufactureCountry />
      <ManufactureItemDescription />
      <UnitQty>יח`</UnitQty>
      <Quantity>450</Quantity>
      <UnitMeasure>גרם</UnitMeasure>
      <BisWeighted>0</BisWeighted>
      <QtyInPackage>1</QtyInPackage>
      <ItemPrice>19.90</ItemPrice>
      <UnitOfMeasurePrice>4.42</UnitOfMeasurePrice>
      <AllowDiscount>0</AllowDiscount>
      <itemStatus>1</itemStatus>
      <LastUpdateDate />
      <LastUpdateTime />
    </Product>
    <Product>
      <PriceUpdateDate>2016/09/28 11:47</PriceUpdateDate>
      <ItemCode>7290015652131</ItemCode>
      <ItemType>1</ItemType>
      <ItemName>רוטב עגבניות לפסטה 680מל אהרוני</ItemName>
      <ManufactureName>דין שיווק וקליה בעמ</ManufactureName>
      <ManufactureCountry />
      <ManufactureItemDescription />
      <UnitQty>יח`</UnitQty>
      <Quantity>680</Quantity>
      <UnitMeasure>מ"ל</UnitMeasure>
      <BisWeighted>0</BisWeighted>
      <QtyInPackage>1</QtyInPackage>
      <ItemPrice>12.90</ItemPrice>
      <UnitOfMeasurePrice>1.90</UnitOfMeasurePrice>
      <AllowDiscount>1</AllowDiscount>
      <itemStatus>1</itemStatus>
      <LastUpdateDate />
      <LastUpdateTime />
    </Product>
    <Product>
      <PriceUpdateDate>2016/09/28 11:47</PriceUpdateDate>
      <ItemCode>7290015652148</ItemCode>
      <ItemType>1</ItemType>
      <ItemName>רוטב עגבניות ושום לפסטה 680מל אהרוני</ItemName>
      <ManufactureName>דין שיווק וקליה בעמ</ManufactureName>
      <ManufactureCountry />
      <ManufactureItemDescription />
      <UnitQty>יח`</UnitQty>
      <Quantity>680</Quantity>
      <UnitMeasure>מ"ל</UnitMeasure>
      <BisWeighted>0</BisWeighted>
      <QtyInPackage>1</QtyInPackage>
      <ItemPrice>12.90</ItemPrice>
      <UnitOfMeasurePrice>1.90</UnitOfMeasurePrice>
      <AllowDiscount>1</AllowDiscount>
      <itemStatus>1</itemStatus>
      <LastUpdateDate />
      <LastUpdateTime />
    </Product>
    <Product>
      <PriceUpdateDate>2016/09/28 11:47</PriceUpdateDate>
      <ItemCode>7290015652155</ItemCode>
      <ItemType>1</ItemType>
      <ItemName>רוטב עגבניות ובזיליקום לפסטה 680מ אהרונ</ItemName>
      <ManufactureName>דין שיווק וקליה בעמ</ManufactureName>
      <ManufactureCountry />
      <ManufactureItemDescription />
      <UnitQty>יח`</UnitQty>
      <Quantity>680</Quantity>
      <UnitMeasure>מ"ל</UnitMeasure>
      <BisWeighted>0</BisWeighted>
      <QtyInPackage>1</QtyInPackage>
      <ItemPrice>12.90</ItemPrice>
      <UnitOfMeasurePrice>1.90</UnitOfMeasurePrice>
      <AllowDiscount>1</AllowDiscount>
      <itemStatus>1</itemStatus>
      <LastUpdateDate />
      <LastUpdateTime />
    </Product>
    <Product>
      <PriceUpdateDate>2015/06/02 08:48</PriceUpdateDate>
      <ItemCode>7290015652254</ItemCode>
      <ItemType>1</ItemType>
      <ItemName>גרעיני חמניה קלויים ששון הקולה (500 גרם)</ItemName>
      <ManufactureName>דין שיווק וקליה בעמ</ManufactureName>
      <ManufactureCountry />
      <ManufactureItemDescription />
      <UnitQty>יח`</UnitQty>
      <Quantity>500</Quantity>
      <UnitMeasure>גרם</UnitMeasure>
      <BisWeighted>0</BisWeighted>
      <QtyInPackage>1</QtyInPackage>
      <ItemPrice>10</ItemPrice>
      <UnitOfMeasurePrice>2</UnitOfMeasurePrice>
      <AllowDiscount>0</AllowDiscount>
      <itemStatus>1</itemStatus>
      <LastUpdateDate />
      <LastUpdateTime />
    </Product>
    <Product>
      <PriceUpdateDate>2015/06/02 08:48</PriceUpdateDate>
      <ItemCode>7290015652261</ItemCode>
      <ItemType>1</ItemType>
      <ItemName>בוטנים קלויים 400 גר`</ItemName>
      <ManufactureName>דין שיווק וקליה בעמ</ManufactureName>
      <ManufactureCountry />
      <ManufactureItemDescription />
      <UnitQty>יח`</UnitQty>
      <Quantity>400</Quantity>
      <UnitMeasure>גרם</UnitMeasure>
      <BisWeighted>0</BisWeighted>
      <QtyInPackage>1</QtyInPackage>
      <ItemPrice>10</ItemPrice>
      <UnitOfMeasurePrice>2.50</UnitOfMeasurePrice>
      <AllowDiscount>0</AllowDiscount>
      <itemStatus>1</itemStatus>
      <LastUpdateDate />
      <LastUpdateTime />
    </Product>
    <Product>
      <PriceUpdateDate>2015/06/02 08:48</PriceUpdateDate>
      <ItemCode>7290015652278</ItemCode>
      <ItemType>1</ItemType>
      <ItemName>תערובת פיצוחים 300 גר`</ItemName>
      <ManufactureName>דין שיווק וקליה בעמ</ManufactureName>
      <ManufactureCountry />
      <ManufactureItemDescription />
      <UnitQty>יח`</UnitQty>
      <Quantity>300</Quantity>
      <UnitMeasure>גרם</UnitMeasure>
      <BisWeighted>0</BisWeighted>
      <QtyInPackage>1</QtyInPackage>
      <ItemPrice>20</ItemPrice>
      <UnitOfMeasurePrice>6.67</UnitOfMeasurePrice>
      <AllowDiscount>0</AllowDiscount>
      <itemStatus>1</itemStatus>
      <LastUpdateDate />
      <LastUpdateTime />
    </Product>
    <Product>
      <PriceUpdateDate>2015/06/02 08:48</PriceUpdateDate>
      <ItemCode>7290015652285</ItemCode>
      <ItemType>1</ItemType>
      <ItemName>אגוזים קלופים דין שיווק (250 גרם)</ItemName>
      <ManufactureName>דין שיווק וקליה בעמ</ManufactureName>
      <ManufactureCountry />
      <ManufactureItemDescription />
      <UnitQty>יח`</UnitQty>
      <Quantity>250</Quantity>
      <UnitMeasure>גרם</UnitMeasure>
      <BisWeighted>0</BisWeighted>
      <QtyInPackage>1</QtyInPackage>
      <ItemPrice>20</ItemPrice>
      <UnitOfMeasurePrice>8</UnitOfMeasurePrice>
      <AllowDiscount>0</AllowDiscount>
      <itemStatus>1</itemStatus>
      <LastUpdateDate />
      <LastUpdateTime />
    </Product>
    <Product>
      <PriceUpdateDate>2015/06/02 08:48</PriceUpdateDate>
      <ItemCode>7290015652308</ItemCode>
      <ItemType>1</ItemType>
      <ItemName>מנצ`ס 400 גר`</ItemName>
      <ManufactureName>דין שיווק וקליה בעמ</ManufactureName>
      <ManufactureCountry />
      <ManufactureItemDescription />
      <UnitQty>יח`</UnitQty>
      <Quantity>400</Quantity>
      <UnitMeasure>גרם</UnitMeasure>
      <BisWeighted>0</BisWeighted>
      <QtyInPackage>1</QtyInPackage>
      <ItemPrice>10</ItemPrice>
      <UnitOfMeasurePrice>2.50</UnitOfMeasurePrice>
      <AllowDiscount>0</AllowDiscount>
      <itemStatus>1</itemStatus>
      <LastUpdateDate />
      <LastUpdateTime />
    </Product>
    <Product>
      <PriceUpdateDate>2015/06/02 08:48</PriceUpdateDate>
      <ItemCode>7290015652315</ItemCode>
      <ItemType>1</ItemType>
      <ItemName>חמוציות מסוכרות ששון הקולה (300 גרם)</ItemName>
      <ManufactureName>דין שיווק וקליה בעמ</ManufactureName>
      <ManufactureCountry />
      <ManufactureItemDescription />
      <UnitQty>יח`</UnitQty>
      <Quantity>300</Quantity>
      <UnitMeasure>גרם</UnitMeasure>
      <BisWeighted>0</BisWeighted>
      <QtyInPackage>1</QtyInPackage>
      <ItemPrice>10</ItemPrice>
      <UnitOfMeasurePrice>3.33</UnitOfMeasurePrice>
      <AllowDiscount>0</AllowDiscount>
      <itemStatus>1</itemStatus>
      <LastUpdateDate />
      <LastUpdateTime />
    </Product>
    <Product>
      <PriceUpdateDate>2015/08/25 09:48</PriceUpdateDate>
      <ItemCode>7290015652407</ItemCode>
      <ItemType>1</ItemType>
      <ItemName>פיסטוק קלוי שקדיה (250 גרם)</ItemName>
      <ManufactureName>דין שיווק וקליה בעמ</ManufactureName>
      <ManufactureCountry />
      <ManufactureItemDescription />
      <UnitQty>יח`</UnitQty>
      <Quantity>250</Quantity>
      <UnitMeasure>גרם</UnitMeasure>
      <BisWeighted>0</BisWeighted>
      <QtyInPackage>1</QtyInPackage>
      <ItemPrice>20</ItemPrice>
      <UnitOfMeasurePrice>8</UnitOfMeasurePrice>
      <AllowDiscount>0</AllowDiscount>
      <itemStatus>1</itemStatus>
      <LastUpdateDate />
      <LastUpdateTime />
    </Product>
    <Product>
      <PriceUpdateDate>2019/12/17 08:09</PriceUpdateDate>
      <ItemCode>7290015733427</ItemCode>
      <ItemType>1</ItemType>
      <ItemName>מטרנה דייסת גם וגם 300  גר`וניל פרו</ItemName>
      <ManufactureName>קבוצת אסם סחר שות. מוגבלת</ManufactureName>
      <ManufactureCountry />
      <ManufactureItemDescription />
      <UnitQty>יח`</UnitQty>
      <Quantity>300</Quantity>
      <UnitMeasure>גרם</UnitMeasure>
      <BisWeighted>0</BisWeighted>
      <QtyInPackage>1</QtyInPackage>
      <ItemPrice>18.90</ItemPrice>
      <UnitOfMeasurePrice>6.30</UnitOfMeasurePrice>
      <AllowDiscount>0</AllowDiscount>
      <itemStatus>1</itemStatus>
      <LastUpdateDate />
      <LastUpdateTime />
    </Product>
    <Product>
      <PriceUpdateDate>2015/06/28 12:43</PriceUpdateDate>
      <ItemCode>7290015781008</ItemCode>
      <ItemType>1</ItemType>
      <ItemName>יין מרלו ויז`יון טפרברג (750 מל)</ItemName>
      <ManufactureName>יקב טפרברג 1870 בעמ (יינות ומש</ManufactureName>
      <ManufactureCountry />
      <ManufactureItemDescription />
      <UnitQty>יח`</UnitQty>
      <Quantity>750</Quantity>
      <UnitMeasure>מ"ל</UnitMeasure>
      <BisWeighted>0</BisWeighted>
      <QtyInPackage>1</QtyInPackage>
      <ItemPrice>34.90</ItemPrice>
      <UnitOfMeasurePrice>4.61</UnitOfMeasurePrice>
      <AllowDiscount>1</AllowDiscount>
      <itemStatus>1</itemStatus>
      <LastUpdateDate />
      <LastUpdateTime />
    </Product>
    <Product>
      <PriceUpdateDate>2015/06/28 12:43</PriceUpdateDate>
      <ItemCode>7290015781053</ItemCode>
      <ItemType>1</ItemType>
      <ItemName>יין לבן יבש ויזון יקב טפרברג (750 מל)</ItemName>
      <ManufactureName>יקב טפרברג 1870 בעמ (יינות ומש</ManufactureName>
      <ManufactureCountry />
      <ManufactureItemDescription />
      <UnitQty>יח`</UnitQty>
      <Quantity>750</Quantity>
      <UnitMeasure>מ"ל</UnitMeasure>
      <BisWeighted>0</BisWeighted>
      <QtyInPackage>1</QtyInPackage>
      <ItemPrice>34.90</ItemPrice>
      <UnitOfMeasurePrice>4.61</UnitOfMeasurePrice>
      <AllowDiscount>1</AllowDiscount>
      <itemStatus>1</itemStatus>
      <LastUpdateDate />
      <LastUpdateTime />
    </Product>
    <Product>
      <PriceUpdateDate>2015/06/28 12:43</PriceUpdateDate>
      <ItemCode>7290015781091</ItemCode>
      <ItemType>1</ItemType>
      <ItemName>יין קברנה סובניון VISION</ItemName>
      <ManufactureName>יקב טפרברג 1870 בעמ (יינות ומש</ManufactureName>
      <ManufactureCountry />
      <ManufactureItemDescription />
      <UnitQty>יח`</UnitQty>
      <Quantity>750</Quantity>
      <UnitMeasure>מ"ל</UnitMeasure>
      <BisWeighted>0</BisWeighted>
      <QtyInPackage>1</QtyInPackage>
      <ItemPrice>34.90</ItemPrice>
      <UnitOfMeasurePrice>4.61</UnitOfMeasurePrice>
      <AllowDiscount>1</AllowDiscount>
      <itemStatus>1</itemStatus>
      <LastUpdateDate />
      <LastUpdateTime />
    </Product>
    <Product>
      <PriceUpdateDate>2015/06/28 12:43</PriceUpdateDate>
      <ItemCode>7290015781114</ItemCode>
      <ItemType>1</ItemType>
      <ItemName>יין אדום אימפרשיין מרלו טפרברג (750 מל)</ItemName>
      <ManufactureName>יקב טפרברג 1870 בעמ (יינות ומש</ManufactureName>
      <ManufactureCountry />
      <ManufactureItemDescription />
      <UnitQty>יח`</UnitQty>
      <Quantity>750</Quantity>
      <UnitMeasure>מ"ל</UnitMeasure>
      <BisWeighted>0</BisWeighted>
      <QtyInPackage>1</QtyInPackage>
      <ItemPrice>44.90</ItemPrice>
      <UnitOfMeasurePrice>5.95</UnitOfMeasurePrice>
      <AllowDiscount>1</AllowDiscount>
      <itemStatus>1</itemStatus>
      <LastUpdateDate />
      <LastUpdateTime />
    </Product>
    <Product>
      <PriceUpdateDate>2015/06/28 12:43</PriceUpdateDate>
      <ItemCode>7290015781121</ItemCode>
      <ItemType>1</ItemType>
      <ItemName>יין קברנה סובניון IMPRESSION</ItemName>
      <ManufactureName>יקב טפרברג 1870 בעמ (יינות ומש</ManufactureName>
      <ManufactureCountry />
      <ManufactureItemDescription />
      <UnitQty>יח`</UnitQty>
      <Quantity>750</Quantity>
      <UnitMeasure>מ"ל</UnitMeasure>
      <BisWeighted>0</BisWeighted>
      <QtyInPackage>1</QtyInPackage>
      <ItemPrice>44.90</ItemPrice>
      <UnitOfMeasurePrice>5.95</UnitOfMeasurePrice>
      <AllowDiscount>1</AllowDiscount>
      <itemStatus>1</itemStatus>
      <LastUpdateDate />
      <LastUpdateTime />
    </Product>
    <Product>
      <PriceUpdateDate>2015/07/03 06:16</PriceUpdateDate>
      <ItemCode>7290015781169</ItemCode>
      <ItemType>1</ItemType>
      <ItemName>יין אדום חצי יבש IMPRESSION</ItemName>
      <ManufactureName>יקב טפרברג 1870 בעמ (יינות ומש</ManufactureName>
      <ManufactureCountry />
      <ManufactureItemDescription />
      <UnitQty>יח`</UnitQty>
      <Quantity>750</Quantity>
      <UnitMeasure>מ"ל</UnitMeasure>
      <BisWeighted>0</BisWeighted>
      <QtyInPackage>1</QtyInPackage>
      <ItemPrice>44.90</ItemPrice>
      <UnitOfMeasurePrice>5.95</UnitOfMeasurePrice>
      <AllowDiscount>1</AllowDiscount>
      <itemStatus>1</itemStatus>
      <LastUpdateDate />
      <LastUpdateTime />
    </Product>
    <Product>
      <PriceUpdateDate>2015/06/28 12:43</PriceUpdateDate>
      <ItemCode>7290015781282</ItemCode>
      <ItemType>1</ItemType>
      <ItemName>יין גוורצטרמינר IMPRESSION</ItemName>
      <ManufactureName>יקב טפרברג 1870 בעמ (יינות ומש</ManufactureName>
      <ManufactureCountry />
      <ManufactureItemDescription />
      <UnitQty>יח`</UnitQty>
      <Quantity>750</Quantity>
      <UnitMeasure>מ"ל</UnitMeasure>
      <BisWeighted>0</BisWeighted>
      <QtyInPackage>1</QtyInPackage>
      <ItemPrice>44.90</ItemPrice>
      <UnitOfMeasurePrice>5.95</UnitOfMeasurePrice>
      <AllowDiscount>1</AllowDiscount>
      <itemStatus>1</itemStatus>
      <LastUpdateDate />
      <LastUpdateTime />
    </Product>
    <Product>
      <PriceUpdateDate>2015/06/28 12:43</PriceUpdateDate>
      <ItemCode>7290015781299</ItemCode>
      <ItemType>1</ItemType>
      <ItemName>יין שיראז ויזון יקב טפרברג (750 מל)</ItemName>
      <ManufactureName>יקב טפרברג 1870 בעמ (יינות ומש</ManufactureName>
      <ManufactureCountry />
      <ManufactureItemDescription />
      <UnitQty>יח`</UnitQty>
      <Quantity>750</Quantity>
      <UnitMeasure>מ"ל</UnitMeasure>
      <BisWeighted>0</BisWeighted>
      <QtyInPackage>1</QtyInPackage>
      <ItemPrice>34.90</ItemPrice>
      <UnitOfMeasurePrice>4.61</UnitOfMeasurePrice>
      <AllowDiscount>1</AllowDiscount>
      <itemStatus>1</itemStatus>
      <LastUpdateDate />
      <LastUpdateTime />
    </Product>
    <Product>
      <PriceUpdateDate>2019/03/18 15:30</PriceUpdateDate>
      <ItemCode>7290015803373</ItemCode>
      <ItemType>1</ItemType>
      <ItemName>נקופה קברנה סוביניון 750 מל</ItemName>
      <ManufactureName>יקבי הכורמים תשלח חברה בעמ</ManufactureName>
      <ManufactureCountry />
      <ManufactureItemDescription />
      <UnitQty>יח`</UnitQty>
      <Quantity>750</Quantity>
      <UnitMeasure>מ"ל</UnitMeasure>
      <BisWeighted>0</BisWeighted>
      <QtyInPackage>1</QtyInPackage>
      <ItemPrice>14.90</ItemPrice>
      <UnitOfMeasurePrice>1.95</UnitOfMeasurePrice>
      <AllowDiscount>0</AllowDiscount>
      <itemStatus>1</itemStatus>
      <LastUpdateDate />
      <LastUpdateTime />
    </Product>
    <Product>
      <PriceUpdateDate>2020/03/30 10:32</PriceUpdateDate>
      <ItemCode>7290015833127</ItemCode>
      <ItemType>1</ItemType>
      <ItemName>ג`ל לניקוי ידיים 200 מל</ItemName>
      <ManufactureName>מים רבים בנתיב העשרה בעמ</ManufactureName>
      <ManufactureCountry />
      <ManufactureItemDescription />
      <UnitQty>יח`</UnitQty>
      <Quantity>1</Quantity>
      <UnitMeasure />
      <BisWeighted>0</BisWeighted>
      <QtyInPackage>1</QtyInPackage>
      <ItemPrice>19.90</ItemPrice>
      <UnitOfMeasurePrice>19.90</UnitOfMeasurePrice>
      <AllowDiscount>1</AllowDiscount>
      <itemStatus>1</itemStatus>
      <LastUpdateDate />
      <LastUpdateTime />
    </Product>
    <Product>
      <PriceUpdateDate>2019/06/23 08:26</PriceUpdateDate>
      <ItemCode>7290015855013</ItemCode>
      <ItemType>1</ItemType>
      <ItemName>פלפלונים -טינקרבל א.אדמה</ItemName>
      <ManufactureName>א.אדמה (2007) בעמ</ManufactureName>
      <ManufactureCountry />
      <ManufactureItemDescription />
      <UnitQty>יח`</UnitQty>
      <Quantity>1</Quantity>
      <UnitMeasure />
      <BisWeighted>0</BisWeighted>
      <QtyInPackage>1</QtyInPackage>
      <ItemPrice>8.90</ItemPrice>
      <UnitOfMeasurePrice>8.90</UnitOfMeasurePrice>
      <AllowDiscount>1</AllowDiscount>
      <itemStatus>1</itemStatus>
      <LastUpdateDate />
      <LastUpdateTime />
    </Product>
    <Product>
      <PriceUpdateDate>2015/04/21 08:21</PriceUpdateDate>
      <ItemCode>7290015855037</ItemCode>
      <ItemType>1</ItemType>
      <ItemName>פלפל צ`ילי בשקית</ItemName>
      <ManufactureName>א.אדמה (2007) בעמ</ManufactureName>
      <ManufactureCountry />
      <ManufactureItemDescription />
      <UnitQty>יח`</UnitQty>
      <Quantity>1</Quantity>
      <UnitMeasure />
      <BisWeighted>0</BisWeighted>
      <QtyInPackage>1</QtyInPackage>
      <ItemPrice>7.90</ItemPrice>
      <UnitOfMeasurePrice>7.90</UnitOfMeasurePrice>
      <AllowDiscount>1</AllowDiscount>
      <itemStatus>1</itemStatus>
      <LastUpdateDate />
      <LastUpdateTime />
    </Product>
    <Product>
      <PriceUpdateDate>2016/02/18 08:16</PriceUpdateDate>
      <ItemCode>7290015855143</ItemCode>
      <ItemType>1</ItemType>
      <ItemName>שום קלוף 170 גרם</ItemName>
      <ManufactureName>א.אדמה (2007) בעמ</ManufactureName>
      <ManufactureCountry />
      <ManufactureItemDescription />
      <UnitQty>יח`</UnitQty>
      <Quantity>170</Quantity>
      <UnitMeasure>גרם</UnitMeasure>
      <BisWeighted>0</BisWeighted>
      <QtyInPackage>1</QtyInPackage>
      <ItemPrice>13.90</ItemPrice>
      <UnitOfMeasurePrice>8.18</UnitOfMeasurePrice>
      <AllowDiscount>1</AllowDiscount>
      <itemStatus>1</itemStatus>
      <LastUpdateDate />
      <LastUpdateTime />
    </Product>
    <Product>
      <PriceUpdateDate>2016/01/15 06:55</PriceUpdateDate>
      <ItemCode>7290015855181</ItemCode>
      <ItemType>1</ItemType>
      <ItemName>גינג`ר יחידה טרי</ItemName>
      <ManufactureName>א.אדמה (2007) בעמ</ManufactureName>
      <ManufactureCountry />
      <ManufactureItemDescription />
      <UnitQty>יח`</UnitQty>
      <Quantity>1</Quantity>
      <UnitMeasure />
      <BisWeighted>0</BisWeighted>
      <QtyInPackage>1</QtyInPackage>
      <ItemPrice>10.90</ItemPrice>
      <UnitOfMeasurePrice>10.90</UnitOfMeasurePrice>
      <AllowDiscount>1</AllowDiscount>
      <itemStatus>1</itemStatus>
      <LastUpdateDate />
      <LastUpdateTime />
    </Product>
    <Product>
      <PriceUpdateDate>2016/09/15 08:20</PriceUpdateDate>
      <ItemCode>7290015855327</ItemCode>
      <ItemType>1</ItemType>
      <ItemName>עגבניות לחות</ItemName>
      <ManufactureName>א.אדמה (2007) בעמ</ManufactureName>
      <ManufactureCountry />
      <ManufactureItemDescription />
      <UnitQty>יח`</UnitQty>
      <Quantity>1</Quantity>
      <UnitMeasure />
      <BisWeighted>0</BisWeighted>
      <QtyInPackage>1</QtyInPackage>
      <ItemPrice>13.90</ItemPrice>
      <UnitOfMeasurePrice>13.90</UnitOfMeasurePrice>
      <AllowDiscount>0</AllowDiscount>
      <itemStatus>1</itemStatus>
      <LastUpdateDate />
      <LastUpdateTime />
    </Product>
    <Product>
      <PriceUpdateDate>2016/09/15 08:20</PriceUpdateDate>
      <ItemCode>7290015855358</ItemCode>
      <ItemType>1</ItemType>
      <ItemName>בצל שאלוט</ItemName>
      <ManufactureName>א.אדמה (2007) בעמ</ManufactureName>
      <ManufactureCountry />
      <ManufactureItemDescription />
      <UnitQty>יח`</UnitQty>
      <Quantity>1</Quantity>
      <UnitMeasure />
      <BisWeighted>0</BisWeighted>
      <QtyInPackage>1</QtyInPackage>
      <ItemPrice>13.90</ItemPrice>
      <UnitOfMeasurePrice>13.90</UnitOfMeasurePrice>
      <AllowDiscount>1</AllowDiscount>
      <itemStatus>1</itemStatus>
      <LastUpdateDate />
      <LastUpdateTime />
    </Product>
    <Product>
      <PriceUpdateDate>2019/11/05 12:31</PriceUpdateDate>
      <ItemCode>7290015858113</ItemCode>
      <ItemType>1</ItemType>
      <ItemName>ממרח עגבניות מיובשות 180 גר-על לחם</ItemName>
      <ManufactureName>שטראוס גרופ בעמ/מצונן</ManufactureName>
      <ManufactureCountry />
      <ManufactureItemDescription />
      <UnitQty>יח`</UnitQty>
      <Quantity>180</Quantity>
      <UnitMeasure>גרם</UnitMeasure>
      <BisWeighted>0</BisWeighted>
      <QtyInPackage>1</QtyInPackage>
      <ItemPrice>16.90</ItemPrice>
      <UnitOfMeasurePrice>9.39</UnitOfMeasurePrice>
      <AllowDiscount>1</AllowDiscount>
      <itemStatus>1</itemStatus>
      <LastUpdateDate />
      <LastUpdateTime />
    </Product>
    <Product>
      <PriceUpdateDate>2019/04/14 15:39</PriceUpdateDate>
      <ItemCode>7290015858144</ItemCode>
      <ItemType>1</ItemType>
      <ItemName>ממרח ארטישוק 180 גר-על לחם</ItemName>
      <ManufactureName>שטראוס גרופ בעמ/מצונן</ManufactureName>
      <ManufactureCountry />
      <ManufactureItemDescription />
      <UnitQty>יח`</UnitQty>
      <Quantity>180</Quantity>
      <UnitMeasure>גרם</UnitMeasure>
      <BisWeighted>0</BisWeighted>
      <QtyInPackage>1</QtyInPackage>
      <ItemPrice>16.90</ItemPrice>
      <UnitOfMeasurePrice>9.39</UnitOfMeasurePrice>
      <AllowDiscount>1</AllowDiscount>
      <itemStatus>1</itemStatus>
      <LastUpdateDate />
      <LastUpdateTime />
    </Product>
    <Product>
      <PriceUpdateDate>2019/04/14 15:39</PriceUpdateDate>
      <ItemCode>7290015858175</ItemCode>
      <ItemType>1</ItemType>
      <ItemName>ממרח פלפלים קלויים 180 גר-על  לחם</ItemName>
      <ManufactureName>שטראוס גרופ בעמ/מצונן</ManufactureName>
      <ManufactureCountry />
      <ManufactureItemDescription />
      <UnitQty>יח`</UnitQty>
      <Quantity>180</Quantity>
      <UnitMeasure>גרם</UnitMeasure>
      <BisWeighted>0</BisWeighted>
      <QtyInPackage>1</QtyInPackage>
      <ItemPrice>16.90</ItemPrice>
      <UnitOfMeasurePrice>9.39</UnitOfMeasurePrice>
      <AllowDiscount>1</AllowDiscount>
      <itemStatus>1</itemStatus>
      <LastUpdateDate />
      <LastUpdateTime />
    </Product>
    <Product>
      <PriceUpdateDate>2019/04/14 15:39</PriceUpdateDate>
      <ItemCode>7290015858243</ItemCode>
      <ItemType>1</ItemType>
      <ItemName>צ`ימיצ`ורי 180 גר על לחם</ItemName>
      <ManufactureName>שטראוס גרופ בעמ/מצונן</ManufactureName>
      <ManufactureCountry />
      <ManufactureItemDescription />
      <UnitQty>יח`</UnitQty>
      <Quantity>180</Quantity>
      <UnitMeasure>גרם</UnitMeasure>
      <BisWeighted>0</BisWeighted>
      <QtyInPackage>1</QtyInPackage>
      <ItemPrice>16.90</ItemPrice>
      <UnitOfMeasurePrice>9.39</UnitOfMeasurePrice>
      <AllowDiscount>1</AllowDiscount>
      <itemStatus>1</itemStatus>
      <LastUpdateDate />
      <LastUpdateTime />
    </Product>
    <Product>
      <PriceUpdateDate>2018/08/12 10:21</PriceUpdateDate>
      <ItemCode>7290015888028</ItemCode>
      <ItemType>1</ItemType>
      <ItemName>אורז בסמתי ריהמן 1 קג</ItemName>
      <ManufactureName>בני ג`ורג` שוקחה (חיפה) בעמ</ManufactureName>
      <ManufactureCountry />
      <ManufactureItemDescription />
      <UnitQty>יח`</UnitQty>
      <Quantity>1</Quantity>
      <UnitMeasure>גרם</UnitMeasure>
      <BisWeighted>0</BisWeighted>
      <QtyInPackage>1</QtyInPackage>
      <ItemPrice>10.90</ItemPrice>
      <UnitOfMeasurePrice>1090</UnitOfMeasurePrice>
      <AllowDiscount>0</AllowDiscount>
      <itemStatus>1</itemStatus>
      <LastUpdateDate />
      <LastUpdateTime />
    </Product>
    <Product>
      <PriceUpdateDate>2018/11/01 09:10</PriceUpdateDate>
      <ItemCode>7290015888110</ItemCode>
      <ItemType>1</ItemType>
      <ItemName>קינואה לבנה 1 קג שוקחה</ItemName>
      <ManufactureName>בני ג`ורג` שוקחה (חיפה) בעמ</ManufactureName>
      <ManufactureCountry />
      <ManufactureItemDescription />
      <UnitQty>יח`</UnitQty>
      <Quantity>1000</Quantity>
      <UnitMeasure>גרם</UnitMeasure>
      <BisWeighted>0</BisWeighted>
      <QtyInPackage>1</QtyInPackage>
      <ItemPrice>23.90</ItemPrice>
      <UnitOfMeasurePrice>2.39</UnitOfMeasurePrice>
      <AllowDiscount>0</AllowDiscount>
      <itemStatus>1</itemStatus>
      <LastUpdateDate />
      <LastUpdateTime />
    </Product>
    <Product>
      <PriceUpdateDate>2019/01/28 08:26</PriceUpdateDate>
      <ItemCode>7290015888325</ItemCode>
      <ItemType>1</ItemType>
      <ItemName>חומוס ענק 1 קג` שוקחה</ItemName>
      <ManufactureName>בני ג`ורג` שוקחה (חיפה) בעמ</ManufactureName>
      <ManufactureCountry />
      <ManufactureItemDescription />
      <UnitQty>יח`</UnitQty>
      <Quantity>1000</Quantity>
      <UnitMeasure>גרם</UnitMeasure>
      <BisWeighted>0</BisWeighted>
      <QtyInPackage>1</QtyInPackage>
      <ItemPrice>15.90</ItemPrice>
      <UnitOfMeasurePrice>1.59</UnitOfMeasurePrice>
      <AllowDiscount>0</AllowDiscount>
      <itemStatus>1</itemStatus>
      <LastUpdateDate />
      <LastUpdateTime />
    </Product>
    <Product>
      <PriceUpdateDate>2020/05/03 10:38</PriceUpdateDate>
      <ItemCode>7290015951869</ItemCode>
      <ItemType>1</ItemType>
      <ItemName>הר חרמון רוזה 750 מל</ItemName>
      <ManufactureName>היכל היין שקד גולן בעמ</ManufactureName>
      <ManufactureCountry />
      <ManufactureItemDescription />
      <UnitQty>יח`</UnitQty>
      <Quantity>750</Quantity>
      <UnitMeasure>מ"ל</UnitMeasure>
      <BisWeighted>0</BisWeighted>
      <QtyInPackage>1</QtyInPackage>
      <ItemPrice>30.90</ItemPrice>
      <UnitOfMeasurePrice>4.08</UnitOfMeasurePrice>
      <AllowDiscount>1</AllowDiscount>
      <itemStatus>1</itemStatus>
      <LastUpdateDate />
      <LastUpdateTime />
    </Product>
    <Product>
      <PriceUpdateDate>2020/05/03 10:38</PriceUpdateDate>
      <ItemCode>7290015951890</ItemCode>
      <ItemType>1</ItemType>
      <ItemName>ירדן הר חרמון קברנה סובניון 750 מל</ItemName>
      <ManufactureName>היכל היין שקד גולן בעמ</ManufactureName>
      <ManufactureCountry />
      <ManufactureItemDescription />
      <UnitQty>יח`</UnitQty>
      <Quantity>750</Quantity>
      <UnitMeasure>מ"ל</UnitMeasure>
      <BisWeighted>0</BisWeighted>
      <QtyInPackage>1</QtyInPackage>
      <ItemPrice>30.90</ItemPrice>
      <UnitOfMeasurePrice>4.08</UnitOfMeasurePrice>
      <AllowDiscount>1</AllowDiscount>
      <itemStatus>1</itemStatus>
      <LastUpdateDate />
      <LastUpdateTime />
    </Product>
    <Product>
      <PriceUpdateDate>2016/09/19 08:22</PriceUpdateDate>
      <ItemCode>7290015968140</ItemCode>
      <ItemType>1</ItemType>
      <ItemName>אטב אחיזה בעיצוב איטלקי 36 יח במארז</ItemName>
      <ManufactureName>אינטרסן 1996 בעמ</ManufactureName>
      <ManufactureCountry />
      <ManufactureItemDescription />
      <UnitQty>יח`</UnitQty>
      <Quantity>1</Quantity>
      <UnitMeasure />
      <BisWeighted>0</BisWeighted>
      <QtyInPackage>1</QtyInPackage>
      <ItemPrice>9.90</ItemPrice>
      <UnitOfMeasurePrice>9.90</UnitOfMeasurePrice>
      <AllowDiscount>0</AllowDiscount>
      <itemStatus>1</itemStatus>
      <LastUpdateDate />
      <LastUpdateTime />
    </Product>
    <Product>
      <PriceUpdateDate>2017/02/08 15:11</PriceUpdateDate>
      <ItemCode>7290015968331</ItemCode>
      <ItemType>1</ItemType>
      <ItemName>נורת לד w6 אור לבן אינטרסן</ItemName>
      <ManufactureName>אינטרסן 1996 בעמ</ManufactureName>
      <ManufactureCountry />
      <ManufactureItemDescription />
      <UnitQty>יח`</UnitQty>
      <Quantity>1</Quantity>
      <UnitMeasure />
      <BisWeighted>0</BisWeighted>
      <QtyInPackage>1</QtyInPackage>
      <ItemPrice>14.90</ItemPrice>
      <UnitOfMeasurePrice>14.90</UnitOfMeasurePrice>
      <AllowDiscount>0</AllowDiscount>
      <itemStatus>1</itemStatus>
      <LastUpdateDate />
      <LastUpdateTime />
    </Product>
    <Product>
      <PriceUpdateDate>2017/02/09 08:23</PriceUpdateDate>
      <ItemCode>7290015968348</ItemCode>
      <ItemType>1</ItemType>
      <ItemName>נורת לד 9W אור לבן אינטרסן</ItemName>
      <ManufactureName>אינטרסן 1996 בעמ</ManufactureName>
      <ManufactureCountry />
      <ManufactureItemDescription />
      <UnitQty>יח`</UnitQty>
      <Quantity>1</Quantity>
      <UnitMeasure />
      <BisWeighted>0</BisWeighted>
      <QtyInPackage>1</QtyInPackage>
      <ItemPrice>14.90</ItemPrice>
      <UnitOfMeasurePrice>14.90</UnitOfMeasurePrice>
      <AllowDiscount>0</AllowDiscount>
      <itemStatus>1</itemStatus>
      <LastUpdateDate />
      <LastUpdateTime />
    </Product>
    <Product>
      <PriceUpdateDate>2019/05/12 14:49</PriceUpdateDate>
      <ItemCode>7290015996945</ItemCode>
      <ItemType>1</ItemType>
      <ItemName>סוכרזית סוכרלוז 25 שקיקים</ItemName>
      <ManufactureName>שטראוס גרופ בעמ</ManufactureName>
      <ManufactureCountry />
      <ManufactureItemDescription />
      <UnitQty>יח`</UnitQty>
      <Quantity>1</Quantity>
      <UnitMeasure />
      <BisWeighted>0</BisWeighted>
      <QtyInPackage>1</QtyInPackage>
      <ItemPrice>9.90</ItemPrice>
      <UnitOfMeasurePrice>9.90</UnitOfMeasurePrice>
      <AllowDiscount>0</AllowDiscount>
      <itemStatus>1</itemStatus>
      <LastUpdateDate />
      <LastUpdateTime />
    </Product>
    <Product>
      <PriceUpdateDate>2016/05/13 08:00</PriceUpdateDate>
      <ItemCode>7290016006339</ItemCode>
      <ItemType>1</ItemType>
      <ItemName>מים מינרלים מי עדן (1x4 ליטר)</ItemName>
      <ManufactureName>יפאורה</ManufactureName>
      <ManufactureCountry />
      <ManufactureItemDescription />
      <UnitQty>יח`</UnitQty>
      <Quantity>4</Quantity>
      <UnitMeasure>1 ליטר</UnitMeasure>
      <BisWeighted>0</BisWeighted>
      <QtyInPackage>1</QtyInPackage>
      <ItemPrice>10</ItemPrice>
      <UnitOfMeasurePrice>2.20</UnitOfMeasurePrice>
      <AllowDiscount>0</AllowDiscount>
      <itemStatus>1</itemStatus>
      <LastUpdateDate />
      <LastUpdateTime />
    </Product>
    <Product>
      <PriceUpdateDate>2017/05/08 08:41</PriceUpdateDate>
      <ItemCode>7290016006346</ItemCode>
      <ItemType>1</ItemType>
      <ItemName>שוופס סודה 500 מל שישייה</ItemName>
      <ManufactureName>יפאורה</ManufactureName>
      <ManufactureCountry />
      <ManufactureItemDescription />
      <UnitQty>יח`</UnitQty>
      <Quantity>3000</Quantity>
      <UnitMeasure>מ"ל</UnitMeasure>
      <BisWeighted>0</BisWeighted>
      <QtyInPackage>1</QtyInPackage>
      <ItemPrice>13.90</ItemPrice>
      <UnitOfMeasurePrice>0.40</UnitOfMeasurePrice>
      <AllowDiscount>0</AllowDiscount>
      <itemStatus>1</itemStatus>
      <LastUpdateDate />
      <LastUpdateTime />
    </Product>
    <Product>
      <PriceUpdateDate>2019/01/14 08:23</PriceUpdateDate>
      <ItemCode>7290016006360</ItemCode>
      <ItemType>1</ItemType>
      <ItemName>משקה מוגז בטעם תות ליים שוופס (1.5 ליטר)</ItemName>
      <ManufactureName>יפאורה</ManufactureName>
      <ManufactureCountry />
      <ManufactureItemDescription />
      <UnitQty>יח`</UnitQty>
      <Quantity>1.50</Quantity>
      <UnitMeasure>1 ליטר</UnitMeasure>
      <BisWeighted>0</BisWeighted>
      <QtyInPackage>1</QtyInPackage>
      <ItemPrice>6.90</ItemPrice>
      <UnitOfMeasurePrice>4.60</UnitOfMeasurePrice>
      <AllowDiscount>1</AllowDiscount>
      <itemStatus>1</itemStatus>
      <LastUpdateDate />
      <LastUpdateTime />
    </Product>
    <Product>
      <PriceUpdateDate>2019/01/14 08:23</PriceUpdateDate>
      <ItemCode>7290016006735</ItemCode>
      <ItemType>1</ItemType>
      <ItemName>שוופס מוגז פירות תפוז 1.5 ל`</ItemName>
      <ManufactureName>יפאורה</ManufactureName>
      <ManufactureCountry />
      <ManufactureItemDescription />
      <UnitQty>יח`</UnitQty>
      <Quantity>1500</Quantity>
      <UnitMeasure>מ"ל</UnitMeasure>
      <BisWeighted>0</BisWeighted>
      <QtyInPackage>1</QtyInPackage>
      <ItemPrice>6.90</ItemPrice>
      <UnitOfMeasurePrice>0.46</UnitOfMeasurePrice>
      <AllowDiscount>1</AllowDiscount>
      <itemStatus>1</itemStatus>
      <LastUpdateDate />
      <LastUpdateTime />
    </Product>
    <Product>
      <PriceUpdateDate>2019/01/13 11:17</PriceUpdateDate>
      <ItemCode>7290016006865</ItemCode>
      <ItemType>1</ItemType>
      <ItemName>ספרינג אננס בננה 1.5 חיטר</ItemName>
      <ManufactureName>יפאורה</ManufactureName>
      <ManufactureCountry />
      <ManufactureItemDescription />
      <UnitQty>יח`</UnitQty>
      <Quantity>150</Quantity>
      <UnitMeasure>מ"ל</UnitMeasure>
      <BisWeighted>0</BisWeighted>
      <QtyInPackage>1</QtyInPackage>
      <ItemPrice>6.40</ItemPrice>
      <UnitOfMeasurePrice>4.27</UnitOfMeasurePrice>
      <AllowDiscount>1</AllowDiscount>
      <itemStatus>1</itemStatus>
      <LastUpdateDate />
      <LastUpdateTime />
    </Product>
    <Product>
      <PriceUpdateDate>2018/11/08 11:56</PriceUpdateDate>
      <ItemCode>7290016087147</ItemCode>
      <ItemType>1</ItemType>
      <ItemName>רוטב עגבניות מתובל לפיצה 230 גר` פרי ניר</ItemName>
      <ManufactureName>אבאל יזמות בעמ</ManufactureName>
      <ManufactureCountry />
      <ManufactureItemDescription />
      <UnitQty>יח`</UnitQty>
      <Quantity>230</Quantity>
      <UnitMeasure>גרם</UnitMeasure>
      <BisWeighted>0</BisWeighted>
      <QtyInPackage>1</QtyInPackage>
      <ItemPrice>5.90</ItemPrice>
      <UnitOfMeasurePrice>2.57</UnitOfMeasurePrice>
      <AllowDiscount>1</AllowDiscount>
      <itemStatus>1</itemStatus>
      <LastUpdateDate />
      <LastUpdateTime />
    </Product>
    <Product>
      <PriceUpdateDate>2017/03/21 15:57</PriceUpdateDate>
      <ItemCode>7290016136739</ItemCode>
      <ItemType>1</ItemType>
      <ItemName>פתיתים פוזילי ללא גלוטן 340 גר (פסטה)</ItemName>
      <ManufactureName>גורי מוצרי צריכה (1991) בעמ</ManufactureName>
      <ManufactureCountry />
      <ManufactureItemDescription />
      <UnitQty>יח`</UnitQty>
      <Quantity>340</Quantity>
      <UnitMeasure>גרם</UnitMeasure>
      <BisWeighted>0</BisWeighted>
      <QtyInPackage>1</QtyInPackage>
      <ItemPrice>8.90</ItemPrice>
      <UnitOfMeasurePrice>2.62</UnitOfMeasurePrice>
      <AllowDiscount>0</AllowDiscount>
      <itemStatus>1</itemStatus>
      <LastUpdateDate />
      <LastUpdateTime />
    </Product>
    <Product>
      <PriceUpdateDate>2019/06/02 15:29</PriceUpdateDate>
      <ItemCode>7290016144000</ItemCode>
      <ItemType>1</ItemType>
      <ItemName>קמח חיטה 80% קמח נפלאות 1 קג</ItemName>
      <ManufactureName>קמח מלכים בעמ</ManufactureName>
      <ManufactureCountry />
      <ManufactureItemDescription />
      <UnitQty>יח`</UnitQty>
      <Quantity>1000</Quantity>
      <UnitMeasure>גרם</UnitMeasure>
      <BisWeighted>0</BisWeighted>
      <QtyInPackage>1</QtyInPackage>
      <ItemPrice>9.90</ItemPrice>
      <UnitOfMeasurePrice>0.99</UnitOfMeasurePrice>
      <AllowDiscount>1</AllowDiscount>
      <itemStatus>1</itemStatus>
      <LastUpdateDate />
      <LastUpdateTime />
    </Product>
    <Product>
      <PriceUpdateDate>2019/06/02 15:29</PriceUpdateDate>
      <ItemCode>7290016144017</ItemCode>
      <ItemType>1</ItemType>
      <ItemName>קמח חיטה מלא 100% קמח נפלאות 1 קג</ItemName>
      <ManufactureName>קמח מלכים בעמ</ManufactureName>
      <ManufactureCountry />
      <ManufactureItemDescription />
      <UnitQty>יח`</UnitQty>
      <Quantity>1000</Quantity>
      <UnitMeasure>גרם</UnitMeasure>
      <BisWeighted>0</BisWeighted>
      <QtyInPackage>1</QtyInPackage>
      <ItemPrice>9.90</ItemPrice>
      <UnitOfMeasurePrice>0.99</UnitOfMeasurePrice>
      <AllowDiscount>1</AllowDiscount>
      <itemStatus>1</itemStatus>
      <LastUpdateDate />
      <LastUpdateTime />
    </Product>
    <Product>
      <PriceUpdateDate>2019/06/03 08:30</PriceUpdateDate>
      <ItemCode>7290016144031</ItemCode>
      <ItemType>1</ItemType>
      <ItemName>קמח חיטה לבן 1 קג מנופה קמח נפלאות</ItemName>
      <ManufactureName>קמח מלכים בעמ</ManufactureName>
      <ManufactureCountry />
      <ManufactureItemDescription />
      <UnitQty>יח`</UnitQty>
      <Quantity>1000</Quantity>
      <UnitMeasure>גרם</UnitMeasure>
      <BisWeighted>0</BisWeighted>
      <QtyInPackage>1</QtyInPackage>
      <ItemPrice>6.90</ItemPrice>
      <UnitOfMeasurePrice>0.69</UnitOfMeasurePrice>
      <AllowDiscount>1</AllowDiscount>
      <itemStatus>1</itemStatus>
      <LastUpdateDate />
      <LastUpdateTime />
    </Product>
    <Product>
      <PriceUpdateDate>2019/06/03 08:30</PriceUpdateDate>
      <ItemCode>7290016144048</ItemCode>
      <ItemType>1</ItemType>
      <ItemName>קמח כוסמין לבן קמח נפלאות 1 קג</ItemName>
      <ManufactureName>קמח מלכים בעמ</ManufactureName>
      <ManufactureCountry />
      <ManufactureItemDescription />
      <UnitQty>יח`</UnitQty>
      <Quantity>1000</Quantity>
      <UnitMeasure>גרם</UnitMeasure>
      <BisWeighted>0</BisWeighted>
      <QtyInPackage>1</QtyInPackage>
      <ItemPrice>16.90</ItemPrice>
      <UnitOfMeasurePrice>1.69</UnitOfMeasurePrice>
      <AllowDiscount>1</AllowDiscount>
      <itemStatus>1</itemStatus>
      <LastUpdateDate />
      <LastUpdateTime />
    </Product>
    <Product>
      <PriceUpdateDate>2019/06/03 08:30</PriceUpdateDate>
      <ItemCode>7290016144055</ItemCode>
      <ItemType>1</ItemType>
      <ItemName>קמח כוסמין 80% קמח נפלאות 1 קג</ItemName>
      <ManufactureName>קמח מלכים בעמ</ManufactureName>
      <ManufactureCountry />
      <ManufactureItemDescription />
      <UnitQty>יח`</UnitQty>
      <Quantity>1000</Quantity>
      <UnitMeasure>גרם</UnitMeasure>
      <BisWeighted>0</BisWeighted>
      <QtyInPackage>1</QtyInPackage>
      <ItemPrice>14.90</ItemPrice>
      <UnitOfMeasurePrice>1.49</UnitOfMeasurePrice>
      <AllowDiscount>1</AllowDiscount>
      <itemStatus>1</itemStatus>
      <LastUpdateDate />
      <LastUpdateTime />
    </Product>
    <Product>
      <PriceUpdateDate>2016/11/15 09:17</PriceUpdateDate>
      <ItemCode>7290016150117</ItemCode>
      <ItemType>1</ItemType>
      <ItemName>סלק אדום בוואקום 500 גרם</ItemName>
      <ManufactureName>ביג פוד כחול לבן בעמ</ManufactureName>
      <ManufactureCountry />
      <ManufactureItemDescription />
      <UnitQty>יח`</UnitQty>
      <Quantity>1</Quantity>
      <UnitMeasure />
      <BisWeighted>0</BisWeighted>
      <QtyInPackage>1</QtyInPackage>
      <ItemPrice>8.90</ItemPrice>
      <UnitOfMeasurePrice>8.90</UnitOfMeasurePrice>
      <AllowDiscount>1</AllowDiscount>
      <itemStatus>1</itemStatus>
      <LastUpdateDate />
      <LastUpdateTime />
    </Product>
    <Product>
      <PriceUpdateDate>2018/09/17 09:55</PriceUpdateDate>
      <ItemCode>7290016150711</ItemCode>
      <ItemType>1</ItemType>
      <ItemName>נוזל קוקוס פחית 400 גר` AVEL</ItemName>
      <ManufactureName>אבאל יזמות בעמ</ManufactureName>
      <ManufactureCountry />
      <ManufactureItemDescription />
      <UnitQty>יח`</UnitQty>
      <Quantity>400</Quantity>
      <UnitMeasure>גרם</UnitMeasure>
      <BisWeighted>0</BisWeighted>
      <QtyInPackage>1</QtyInPackage>
      <ItemPrice>5.90</ItemPrice>
      <UnitOfMeasurePrice>1.48</UnitOfMeasurePrice>
      <AllowDiscount>1</AllowDiscount>
      <itemStatus>1</itemStatus>
      <LastUpdateDate />
      <LastUpdateTime />
    </Product>
    <Product>
      <PriceUpdateDate>2018/05/01 08:31</PriceUpdateDate>
      <ItemCode>7290016162219</ItemCode>
      <ItemType>1</ItemType>
      <ItemName>כדורי שוקולד פרווה קפולסקי (280 גרם)</ItemName>
      <ManufactureName>קפולסקי אדל בעמ</ManufactureName>
      <ManufactureCountry />
      <ManufactureItemDescription />
      <UnitQty>יח`</UnitQty>
      <Quantity>1</Quantity>
      <UnitMeasure />
      <BisWeighted>0</BisWeighted>
      <QtyInPackage>1</QtyInPackage>
      <ItemPrice>24.90</ItemPrice>
      <UnitOfMeasurePrice>24.90</UnitOfMeasurePrice>
      <AllowDiscount>0</AllowDiscount>
      <itemStatus>1</itemStatus>
      <LastUpdateDate />
      <LastUpdateTime />
    </Product>
    <Product>
      <PriceUpdateDate>2016/03/07 08:21</PriceUpdateDate>
      <ItemCode>7290016162233</ItemCode>
      <ItemType>1</ItemType>
      <ItemName>עוגיות דיזרט פרמיום סוגים שונים</ItemName>
      <ManufactureName>שיבולים יצור ושיווק מוצרי מאפה</ManufactureName>
      <ManufactureCountry />
      <ManufactureItemDescription />
      <UnitQty>יח`</UnitQty>
      <Quantity>240</Quantity>
      <UnitMeasure>גרם</UnitMeasure>
      <BisWeighted>0</BisWeighted>
      <QtyInPackage>1</QtyInPackage>
      <ItemPrice>19.90</ItemPrice>
      <UnitOfMeasurePrice>8.29</UnitOfMeasurePrice>
      <AllowDiscount>0</AllowDiscount>
      <itemStatus>1</itemStatus>
      <LastUpdateDate />
      <LastUpdateTime />
    </Product>
    <Product>
      <PriceUpdateDate>2016/07/04 13:14</PriceUpdateDate>
      <ItemCode>7290016162264</ItemCode>
      <ItemType>1</ItemType>
      <ItemName>עוגת גבינה רנסנס קפולסקי (450 גרם)</ItemName>
      <ManufactureName>קפולסקי אדל בעמ</ManufactureName>
      <ManufactureCountry />
      <ManufactureItemDescription />
      <UnitQty>יח`</UnitQty>
      <Quantity>450</Quantity>
      <UnitMeasure>גרם</UnitMeasure>
      <BisWeighted>0</BisWeighted>
      <QtyInPackage>1</QtyInPackage>
      <ItemPrice>34.90</ItemPrice>
      <UnitOfMeasurePrice>7.76</UnitOfMeasurePrice>
      <AllowDiscount>0</AllowDiscount>
      <itemStatus>1</itemStatus>
      <LastUpdateDate />
      <LastUpdateTime />
    </Product>
    <Product>
      <PriceUpdateDate>2016/05/03 08:52</PriceUpdateDate>
      <ItemCode>7290016171570</ItemCode>
      <ItemType>1</ItemType>
      <ItemName>עוגת מייפל עם אגוזים בונז`ור</ItemName>
      <ManufactureName>קבוצת אסם סחר שות. מוגבלת</ManufactureName>
      <ManufactureCountry />
      <ManufactureItemDescription />
      <UnitQty>יח`</UnitQty>
      <Quantity>1</Quantity>
      <UnitMeasure />
      <BisWeighted>0</BisWeighted>
      <QtyInPackage>1</QtyInPackage>
      <ItemPrice>19.90</ItemPrice>
      <UnitOfMeasurePrice>19.90</UnitOfMeasurePrice>
      <AllowDiscount>0</AllowDiscount>
      <itemStatus>1</itemStatus>
      <LastUpdateDate />
      <LastUpdateTime />
    </Product>
    <Product>
      <PriceUpdateDate>2016/05/08 12:44</PriceUpdateDate>
      <ItemCode>7290016197143</ItemCode>
      <ItemType>1</ItemType>
      <ItemName>תבנית אישית נפתחת</ItemName>
      <ManufactureName>קימברלי קלארק ישראל שיווק בעמ</ManufactureName>
      <ManufactureCountry />
      <ManufactureItemDescription />
      <UnitQty>יח`</UnitQty>
      <Quantity>1</Quantity>
      <UnitMeasure />
      <BisWeighted>0</BisWeighted>
      <QtyInPackage>1</QtyInPackage>
      <ItemPrice>9.90</ItemPrice>
      <UnitOfMeasurePrice>9.90</UnitOfMeasurePrice>
      <AllowDiscount>0</AllowDiscount>
      <itemStatus>1</itemStatus>
      <LastUpdateDate />
      <LastUpdateTime />
    </Product>
    <Product>
      <PriceUpdateDate>2018/01/09 13:42</PriceUpdateDate>
      <ItemCode>7290016197488</ItemCode>
      <ItemType>1</ItemType>
      <ItemName>מטליות מיקרופייבר למשטחים ניקול (3)</ItemName>
      <ManufactureName>קימברלי קלארק ישראל שיווק בעמ</ManufactureName>
      <ManufactureCountry />
      <ManufactureItemDescription />
      <UnitQty>יח`</UnitQty>
      <Quantity>1</Quantity>
      <UnitMeasure />
      <BisWeighted>0</BisWeighted>
      <QtyInPackage>1</QtyInPackage>
      <ItemPrice>15</ItemPrice>
      <UnitOfMeasurePrice>15</UnitOfMeasurePrice>
      <AllowDiscount>1</AllowDiscount>
      <itemStatus>1</itemStatus>
      <LastUpdateDate />
      <LastUpdateTime />
    </Product>
    <Product>
      <PriceUpdateDate>2016/03/17 09:54</PriceUpdateDate>
      <ItemCode>7290016197495</ItemCode>
      <ItemType>1</ItemType>
      <ItemName>מטליות מיקרופייבר לרצפה ניקול (2)</ItemName>
      <ManufactureName>קימברלי קלארק ישראל שיווק בעמ</ManufactureName>
      <ManufactureCountry />
      <ManufactureItemDescription />
      <UnitQty>יח`</UnitQty>
      <Quantity>1</Quantity>
      <UnitMeasure />
      <BisWeighted>0</BisWeighted>
      <QtyInPackage>1</QtyInPackage>
      <ItemPrice>24.90</ItemPrice>
      <UnitOfMeasurePrice>24.90</UnitOfMeasurePrice>
      <AllowDiscount>1</AllowDiscount>
      <itemStatus>1</itemStatus>
      <LastUpdateDate />
      <LastUpdateTime />
    </Product>
    <Product>
      <PriceUpdateDate>2016/07/31 08:36</PriceUpdateDate>
      <ItemCode>7290016197624</ItemCode>
      <ItemType>1</ItemType>
      <ItemName>תחבושת דיפנד סופר SUPER</ItemName>
      <ManufactureName>קימברלי קלארק ישראל שיווק בעמ</ManufactureName>
      <ManufactureCountry />
      <ManufactureItemDescription />
      <UnitQty>יח`</UnitQty>
      <Quantity>1</Quantity>
      <UnitMeasure />
      <BisWeighted>0</BisWeighted>
      <QtyInPackage>1</QtyInPackage>
      <ItemPrice>24.90</ItemPrice>
      <UnitOfMeasurePrice>24.90</UnitOfMeasurePrice>
      <AllowDiscount>1</AllowDiscount>
      <itemStatus>1</itemStatus>
      <LastUpdateDate />
      <LastUpdateTime />
    </Product>
    <Product>
      <PriceUpdateDate>2017/02/15 08:33</PriceUpdateDate>
      <ItemCode>7290016197853</ItemCode>
      <ItemType>1</ItemType>
      <ItemName>שקית אשפה ניקול 47*45 50 יח</ItemName>
      <ManufactureName>קימברלי קלארק ישראל שיווק בעמ</ManufactureName>
      <ManufactureCountry />
      <ManufactureItemDescription />
      <UnitQty>יח`</UnitQty>
      <Quantity>1</Quantity>
      <UnitMeasure />
      <BisWeighted>0</BisWeighted>
      <QtyInPackage>1</QtyInPackage>
      <ItemPrice>19.90</ItemPrice>
      <UnitOfMeasurePrice>19.90</UnitOfMeasurePrice>
      <AllowDiscount>0</AllowDiscount>
      <itemStatus>1</itemStatus>
      <LastUpdateDate />
      <LastUpdateTime />
    </Product>
    <Product>
      <PriceUpdateDate>2016/03/17 09:54</PriceUpdateDate>
      <ItemCode>7290016197877</ItemCode>
      <ItemType>1</ItemType>
      <ItemName>שקית לפחי מטבח קטניםM</ItemName>
      <ManufactureName>קימברלי קלארק ישראל שיווק בעמ</ManufactureName>
      <ManufactureCountry />
      <ManufactureItemDescription />
      <UnitQty>יח`</UnitQty>
      <Quantity>1</Quantity>
      <UnitMeasure />
      <BisWeighted>0</BisWeighted>
      <QtyInPackage>1</QtyInPackage>
      <ItemPrice>21.90</ItemPrice>
      <UnitOfMeasurePrice>21.90</UnitOfMeasurePrice>
      <AllowDiscount>0</AllowDiscount>
      <itemStatus>1</itemStatus>
      <LastUpdateDate />
      <LastUpdateTime />
    </Product>
    <Product>
      <PriceUpdateDate>2018/02/06 08:46</PriceUpdateDate>
      <ItemCode>7290016217742</ItemCode>
      <ItemType>1</ItemType>
      <ItemName>סלט חציל בטחינה 200 גר</ItemName>
      <ManufactureName>סלטי שמיר 2006 בעמ</ManufactureName>
      <ManufactureCountry />
      <ManufactureItemDescription />
      <UnitQty>יח`</UnitQty>
      <Quantity>200</Quantity>
      <UnitMeasure>גרם</UnitMeasure>
      <BisWeighted>0</BisWeighted>
      <QtyInPackage>1</QtyInPackage>
      <ItemPrice>6.90</ItemPrice>
      <UnitOfMeasurePrice>3.45</UnitOfMeasurePrice>
      <AllowDiscount>0</AllowDiscount>
      <itemStatus>1</itemStatus>
      <LastUpdateDate />
      <LastUpdateTime />
    </Product>
    <Product>
      <PriceUpdateDate>2016/02/21 20:43</PriceUpdateDate>
      <ItemCode>7290016246018</ItemCode>
      <ItemType>1</ItemType>
      <ItemName>בארכה מיקס פינוקיות חלבה 10*20גר`</ItemName>
      <ManufactureName>קבוצת אסם סחר שות. מוגבלת</ManufactureName>
      <ManufactureCountry />
      <ManufactureItemDescription />
      <UnitQty>יח`</UnitQty>
      <Quantity>200</Quantity>
      <UnitMeasure>גרם</UnitMeasure>
      <BisWeighted>0</BisWeighted>
      <QtyInPackage>1</QtyInPackage>
      <ItemPrice>11.90</ItemPrice>
      <UnitOfMeasurePrice>5.95</UnitOfMeasurePrice>
      <AllowDiscount>0</AllowDiscount>
      <itemStatus>1</itemStatus>
      <LastUpdateDate />
      <LastUpdateTime />
    </Product>
    <Product>
      <PriceUpdateDate>2018/10/12 13:18</PriceUpdateDate>
      <ItemCode>7290016246445</ItemCode>
      <ItemType>1</ItemType>
      <ItemName>טחינה גולמית מעודנת שומשום מלא  גר`310</ItemName>
      <ManufactureName>קבוצת אסם סחר שות. מוגבלת</ManufactureName>
      <ManufactureCountry />
      <ManufactureItemDescription />
      <UnitQty>יח`</UnitQty>
      <Quantity>310</Quantity>
      <UnitMeasure>גרם</UnitMeasure>
      <BisWeighted>0</BisWeighted>
      <QtyInPackage>1</QtyInPackage>
      <ItemPrice>10.90</ItemPrice>
      <UnitOfMeasurePrice>3.52</UnitOfMeasurePrice>
      <AllowDiscount>0</AllowDiscount>
      <itemStatus>1</itemStatus>
      <LastUpdateDate />
      <LastUpdateTime />
    </Product>
    <Product>
      <PriceUpdateDate>2018/10/12 13:18</PriceUpdateDate>
      <ItemCode>7290016246452</ItemCode>
      <ItemType>1</ItemType>
      <ItemName>טחינה גולמית מעודנת לימון שום 310  גר`בא</ItemName>
      <ManufactureName>קבוצת אסם סחר שות. מוגבלת</ManufactureName>
      <ManufactureCountry />
      <ManufactureItemDescription />
      <UnitQty>יח`</UnitQty>
      <Quantity>310</Quantity>
      <UnitMeasure>גרם</UnitMeasure>
      <BisWeighted>0</BisWeighted>
      <QtyInPackage>1</QtyInPackage>
      <ItemPrice>10.90</ItemPrice>
      <UnitOfMeasurePrice>3.52</UnitOfMeasurePrice>
      <AllowDiscount>0</AllowDiscount>
      <itemStatus>1</itemStatus>
      <LastUpdateDate />
      <LastUpdateTime />
    </Product>
    <Product>
      <PriceUpdateDate>2019/11/04 11:43</PriceUpdateDate>
      <ItemCode>7290016246711</ItemCode>
      <ItemType>1</ItemType>
      <ItemName>טחינה גולמית מעודנת הריסה 310  גר`בארכה</ItemName>
      <ManufactureName>קבוצת אסם סחר שות. מוגבלת</ManufactureName>
      <ManufactureCountry />
      <ManufactureItemDescription />
      <UnitQty>יח`</UnitQty>
      <Quantity>310</Quantity>
      <UnitMeasure>גרם</UnitMeasure>
      <BisWeighted>0</BisWeighted>
      <QtyInPackage>1</QtyInPackage>
      <ItemPrice>10.90</ItemPrice>
      <UnitOfMeasurePrice>3.52</UnitOfMeasurePrice>
      <AllowDiscount>0</AllowDiscount>
      <itemStatus>1</itemStatus>
      <LastUpdateDate />
      <LastUpdateTime />
    </Product>
    <Product>
      <PriceUpdateDate>2016/11/13 11:33</PriceUpdateDate>
      <ItemCode>7290016276831</ItemCode>
      <ItemType>1</ItemType>
      <ItemName>תבשיל איטריות בטעם בקר 70 גרם</ItemName>
      <ManufactureName>דין שיווק וקליה בעמ</ManufactureName>
      <ManufactureCountry />
      <ManufactureItemDescription />
      <UnitQty>יח`</UnitQty>
      <Quantity>70</Quantity>
      <UnitMeasure>גרם</UnitMeasure>
      <BisWeighted>0</BisWeighted>
      <QtyInPackage>1</QtyInPackage>
      <ItemPrice>3.90</ItemPrice>
      <UnitOfMeasurePrice>5.57</UnitOfMeasurePrice>
      <AllowDiscount>1</AllowDiscount>
      <itemStatus>1</itemStatus>
      <LastUpdateDate />
      <LastUpdateTime />
    </Product>
    <Product>
      <PriceUpdateDate>2016/11/13 11:33</PriceUpdateDate>
      <ItemCode>7290016276848</ItemCode>
      <ItemType>1</ItemType>
      <ItemName>תבשיל איטריות בטעם עוף 70 גרם</ItemName>
      <ManufactureName>דין שיווק וקליה בעמ</ManufactureName>
      <ManufactureCountry />
      <ManufactureItemDescription />
      <UnitQty>יח`</UnitQty>
      <Quantity>70</Quantity>
      <UnitMeasure>גרם</UnitMeasure>
      <BisWeighted>0</BisWeighted>
      <QtyInPackage>1</QtyInPackage>
      <ItemPrice>3.90</ItemPrice>
      <UnitOfMeasurePrice>5.57</UnitOfMeasurePrice>
      <AllowDiscount>0</AllowDiscount>
      <itemStatus>1</itemStatus>
      <LastUpdateDate />
      <LastUpdateTime />
    </Product>
    <Product>
      <PriceUpdateDate>2019/06/20 10:45</PriceUpdateDate>
      <ItemCode>7290016321661</ItemCode>
      <ItemType>1</ItemType>
      <ItemName>פרש וואנס רביעייה מגבונים לחים ללא בישום</ItemName>
      <ManufactureName>דנשר (1963) בעמ</ManufactureName>
      <ManufactureCountry />
      <ManufactureItemDescription />
      <UnitQty>יח`</UnitQty>
      <Quantity>1</Quantity>
      <UnitMeasure />
      <BisWeighted>0</BisWeighted>
      <QtyInPackage>1</QtyInPackage>
      <ItemPrice>15.90</ItemPrice>
      <UnitOfMeasurePrice>15.90</UnitOfMeasurePrice>
      <AllowDiscount>1</AllowDiscount>
      <itemStatus>1</itemStatus>
      <LastUpdateDate />
      <LastUpdateTime />
    </Product>
    <Product>
      <PriceUpdateDate>2019/06/20 10:45</PriceUpdateDate>
      <ItemCode>7290016321678</ItemCode>
      <ItemType>1</ItemType>
      <ItemName>פרש וואנס רביעייה מגבונים לחים קמומיל</ItemName>
      <ManufactureName>דנשר (1963) בעמ</ManufactureName>
      <ManufactureCountry />
      <ManufactureItemDescription />
      <UnitQty>יח`</UnitQty>
      <Quantity>1</Quantity>
      <UnitMeasure />
      <BisWeighted>0</BisWeighted>
      <QtyInPackage>1</QtyInPackage>
      <ItemPrice>15.90</ItemPrice>
      <UnitOfMeasurePrice>15.90</UnitOfMeasurePrice>
      <AllowDiscount>1</AllowDiscount>
      <itemStatus>1</itemStatus>
      <LastUpdateDate />
      <LastUpdateTime />
    </Product>
    <Product>
      <PriceUpdateDate>2016/02/03 09:17</PriceUpdateDate>
      <ItemCode>7290016363005</ItemCode>
      <ItemType>1</ItemType>
      <ItemName>בראשית הלחם קלחם 7 דגנים</ItemName>
      <ManufactureName>בראשית הלחם בעמ</ManufactureName>
      <ManufactureCountry />
      <ManufactureItemDescription />
      <UnitQty>יח`</UnitQty>
      <Quantity>1</Quantity>
      <UnitMeasure />
      <BisWeighted>0</BisWeighted>
      <QtyInPackage>1</QtyInPackage>
      <ItemPrice>14.90</ItemPrice>
      <UnitOfMeasurePrice>14.90</UnitOfMeasurePrice>
      <AllowDiscount>0</AllowDiscount>
      <itemStatus>1</itemStatus>
      <LastUpdateDate />
      <LastUpdateTime />
    </Product>
    <Product>
      <PriceUpdateDate>2017/11/16 08:17</PriceUpdateDate>
      <ItemCode>7290016372342</ItemCode>
      <ItemType>1</ItemType>
      <ItemName>עגבניות חתוכות לקוביות 400 גר` שלישייה</ItemName>
      <ManufactureName>תה ויסוצקי (ישראל) בעמ</ManufactureName>
      <ManufactureCountry />
      <ManufactureItemDescription />
      <UnitQty>יח`</UnitQty>
      <Quantity>400</Quantity>
      <UnitMeasure>גרם</UnitMeasure>
      <BisWeighted>0</BisWeighted>
      <QtyInPackage>1</QtyInPackage>
      <ItemPrice>19.90</ItemPrice>
      <UnitOfMeasurePrice>4.98</UnitOfMeasurePrice>
      <AllowDiscount>0</AllowDiscount>
      <itemStatus>1</itemStatus>
      <LastUpdateDate />
      <LastUpdateTime />
    </Product>
    <Product>
      <PriceUpdateDate>2018/12/30 09:07</PriceUpdateDate>
      <ItemCode>7290016372373</ItemCode>
      <ItemType>1</ItemType>
      <ItemName>רסק עגבניות 135*2 גר`</ItemName>
      <ManufactureName>תה ויסוצקי (ישראל) בעמ</ManufactureName>
      <ManufactureCountry />
      <ManufactureItemDescription />
      <UnitQty>יח`</UnitQty>
      <Quantity>270</Quantity>
      <UnitMeasure>גרם</UnitMeasure>
      <BisWeighted>0</BisWeighted>
      <QtyInPackage>1</QtyInPackage>
      <ItemPrice>8.90</ItemPrice>
      <UnitOfMeasurePrice>3.30</UnitOfMeasurePrice>
      <AllowDiscount>0</AllowDiscount>
      <itemStatus>1</itemStatus>
      <LastUpdateDate />
      <LastUpdateTime />
    </Product>
    <Product>
      <PriceUpdateDate>2019/01/30 09:00</PriceUpdateDate>
      <ItemCode>7290016372434</ItemCode>
      <ItemType>1</ItemType>
      <ItemName>תה ירוק עם מאצ`ה יפנית ויסוצקי) (25</ItemName>
      <ManufactureName>תה ויסוצקי (ישראל) בעמ</ManufactureName>
      <ManufactureCountry />
      <ManufactureItemDescription />
      <UnitQty>יח`</UnitQty>
      <Quantity>1</Quantity>
      <UnitMeasure />
      <BisWeighted>0</BisWeighted>
      <QtyInPackage>1</QtyInPackage>
      <ItemPrice>24.90</ItemPrice>
      <UnitOfMeasurePrice>24.90</UnitOfMeasurePrice>
      <AllowDiscount>0</AllowDiscount>
      <itemStatus>1</itemStatus>
      <LastUpdateDate />
      <LastUpdateTime />
    </Product>
    <Product>
      <PriceUpdateDate>2020/04/27 16:29</PriceUpdateDate>
      <ItemCode>7290016408294</ItemCode>
      <ItemType>1</ItemType>
      <ItemName>מרשמלו אורירי ורוד לבן כרמית 150 גר`</ItemName>
      <ManufactureName>כרמית תעשיות ממתקים בעמ</ManufactureName>
      <ManufactureCountry />
      <ManufactureItemDescription />
      <UnitQty>יח`</UnitQty>
      <Quantity>150</Quantity>
      <UnitMeasure>גרם</UnitMeasure>
      <BisWeighted>0</BisWeighted>
      <QtyInPackage>1</QtyInPackage>
      <ItemPrice>4.90</ItemPrice>
      <UnitOfMeasurePrice>3.27</UnitOfMeasurePrice>
      <AllowDiscount>0</AllowDiscount>
      <itemStatus>1</itemStatus>
      <LastUpdateDate />
      <LastUpdateTime />
    </Product>
    <Product>
      <PriceUpdateDate>2018/05/01 08:31</PriceUpdateDate>
      <ItemCode>7290016416961</ItemCode>
      <ItemType>1</ItemType>
      <ItemName>עוגת מוס גבינה תות שדה 400 גר.</ItemName>
      <ManufactureName>קפולסקי אדל בעמ</ManufactureName>
      <ManufactureCountry />
      <ManufactureItemDescription />
      <UnitQty>יח`</UnitQty>
      <Quantity>400</Quantity>
      <UnitMeasure>גרם</UnitMeasure>
      <BisWeighted>0</BisWeighted>
      <QtyInPackage>1</QtyInPackage>
      <ItemPrice>34.90</ItemPrice>
      <UnitOfMeasurePrice>8.73</UnitOfMeasurePrice>
      <AllowDiscount>0</AllowDiscount>
      <itemStatus>1</itemStatus>
      <LastUpdateDate />
      <LastUpdateTime />
    </Product>
    <Product>
      <PriceUpdateDate>2017/03/06 09:06</PriceUpdateDate>
      <ItemCode>7290016509212</ItemCode>
      <ItemType>1</ItemType>
      <ItemName>סוד ג`ל כביסה 2.7 ליטר</ItemName>
      <ManufactureName>גורי שיווק בעמ</ManufactureName>
      <ManufactureCountry />
      <ManufactureItemDescription />
      <UnitQty>יח`</UnitQty>
      <Quantity>2.70</Quantity>
      <UnitMeasure>1 ליטר</UnitMeasure>
      <BisWeighted>0</BisWeighted>
      <QtyInPackage>1</QtyInPackage>
      <ItemPrice>21.90</ItemPrice>
      <UnitOfMeasurePrice>8.11</UnitOfMeasurePrice>
      <AllowDiscount>1</AllowDiscount>
      <itemStatus>1</itemStatus>
      <LastUpdateDate />
      <LastUpdateTime />
    </Product>
    <Product>
      <PriceUpdateDate>2017/03/06 09:06</PriceUpdateDate>
      <ItemCode>7290016509229</ItemCode>
      <ItemType>1</ItemType>
      <ItemName>סוד ג`ל כביסה לבנדר 2.7 ליטר</ItemName>
      <ManufactureName>גורי שיווק בעמ</ManufactureName>
      <ManufactureCountry />
      <ManufactureItemDescription />
      <UnitQty>יח`</UnitQty>
      <Quantity>2.70</Quantity>
      <UnitMeasure>1 ליטר</UnitMeasure>
      <BisWeighted>0</BisWeighted>
      <QtyInPackage>1</QtyInPackage>
      <ItemPrice>21.90</ItemPrice>
      <UnitOfMeasurePrice>8.11</UnitOfMeasurePrice>
      <AllowDiscount>1</AllowDiscount>
      <itemStatus>1</itemStatus>
      <LastUpdateDate />
      <LastUpdateTime />
    </Product>
    <Product>
      <PriceUpdateDate>2017/06/22 06:23</PriceUpdateDate>
      <ItemCode>7290016509304</ItemCode>
      <ItemType>1</ItemType>
      <ItemName>סוד סבון אסלה 4 כדוריות לבנדר</ItemName>
      <ManufactureName>גורי שיווק בעמ</ManufactureName>
      <ManufactureCountry />
      <ManufactureItemDescription />
      <UnitQty>יח`</UnitQty>
      <Quantity>50</Quantity>
      <UnitMeasure>גרם</UnitMeasure>
      <BisWeighted>0</BisWeighted>
      <QtyInPackage>1</QtyInPackage>
      <ItemPrice>8.90</ItemPrice>
      <UnitOfMeasurePrice>17.80</UnitOfMeasurePrice>
      <AllowDiscount>0</AllowDiscount>
      <itemStatus>1</itemStatus>
      <LastUpdateDate />
      <LastUpdateTime />
    </Product>
    <Product>
      <PriceUpdateDate>2018/06/13 08:42</PriceUpdateDate>
      <ItemCode>7290016509786</ItemCode>
      <ItemType>1</ItemType>
      <ItemName>פרסיל ג`ל 2.5 ליטר ירוק</ItemName>
      <ManufactureName>גורי שיווק בעמ</ManufactureName>
      <ManufactureCountry />
      <ManufactureItemDescription />
      <UnitQty>יח`</UnitQty>
      <Quantity>2.50</Quantity>
      <UnitMeasure>1 ליטר</UnitMeasure>
      <BisWeighted>0</BisWeighted>
      <QtyInPackage>1</QtyInPackage>
      <ItemPrice>32.90</ItemPrice>
      <UnitOfMeasurePrice>13.16</UnitOfMeasurePrice>
      <AllowDiscount>1</AllowDiscount>
      <itemStatus>1</itemStatus>
      <LastUpdateDate />
      <LastUpdateTime />
    </Product>
    <Product>
      <PriceUpdateDate>2018/06/13 08:42</PriceUpdateDate>
      <ItemCode>7290016509793</ItemCode>
      <ItemType>1</ItemType>
      <ItemName>פרסיל ג`ל 4 ליטר ירוק</ItemName>
      <ManufactureName>גורי שיווק בעמ</ManufactureName>
      <ManufactureCountry />
      <ManufactureItemDescription />
      <UnitQty>יח`</UnitQty>
      <Quantity>4</Quantity>
      <UnitMeasure>1 ליטר</UnitMeasure>
      <BisWeighted>0</BisWeighted>
      <QtyInPackage>1</QtyInPackage>
      <ItemPrice>42.90</ItemPrice>
      <UnitOfMeasurePrice>10.73</UnitOfMeasurePrice>
      <AllowDiscount>0</AllowDiscount>
      <itemStatus>1</itemStatus>
      <LastUpdateDate />
      <LastUpdateTime />
    </Product>
    <Product>
      <PriceUpdateDate>2018/10/28 10:26</PriceUpdateDate>
      <ItemCode>7290016510225</ItemCode>
      <ItemType>1</ItemType>
      <ItemName>תחליב רחצה הוואי וניל דבש 700 מל</ItemName>
      <ManufactureName>הנקל סוד בעמ</ManufactureName>
      <ManufactureCountry />
      <ManufactureItemDescription />
      <UnitQty>יח`</UnitQty>
      <Quantity>700</Quantity>
      <UnitMeasure>מ"ל</UnitMeasure>
      <BisWeighted>0</BisWeighted>
      <QtyInPackage>1</QtyInPackage>
      <ItemPrice>9.90</ItemPrice>
      <UnitOfMeasurePrice>1.41</UnitOfMeasurePrice>
      <AllowDiscount>1</AllowDiscount>
      <itemStatus>1</itemStatus>
      <LastUpdateDate />
      <LastUpdateTime />
    </Product>
    <Product>
      <PriceUpdateDate>2018/10/28 10:26</PriceUpdateDate>
      <ItemCode>7290016510232</ItemCode>
      <ItemType>1</ItemType>
      <ItemName>תחליב רחצה הוואי יוגורט קוקוס 700 מל</ItemName>
      <ManufactureName>הנקל סוד בעמ</ManufactureName>
      <ManufactureCountry />
      <ManufactureItemDescription />
      <UnitQty>יח`</UnitQty>
      <Quantity>700</Quantity>
      <UnitMeasure>מ"ל</UnitMeasure>
      <BisWeighted>0</BisWeighted>
      <QtyInPackage>1</QtyInPackage>
      <ItemPrice>9.90</ItemPrice>
      <UnitOfMeasurePrice>1.41</UnitOfMeasurePrice>
      <AllowDiscount>1</AllowDiscount>
      <itemStatus>1</itemStatus>
      <LastUpdateDate />
      <LastUpdateTime />
    </Product>
    <Product>
      <PriceUpdateDate>2018/10/28 10:26</PriceUpdateDate>
      <ItemCode>7290016510249</ItemCode>
      <ItemType>1</ItemType>
      <ItemName>תחליב רחצה הוואי יוגורט שקדים 700 מל</ItemName>
      <ManufactureName>הנקל סוד בעמ</ManufactureName>
      <ManufactureCountry />
      <ManufactureItemDescription />
      <UnitQty>יח`</UnitQty>
      <Quantity>700</Quantity>
      <UnitMeasure>מ"ל</UnitMeasure>
      <BisWeighted>0</BisWeighted>
      <QtyInPackage>1</QtyInPackage>
      <ItemPrice>9.90</ItemPrice>
      <UnitOfMeasurePrice>1.41</UnitOfMeasurePrice>
      <AllowDiscount>1</AllowDiscount>
      <itemStatus>1</itemStatus>
      <LastUpdateDate />
      <LastUpdateTime />
    </Product>
    <Product>
      <PriceUpdateDate>2018/10/28 10:26</PriceUpdateDate>
      <ItemCode>7290016510324</ItemCode>
      <ItemType>1</ItemType>
      <ItemName>תחליב רחצה הוואי לגבר 700 מל</ItemName>
      <ManufactureName>הנקל סוד בעמ</ManufactureName>
      <ManufactureCountry />
      <ManufactureItemDescription />
      <UnitQty>יח`</UnitQty>
      <Quantity>700</Quantity>
      <UnitMeasure>מ"ל</UnitMeasure>
      <BisWeighted>0</BisWeighted>
      <QtyInPackage>1</QtyInPackage>
      <ItemPrice>9.90</ItemPrice>
      <UnitOfMeasurePrice>1.41</UnitOfMeasurePrice>
      <AllowDiscount>1</AllowDiscount>
      <itemStatus>1</itemStatus>
      <LastUpdateDate />
      <LastUpdateTime />
    </Product>
    <Product>
      <PriceUpdateDate>2019/02/01 12:24</PriceUpdateDate>
      <ItemCode>7290016510768</ItemCode>
      <ItemType>1</ItemType>
      <ItemName>תחליב רחצה הוואי יגורט אוכמניות 700 מל</ItemName>
      <ManufactureName>הנקל סוד בעמ</ManufactureName>
      <ManufactureCountry />
      <ManufactureItemDescription />
      <UnitQty>יח`</UnitQty>
      <Quantity>700</Quantity>
      <UnitMeasure>מ"ל</UnitMeasure>
      <BisWeighted>0</BisWeighted>
      <QtyInPackage>1</QtyInPackage>
      <ItemPrice>9.90</ItemPrice>
      <UnitOfMeasurePrice>1.41</UnitOfMeasurePrice>
      <AllowDiscount>1</AllowDiscount>
      <itemStatus>1</itemStatus>
      <LastUpdateDate />
      <LastUpdateTime />
    </Product>
    <Product>
      <PriceUpdateDate>2016/07/03 08:37</PriceUpdateDate>
      <ItemCode>7290016564006</ItemCode>
      <ItemType>1</ItemType>
      <ItemName>מבריקל  הפלא- ספוג לכלים שלישייה</ItemName>
      <ManufactureName>אלבגינו שיווק וסחר בעמ</ManufactureName>
      <ManufactureCountry />
      <ManufactureItemDescription />
      <UnitQty>יח`</UnitQty>
      <Quantity>1</Quantity>
      <UnitMeasure />
      <BisWeighted>0</BisWeighted>
      <QtyInPackage>1</QtyInPackage>
      <ItemPrice>9.90</ItemPrice>
      <UnitOfMeasurePrice>9.90</UnitOfMeasurePrice>
      <AllowDiscount>0</AllowDiscount>
      <itemStatus>1</itemStatus>
      <LastUpdateDate />
      <LastUpdateTime />
    </Product>
    <Product>
      <PriceUpdateDate>2020/02/05 16:05</PriceUpdateDate>
      <ItemCode>7290016564198</ItemCode>
      <ItemType>1</ItemType>
      <ItemName>נוזל כלים 1 ליטר משאבה אלוורה מבריקל</ItemName>
      <ManufactureName>אלבגינו שיווק וסחר בעמ</ManufactureName>
      <ManufactureCountry />
      <ManufactureItemDescription />
      <UnitQty>יח`</UnitQty>
      <Quantity>1</Quantity>
      <UnitMeasure />
      <BisWeighted>0</BisWeighted>
      <QtyInPackage>1</QtyInPackage>
      <ItemPrice>10.90</ItemPrice>
      <UnitOfMeasurePrice>10.90</UnitOfMeasurePrice>
      <AllowDiscount>0</AllowDiscount>
      <itemStatus>1</itemStatus>
      <LastUpdateDate />
      <LastUpdateTime />
    </Product>
    <Product>
      <PriceUpdateDate>2019/08/23 12:51</PriceUpdateDate>
      <ItemCode>7290016564228</ItemCode>
      <ItemType>1</ItemType>
      <ItemName>ספוגית הפלא 12 יח פס כחול מבריקל</ItemName>
      <ManufactureName>אלבגינו שיווק וסחר בעמ</ManufactureName>
      <ManufactureCountry />
      <ManufactureItemDescription />
      <UnitQty>יח`</UnitQty>
      <Quantity>1</Quantity>
      <UnitMeasure />
      <BisWeighted>0</BisWeighted>
      <QtyInPackage>1</QtyInPackage>
      <ItemPrice>8.90</ItemPrice>
      <UnitOfMeasurePrice>8.90</UnitOfMeasurePrice>
      <AllowDiscount>1</AllowDiscount>
      <itemStatus>1</itemStatus>
      <LastUpdateDate />
      <LastUpdateTime />
    </Product>
    <Product>
      <PriceUpdateDate>2019/03/07 15:48</PriceUpdateDate>
      <ItemCode>7290016564235</ItemCode>
      <ItemType>1</ItemType>
      <ItemName>זוג מטליות לרצפות גדולות מבריקל</ItemName>
      <ManufactureName>אלבגינו שיווק וסחר בעמ</ManufactureName>
      <ManufactureCountry />
      <ManufactureItemDescription />
      <UnitQty>יח`</UnitQty>
      <Quantity>1</Quantity>
      <UnitMeasure />
      <BisWeighted>0</BisWeighted>
      <QtyInPackage>1</QtyInPackage>
      <ItemPrice>16.90</ItemPrice>
      <UnitOfMeasurePrice>16.90</UnitOfMeasurePrice>
      <AllowDiscount>0</AllowDiscount>
      <itemStatus>1</itemStatus>
      <LastUpdateDate />
      <LastUpdateTime />
    </Product>
    <Product>
      <PriceUpdateDate>2019/08/23 12:51</PriceUpdateDate>
      <ItemCode>7290016564266</ItemCode>
      <ItemType>1</ItemType>
      <ItemName>כיסוי הפלא 30 יח מבריקל</ItemName>
      <ManufactureName>אלבגינו שיווק וסחר בעמ</ManufactureName>
      <ManufactureCountry />
      <ManufactureItemDescription />
      <UnitQty>יח`</UnitQty>
      <Quantity>1</Quantity>
      <UnitMeasure />
      <BisWeighted>0</BisWeighted>
      <QtyInPackage>1</QtyInPackage>
      <ItemPrice>9.90</ItemPrice>
      <UnitOfMeasurePrice>9.90</UnitOfMeasurePrice>
      <AllowDiscount>0</AllowDiscount>
      <itemStatus>1</itemStatus>
      <LastUpdateDate />
      <LastUpdateTime />
    </Product>
    <Product>
      <PriceUpdateDate>2017/06/13 14:48</PriceUpdateDate>
      <ItemCode>7290016621341</ItemCode>
      <ItemType>1</ItemType>
      <ItemName>קמיל אל סבון ננוזלי ניקיון ולחות צהוב 1</ItemName>
      <ManufactureName>פישר תעשיות פרמצבטיות בעמ</ManufactureName>
      <ManufactureCountry />
      <ManufactureItemDescription />
      <UnitQty>יח`</UnitQty>
      <Quantity>1</Quantity>
      <UnitMeasure>1 ליטר</UnitMeasure>
      <BisWeighted>0</BisWeighted>
      <QtyInPackage>1</QtyInPackage>
      <ItemPrice>14.90</ItemPrice>
      <UnitOfMeasurePrice>14.90</UnitOfMeasurePrice>
      <AllowDiscount>1</AllowDiscount>
      <itemStatus>1</itemStatus>
      <LastUpdateDate />
      <LastUpdateTime />
    </Product>
    <Product>
      <PriceUpdateDate>2017/06/13 14:48</PriceUpdateDate>
      <ItemCode>7290016621358</ItemCode>
      <ItemType>1</ItemType>
      <ItemName>קמיל אל סבון ננוזלי ניקיון והזנה ורוד 1</ItemName>
      <ManufactureName>פישר תעשיות פרמצבטיות בעמ</ManufactureName>
      <ManufactureCountry />
      <ManufactureItemDescription />
      <UnitQty>יח`</UnitQty>
      <Quantity>1</Quantity>
      <UnitMeasure>1 ליטר</UnitMeasure>
      <BisWeighted>0</BisWeighted>
      <QtyInPackage>1</QtyInPackage>
      <ItemPrice>14.90</ItemPrice>
      <UnitOfMeasurePrice>14.90</UnitOfMeasurePrice>
      <AllowDiscount>1</AllowDiscount>
      <itemStatus>1</itemStatus>
      <LastUpdateDate />
      <LastUpdateTime />
    </Product>
    <Product>
      <PriceUpdateDate>2017/06/13 14:48</PriceUpdateDate>
      <ItemCode>7290016621365</ItemCode>
      <ItemType>1</ItemType>
      <ItemName>קמיל אל סבון ננוזלי ניקיון ולחות כחול 1</ItemName>
      <ManufactureName>פישר תעשיות פרמצבטיות בעמ</ManufactureName>
      <ManufactureCountry />
      <ManufactureItemDescription />
      <UnitQty>יח`</UnitQty>
      <Quantity>1</Quantity>
      <UnitMeasure>1 ליטר</UnitMeasure>
      <BisWeighted>0</BisWeighted>
      <QtyInPackage>1</QtyInPackage>
      <ItemPrice>14.90</ItemPrice>
      <UnitOfMeasurePrice>14.90</UnitOfMeasurePrice>
      <AllowDiscount>1</AllowDiscount>
      <itemStatus>1</itemStatus>
      <LastUpdateDate />
      <LastUpdateTime />
    </Product>
    <Product>
      <PriceUpdateDate>2019/08/07 10:33</PriceUpdateDate>
      <ItemCode>7290016651164</ItemCode>
      <ItemType>1</ItemType>
      <ItemName>גומי לתחתנון 10 מטר</ItemName>
      <ManufactureName>קונסיגנציה- ש. י גיספאן 1993</ManufactureName>
      <ManufactureCountry />
      <ManufactureItemDescription />
      <UnitQty>יח`</UnitQty>
      <Quantity>1</Quantity>
      <UnitMeasure />
      <BisWeighted>0</BisWeighted>
      <QtyInPackage>1</QtyInPackage>
      <ItemPrice>12.90</ItemPrice>
      <UnitOfMeasurePrice>12.90</UnitOfMeasurePrice>
      <AllowDiscount>0</AllowDiscount>
      <itemStatus>1</itemStatus>
      <LastUpdateDate />
      <LastUpdateTime />
    </Product>
    <Product>
      <PriceUpdateDate>2019/08/22 12:39</PriceUpdateDate>
      <ItemCode>7290016651300</ItemCode>
      <ItemType>1</ItemType>
      <ItemName>מברשת יוקרתית 300 סטייל חדש</ItemName>
      <ManufactureName>קונסיגנציה- ש. י גיספאן 1993</ManufactureName>
      <ManufactureCountry />
      <ManufactureItemDescription />
      <UnitQty>יח`</UnitQty>
      <Quantity>1</Quantity>
      <UnitMeasure />
      <BisWeighted>0</BisWeighted>
      <QtyInPackage>1</QtyInPackage>
      <ItemPrice>17.50</ItemPrice>
      <UnitOfMeasurePrice>17.50</UnitOfMeasurePrice>
      <AllowDiscount>0</AllowDiscount>
      <itemStatus>1</itemStatus>
      <LastUpdateDate />
      <LastUpdateTime />
    </Product>
    <Product>
      <PriceUpdateDate>2019/08/22 12:39</PriceUpdateDate>
      <ItemCode>7290016651317</ItemCode>
      <ItemType>1</ItemType>
      <ItemName>מברשת יוקרתית 317 סטייל שני</ItemName>
      <ManufactureName>קונסיגנציה- ש. י גיספאן 1993</ManufactureName>
      <ManufactureCountry />
      <ManufactureItemDescription />
      <UnitQty>יח`</UnitQty>
      <Quantity>1</Quantity>
      <UnitMeasure />
      <BisWeighted>0</BisWeighted>
      <QtyInPackage>1</QtyInPackage>
      <ItemPrice>15.80</ItemPrice>
      <UnitOfMeasurePrice>15.80</UnitOfMeasurePrice>
      <AllowDiscount>0</AllowDiscount>
      <itemStatus>1</itemStatus>
      <LastUpdateDate />
      <LastUpdateTime />
    </Product>
    <Product>
      <PriceUpdateDate>2019/02/13 14:38</PriceUpdateDate>
      <ItemCode>7290016717044</ItemCode>
      <ItemType>1</ItemType>
      <ItemName>באזז מנגו 750 מל</ItemName>
      <ManufactureName>אגודת הכורמים</ManufactureName>
      <ManufactureCountry />
      <ManufactureItemDescription />
      <UnitQty>יח`</UnitQty>
      <Quantity>750</Quantity>
      <UnitMeasure>מ"ל</UnitMeasure>
      <BisWeighted>0</BisWeighted>
      <QtyInPackage>1</QtyInPackage>
      <ItemPrice>26.90</ItemPrice>
      <UnitOfMeasurePrice>3.55</UnitOfMeasurePrice>
      <AllowDiscount>1</AllowDiscount>
      <itemStatus>1</itemStatus>
      <LastUpdateDate />
      <LastUpdateTime />
    </Product>
    <Product>
      <PriceUpdateDate>2018/01/09 08:26</PriceUpdateDate>
      <ItemCode>7290016717631</ItemCode>
      <ItemType>1</ItemType>
      <ItemName>יין לבן מבעבע מוסקטו 750 מל</ItemName>
      <ManufactureName>אגודת הכורמים</ManufactureName>
      <ManufactureCountry />
      <ManufactureItemDescription />
      <UnitQty>יח`</UnitQty>
      <Quantity>750</Quantity>
      <UnitMeasure>מ"ל</UnitMeasure>
      <BisWeighted>0</BisWeighted>
      <QtyInPackage>1</QtyInPackage>
      <ItemPrice>45.90</ItemPrice>
      <UnitOfMeasurePrice>6.08</UnitOfMeasurePrice>
      <AllowDiscount>1</AllowDiscount>
      <itemStatus>1</itemStatus>
      <LastUpdateDate />
      <LastUpdateTime />
    </Product>
    <Product>
      <PriceUpdateDate>2018/03/05 08:21</PriceUpdateDate>
      <ItemCode>7290016717754</ItemCode>
      <ItemType>1</ItemType>
      <ItemName>יין היובל ישן נושן יקבי כרמל (750 מל)</ItemName>
      <ManufactureName>אגודת הכורמים</ManufactureName>
      <ManufactureCountry />
      <ManufactureItemDescription />
      <UnitQty>יח`</UnitQty>
      <Quantity>750</Quantity>
      <UnitMeasure>מ"ל</UnitMeasure>
      <BisWeighted>0</BisWeighted>
      <QtyInPackage>1</QtyInPackage>
      <ItemPrice>19.90</ItemPrice>
      <UnitOfMeasurePrice>2.61</UnitOfMeasurePrice>
      <AllowDiscount>1</AllowDiscount>
      <itemStatus>1</itemStatus>
      <LastUpdateDate />
      <LastUpdateTime />
    </Product>
    <Product>
      <PriceUpdateDate>2020/04/30 17:20</PriceUpdateDate>
      <ItemCode>7290016717976</ItemCode>
      <ItemType>1</ItemType>
      <ItemName>אפרסק 750 מל BUZZ</ItemName>
      <ManufactureName>אגודת הכורמים</ManufactureName>
      <ManufactureCountry />
      <ManufactureItemDescription />
      <UnitQty>יח`</UnitQty>
      <Quantity>750</Quantity>
      <UnitMeasure>מ"ל</UnitMeasure>
      <BisWeighted>0</BisWeighted>
      <QtyInPackage>1</QtyInPackage>
      <ItemPrice>26.90</ItemPrice>
      <UnitOfMeasurePrice>3.55</UnitOfMeasurePrice>
      <AllowDiscount>0</AllowDiscount>
      <itemStatus>1</itemStatus>
      <LastUpdateDate />
      <LastUpdateTime />
    </Product>
    <Product>
      <PriceUpdateDate>2020/05/01 12:30</PriceUpdateDate>
      <ItemCode>7290016818314</ItemCode>
      <ItemType>1</ItemType>
      <ItemName>רבילוי מוצרלה ועגבניות לטיגון 400  גר`נו</ItemName>
      <ManufactureName>מחלבות גד שיווק 1992 בעמ</ManufactureName>
      <ManufactureCountry />
      <ManufactureItemDescription />
      <UnitQty>יח`</UnitQty>
      <Quantity>400</Quantity>
      <UnitMeasure>גרם</UnitMeasure>
      <BisWeighted>0</BisWeighted>
      <QtyInPackage>1</QtyInPackage>
      <ItemPrice>23.90</ItemPrice>
      <UnitOfMeasurePrice>5.98</UnitOfMeasurePrice>
      <AllowDiscount>0</AllowDiscount>
      <itemStatus>1</itemStatus>
      <LastUpdateDate />
      <LastUpdateTime />
    </Product>
    <Product>
      <PriceUpdateDate>2020/05/01 12:30</PriceUpdateDate>
      <ItemCode>7290016818321</ItemCode>
      <ItemType>1</ItemType>
      <ItemName>רבילוי פולטנה ופטריות לטיגון 400  גר`נונ</ItemName>
      <ManufactureName>מחלבות גד שיווק 1992 בעמ</ManufactureName>
      <ManufactureCountry />
      <ManufactureItemDescription />
      <UnitQty>יח`</UnitQty>
      <Quantity>400</Quantity>
      <UnitMeasure>גרם</UnitMeasure>
      <BisWeighted>0</BisWeighted>
      <QtyInPackage>1</QtyInPackage>
      <ItemPrice>23.90</ItemPrice>
      <UnitOfMeasurePrice>5.98</UnitOfMeasurePrice>
      <AllowDiscount>0</AllowDiscount>
      <itemStatus>1</itemStatus>
      <LastUpdateDate />
      <LastUpdateTime />
    </Product>
    <Product>
      <PriceUpdateDate>2017/02/15 08:32</PriceUpdateDate>
      <ItemCode>7290016866445</ItemCode>
      <ItemType>1</ItemType>
      <ItemName>תערובת קמח תופח 500 גר` Gfree</ItemName>
      <ManufactureName>גורי מוצרי צריכה (1991) בעמ</ManufactureName>
      <ManufactureCountry />
      <ManufactureItemDescription />
      <UnitQty>יח`</UnitQty>
      <Quantity>500</Quantity>
      <UnitMeasure>גרם</UnitMeasure>
      <BisWeighted>0</BisWeighted>
      <QtyInPackage>1</QtyInPackage>
      <ItemPrice>16.90</ItemPrice>
      <UnitOfMeasurePrice>3.38</UnitOfMeasurePrice>
      <AllowDiscount>0</AllowDiscount>
      <itemStatus>1</itemStatus>
      <LastUpdateDate />
      <LastUpdateTime />
    </Product>
    <Product>
      <PriceUpdateDate>2018/06/12 07:55</PriceUpdateDate>
      <ItemCode>7290016866643</ItemCode>
      <ItemType>1</ItemType>
      <ItemName>משחת שיניים פרודונטקס פרש 75 מל</ItemName>
      <ManufactureName>גורי ע.ע.ע בעמ</ManufactureName>
      <ManufactureCountry />
      <ManufactureItemDescription />
      <UnitQty>יח`</UnitQty>
      <Quantity>75</Quantity>
      <UnitMeasure>גרם</UnitMeasure>
      <BisWeighted>0</BisWeighted>
      <QtyInPackage>1</QtyInPackage>
      <ItemPrice>29.90</ItemPrice>
      <UnitOfMeasurePrice>39.87</UnitOfMeasurePrice>
      <AllowDiscount>1</AllowDiscount>
      <itemStatus>1</itemStatus>
      <LastUpdateDate />
      <LastUpdateTime />
    </Product>
    <Product>
      <PriceUpdateDate>2018/06/12 07:55</PriceUpdateDate>
      <ItemCode>7290016866650</ItemCode>
      <ItemType>1</ItemType>
      <ItemName>משחת שיניים פרודונטקס אוריג`ינל 75 מל</ItemName>
      <ManufactureName>גורי ע.ע.ע בעמ</ManufactureName>
      <ManufactureCountry />
      <ManufactureItemDescription />
      <UnitQty>יח`</UnitQty>
      <Quantity>75</Quantity>
      <UnitMeasure>גרם</UnitMeasure>
      <BisWeighted>0</BisWeighted>
      <QtyInPackage>1</QtyInPackage>
      <ItemPrice>29.90</ItemPrice>
      <UnitOfMeasurePrice>39.87</UnitOfMeasurePrice>
      <AllowDiscount>1</AllowDiscount>
      <itemStatus>1</itemStatus>
      <LastUpdateDate />
      <LastUpdateTime />
    </Product>
    <Product>
      <PriceUpdateDate>2018/06/12 07:55</PriceUpdateDate>
      <ItemCode>7290016866667</ItemCode>
      <ItemType>1</ItemType>
      <ItemName>משחת שיניים פרודונטקס פלאוריד 75 מל</ItemName>
      <ManufactureName>גורי ע.ע.ע בעמ</ManufactureName>
      <ManufactureCountry />
      <ManufactureItemDescription />
      <UnitQty>יח`</UnitQty>
      <Quantity>75</Quantity>
      <UnitMeasure>גרם</UnitMeasure>
      <BisWeighted>0</BisWeighted>
      <QtyInPackage>1</QtyInPackage>
      <ItemPrice>29.90</ItemPrice>
      <UnitOfMeasurePrice>39.87</UnitOfMeasurePrice>
      <AllowDiscount>1</AllowDiscount>
      <itemStatus>1</itemStatus>
      <LastUpdateDate />
      <LastUpdateTime />
    </Product>
    <Product>
      <PriceUpdateDate>2018/06/12 07:55</PriceUpdateDate>
      <ItemCode>7290016866674</ItemCode>
      <ItemType>1</ItemType>
      <ItemName>משחת שיניים פרודונטקס מלבינה 75 מל</ItemName>
      <ManufactureName>גורי ע.ע.ע בעמ</ManufactureName>
      <ManufactureCountry />
      <ManufactureItemDescription />
      <UnitQty>יח`</UnitQty>
      <Quantity>75</Quantity>
      <UnitMeasure>גרם</UnitMeasure>
      <BisWeighted>0</BisWeighted>
      <QtyInPackage>1</QtyInPackage>
      <ItemPrice>29.90</ItemPrice>
      <UnitOfMeasurePrice>39.87</UnitOfMeasurePrice>
      <AllowDiscount>1</AllowDiscount>
      <itemStatus>1</itemStatus>
      <LastUpdateDate />
      <LastUpdateTime />
    </Product>
    <Product>
      <PriceUpdateDate>2017/09/28 09:57</PriceUpdateDate>
      <ItemCode>7290016912494</ItemCode>
      <ItemType>1</ItemType>
      <ItemName>אפקטיב קר תחריץ פנים לכל סוגי העור 180 מ</ItemName>
      <ManufactureName>פישר תעשיות פרמצבטיות בעמ</ManufactureName>
      <ManufactureCountry />
      <ManufactureItemDescription />
      <UnitQty>יח`</UnitQty>
      <Quantity>180</Quantity>
      <UnitMeasure>מ"ל</UnitMeasure>
      <BisWeighted>0</BisWeighted>
      <QtyInPackage>1</QtyInPackage>
      <ItemPrice>17.90</ItemPrice>
      <UnitOfMeasurePrice>9.94</UnitOfMeasurePrice>
      <AllowDiscount>0</AllowDiscount>
      <itemStatus>1</itemStatus>
      <LastUpdateDate />
      <LastUpdateTime />
    </Product>
    <Product>
      <PriceUpdateDate>2017/11/07 11:36</PriceUpdateDate>
      <ItemCode>7290016967074</ItemCode>
      <ItemType>1</ItemType>
      <ItemName>לחם חיטה מלאה 750 גר אנג`ל</ItemName>
      <ManufactureName>שלמה א. אנג`ל בעמ</ManufactureName>
      <ManufactureCountry />
      <ManufactureItemDescription />
      <UnitQty>יח`</UnitQty>
      <Quantity>750</Quantity>
      <UnitMeasure>גרם</UnitMeasure>
      <BisWeighted>0</BisWeighted>
      <QtyInPackage>1</QtyInPackage>
      <ItemPrice>14.90</ItemPrice>
      <UnitOfMeasurePrice>1.99</UnitOfMeasurePrice>
      <AllowDiscount>0</AllowDiscount>
      <itemStatus>1</itemStatus>
      <LastUpdateDate />
      <LastUpdateTime />
    </Product>
    <Product>
      <PriceUpdateDate>2019/03/03 10:01</PriceUpdateDate>
      <ItemCode>7290017023045</ItemCode>
      <ItemType>1</ItemType>
      <ItemName>ר.ס קולה 1.5 ליטר מארז 5+1</ItemName>
      <ManufactureName>יפאורה</ManufactureName>
      <ManufactureCountry />
      <ManufactureItemDescription />
      <UnitQty>יח`</UnitQty>
      <Quantity>9000</Quantity>
      <UnitMeasure>מ"ל</UnitMeasure>
      <BisWeighted>0</BisWeighted>
      <QtyInPackage>1</QtyInPackage>
      <ItemPrice>20.90</ItemPrice>
      <UnitOfMeasurePrice>0.23</UnitOfMeasurePrice>
      <AllowDiscount>0</AllowDiscount>
      <itemStatus>1</itemStatus>
      <LastUpdateDate />
      <LastUpdateTime />
    </Product>
    <Product>
      <PriceUpdateDate>2019/01/14 08:23</PriceUpdateDate>
      <ItemCode>7290017023489</ItemCode>
      <ItemType>1</ItemType>
      <ItemName>שוופס מוגז פירות ללא סוכר פינק ליימונד(1</ItemName>
      <ManufactureName>יפאורה</ManufactureName>
      <ManufactureCountry />
      <ManufactureItemDescription />
      <UnitQty>יח`</UnitQty>
      <Quantity>1.50</Quantity>
      <UnitMeasure>1 ליטר</UnitMeasure>
      <BisWeighted>0</BisWeighted>
      <QtyInPackage>1</QtyInPackage>
      <ItemPrice>6.90</ItemPrice>
      <UnitOfMeasurePrice>4.60</UnitOfMeasurePrice>
      <AllowDiscount>1</AllowDiscount>
      <itemStatus>1</itemStatus>
      <LastUpdateDate />
      <LastUpdateTime />
    </Product>
    <Product>
      <PriceUpdateDate>2019/01/14 08:23</PriceUpdateDate>
      <ItemCode>7290017023496</ItemCode>
      <ItemType>1</ItemType>
      <ItemName>שוופס מוגז פירות ללא סוכר תות ליים (1.5</ItemName>
      <ManufactureName>יפאורה</ManufactureName>
      <ManufactureCountry />
      <ManufactureItemDescription />
      <UnitQty>יח`</UnitQty>
      <Quantity>1.50</Quantity>
      <UnitMeasure>1 ליטר</UnitMeasure>
      <BisWeighted>0</BisWeighted>
      <QtyInPackage>1</QtyInPackage>
      <ItemPrice>6.90</ItemPrice>
      <UnitOfMeasurePrice>4.60</UnitOfMeasurePrice>
      <AllowDiscount>1</AllowDiscount>
      <itemStatus>1</itemStatus>
      <LastUpdateDate />
      <LastUpdateTime />
    </Product>
    <Product>
      <PriceUpdateDate>2019/01/14 08:23</PriceUpdateDate>
      <ItemCode>7290017023519</ItemCode>
      <ItemType>1</ItemType>
      <ItemName>שוופס מוגז פירות ללא סוכר תפוח (1.5 ליט</ItemName>
      <ManufactureName>יפאורה</ManufactureName>
      <ManufactureCountry />
      <ManufactureItemDescription />
      <UnitQty>יח`</UnitQty>
      <Quantity>1.50</Quantity>
      <UnitMeasure>1 ליטר</UnitMeasure>
      <BisWeighted>0</BisWeighted>
      <QtyInPackage>1</QtyInPackage>
      <ItemPrice>6.90</ItemPrice>
      <UnitOfMeasurePrice>4.60</UnitOfMeasurePrice>
      <AllowDiscount>1</AllowDiscount>
      <itemStatus>1</itemStatus>
      <LastUpdateDate />
      <LastUpdateTime />
    </Product>
    <Product>
      <PriceUpdateDate>2019/01/14 08:23</PriceUpdateDate>
      <ItemCode>7290017023687</ItemCode>
      <ItemType>1</ItemType>
      <ItemName>שוופס מוגז פירות ללא סוכר אננס (1.5 ליט</ItemName>
      <ManufactureName>יפאורה</ManufactureName>
      <ManufactureCountry />
      <ManufactureItemDescription />
      <UnitQty>יח`</UnitQty>
      <Quantity>1</Quantity>
      <UnitMeasure />
      <BisWeighted>0</BisWeighted>
      <QtyInPackage>1</QtyInPackage>
      <ItemPrice>6.90</ItemPrice>
      <UnitOfMeasurePrice>6.90</UnitOfMeasurePrice>
      <AllowDiscount>1</AllowDiscount>
      <itemStatus>1</itemStatus>
      <LastUpdateDate />
      <LastUpdateTime />
    </Product>
    <Product>
      <PriceUpdateDate>2019/01/14 08:23</PriceUpdateDate>
      <ItemCode>7290017023717</ItemCode>
      <ItemType>1</ItemType>
      <ItemName>מי טוניק שוופס (1.5  ליטר)NO SUGAR</ItemName>
      <ManufactureName>יפאורה</ManufactureName>
      <ManufactureCountry />
      <ManufactureItemDescription />
      <UnitQty>יח`</UnitQty>
      <Quantity>1</Quantity>
      <UnitMeasure />
      <BisWeighted>0</BisWeighted>
      <QtyInPackage>1</QtyInPackage>
      <ItemPrice>9.90</ItemPrice>
      <UnitOfMeasurePrice>9.90</UnitOfMeasurePrice>
      <AllowDiscount>0</AllowDiscount>
      <itemStatus>1</itemStatus>
      <LastUpdateDate />
      <LastUpdateTime />
    </Product>
    <Product>
      <PriceUpdateDate>2019/01/17 07:34</PriceUpdateDate>
      <ItemCode>7290017023724</ItemCode>
      <ItemType>1</ItemType>
      <ItemName>משקה קל מנגו אננס ספרינג (1.5 ליטר)</ItemName>
      <ManufactureName>יפאורה</ManufactureName>
      <ManufactureCountry />
      <ManufactureItemDescription />
      <UnitQty>יח`</UnitQty>
      <Quantity>1500</Quantity>
      <UnitMeasure>מ"ל</UnitMeasure>
      <BisWeighted>0</BisWeighted>
      <QtyInPackage>1</QtyInPackage>
      <ItemPrice>6.40</ItemPrice>
      <UnitOfMeasurePrice>0.43</UnitOfMeasurePrice>
      <AllowDiscount>1</AllowDiscount>
      <itemStatus>1</itemStatus>
      <LastUpdateDate />
      <LastUpdateTime />
    </Product>
    <Product>
      <PriceUpdateDate>2019/12/11 09:02</PriceUpdateDate>
      <ItemCode>7290017023809</ItemCode>
      <ItemType>1</ItemType>
      <ItemName>ספרינג אגס סברס</ItemName>
      <ManufactureName>יפאורה</ManufactureName>
      <ManufactureCountry />
      <ManufactureItemDescription />
      <UnitQty>יח`</UnitQty>
      <Quantity>1</Quantity>
      <UnitMeasure />
      <BisWeighted>0</BisWeighted>
      <QtyInPackage>1</QtyInPackage>
      <ItemPrice>9.90</ItemPrice>
      <UnitOfMeasurePrice>9.90</UnitOfMeasurePrice>
      <AllowDiscount>0</AllowDiscount>
      <itemStatus>1</itemStatus>
      <LastUpdateDate />
      <LastUpdateTime />
    </Product>
    <Product>
      <PriceUpdateDate>2019/12/11 09:02</PriceUpdateDate>
      <ItemCode>7290017023823</ItemCode>
      <ItemType>1</ItemType>
      <ItemName>ספרינג תות בננה</ItemName>
      <ManufactureName>יפאורה</ManufactureName>
      <ManufactureCountry />
      <ManufactureItemDescription />
      <UnitQty>יח`</UnitQty>
      <Quantity>1</Quantity>
      <UnitMeasure />
      <BisWeighted>0</BisWeighted>
      <QtyInPackage>1</QtyInPackage>
      <ItemPrice>9.90</ItemPrice>
      <UnitOfMeasurePrice>9.90</UnitOfMeasurePrice>
      <AllowDiscount>0</AllowDiscount>
      <itemStatus>1</itemStatus>
      <LastUpdateDate />
      <LastUpdateTime />
    </Product>
    <Product>
      <PriceUpdateDate>2019/01/17 07:34</PriceUpdateDate>
      <ItemCode>7290017023847</ItemCode>
      <ItemType>1</ItemType>
      <ItemName>משקה ביטר למון ופירות יער שוופס (1.5 לי</ItemName>
      <ManufactureName>יפאורה</ManufactureName>
      <ManufactureCountry />
      <ManufactureItemDescription />
      <UnitQty>יח`</UnitQty>
      <Quantity>1</Quantity>
      <UnitMeasure />
      <BisWeighted>0</BisWeighted>
      <QtyInPackage>1</QtyInPackage>
      <ItemPrice>9.90</ItemPrice>
      <UnitOfMeasurePrice>9.90</UnitOfMeasurePrice>
      <AllowDiscount>0</AllowDiscount>
      <itemStatus>1</itemStatus>
      <LastUpdateDate />
      <LastUpdateTime />
    </Product>
    <Product>
      <PriceUpdateDate>2019/01/17 13:16</PriceUpdateDate>
      <ItemCode>7290017023854</ItemCode>
      <ItemType>1</ItemType>
      <ItemName>שוופס סודה 250 מל רביעייה</ItemName>
      <ManufactureName>יפאורה</ManufactureName>
      <ManufactureCountry />
      <ManufactureItemDescription />
      <UnitQty>יח`</UnitQty>
      <Quantity>1000</Quantity>
      <UnitMeasure>מ"ל</UnitMeasure>
      <BisWeighted>0</BisWeighted>
      <QtyInPackage>1</QtyInPackage>
      <ItemPrice>13.90</ItemPrice>
      <UnitOfMeasurePrice>1.27</UnitOfMeasurePrice>
      <AllowDiscount>1</AllowDiscount>
      <itemStatus>1</itemStatus>
      <LastUpdateDate />
      <LastUpdateTime />
    </Product>
    <Product>
      <PriceUpdateDate>2019/01/17 13:16</PriceUpdateDate>
      <ItemCode>7290017023861</ItemCode>
      <ItemType>1</ItemType>
      <ItemName>שוופס סודה לימון 250 מל רביעייה</ItemName>
      <ManufactureName>יפאורה</ManufactureName>
      <ManufactureCountry />
      <ManufactureItemDescription />
      <UnitQty>יח`</UnitQty>
      <Quantity>1000</Quantity>
      <UnitMeasure>מ"ל</UnitMeasure>
      <BisWeighted>0</BisWeighted>
      <QtyInPackage>1</QtyInPackage>
      <ItemPrice>13.90</ItemPrice>
      <UnitOfMeasurePrice>1.27</UnitOfMeasurePrice>
      <AllowDiscount>1</AllowDiscount>
      <itemStatus>1</itemStatus>
      <LastUpdateDate />
      <LastUpdateTime />
    </Product>
    <Product>
      <PriceUpdateDate>2019/01/17 13:16</PriceUpdateDate>
      <ItemCode>7290017023878</ItemCode>
      <ItemType>1</ItemType>
      <ItemName>שוופס סודה נענע ליים 250 מל רביעייה</ItemName>
      <ManufactureName>יפאורה</ManufactureName>
      <ManufactureCountry />
      <ManufactureItemDescription />
      <UnitQty>יח`</UnitQty>
      <Quantity>1000</Quantity>
      <UnitMeasure>מ"ל</UnitMeasure>
      <BisWeighted>0</BisWeighted>
      <QtyInPackage>1</QtyInPackage>
      <ItemPrice>13.90</ItemPrice>
      <UnitOfMeasurePrice>1.27</UnitOfMeasurePrice>
      <AllowDiscount>1</AllowDiscount>
      <itemStatus>1</itemStatus>
      <LastUpdateDate />
      <LastUpdateTime />
    </Product>
    <Product>
      <PriceUpdateDate>2019/01/17 07:34</PriceUpdateDate>
      <ItemCode>7290017023946</ItemCode>
      <ItemType>1</ItemType>
      <ItemName>שוופס סודה 500 מל לימון גראס וגיגנר שישי</ItemName>
      <ManufactureName>יפאורה</ManufactureName>
      <ManufactureCountry />
      <ManufactureItemDescription />
      <UnitQty>יח`</UnitQty>
      <Quantity>3000</Quantity>
      <UnitMeasure>מ"ל</UnitMeasure>
      <BisWeighted>0</BisWeighted>
      <QtyInPackage>1</QtyInPackage>
      <ItemPrice>13.90</ItemPrice>
      <UnitOfMeasurePrice>0.40</UnitOfMeasurePrice>
      <AllowDiscount>0</AllowDiscount>
      <itemStatus>1</itemStatus>
      <LastUpdateDate />
      <LastUpdateTime />
    </Product>
    <Product>
      <PriceUpdateDate>2019/05/08 11:37</PriceUpdateDate>
      <ItemCode>7290017023991</ItemCode>
      <ItemType>1</ItemType>
      <ItemName>תה ירוק אננס 1.5 ליטר ספרינג</ItemName>
      <ManufactureName>יפאורה</ManufactureName>
      <ManufactureCountry />
      <ManufactureItemDescription />
      <UnitQty>יח`</UnitQty>
      <Quantity>1.50</Quantity>
      <UnitMeasure>מ"ל</UnitMeasure>
      <BisWeighted>0</BisWeighted>
      <QtyInPackage>1</QtyInPackage>
      <ItemPrice>6.40</ItemPrice>
      <UnitOfMeasurePrice>426.67</UnitOfMeasurePrice>
      <AllowDiscount>1</AllowDiscount>
      <itemStatus>1</itemStatus>
      <LastUpdateDate />
      <LastUpdateTime />
    </Product>
    <Product>
      <PriceUpdateDate>2019/02/21 07:17</PriceUpdateDate>
      <ItemCode>7290017031194</ItemCode>
      <ItemType>1</ItemType>
      <ItemName>פתיתים על בסיס קמח אפונה בצורת פנה ללא ג</ItemName>
      <ManufactureName>גורי מוצרי צריכה (1991) בעמ</ManufactureName>
      <ManufactureCountry />
      <ManufactureItemDescription />
      <UnitQty>יח`</UnitQty>
      <Quantity>250</Quantity>
      <UnitMeasure>גרם</UnitMeasure>
      <BisWeighted>0</BisWeighted>
      <QtyInPackage>1</QtyInPackage>
      <ItemPrice>13.90</ItemPrice>
      <UnitOfMeasurePrice>5.56</UnitOfMeasurePrice>
      <AllowDiscount>0</AllowDiscount>
      <itemStatus>1</itemStatus>
      <LastUpdateDate />
      <LastUpdateTime />
    </Product>
    <Product>
      <PriceUpdateDate>2018/11/12 09:43</PriceUpdateDate>
      <ItemCode>7290017031859</ItemCode>
      <ItemType>1</ItemType>
      <ItemName>משחת שיניים אולטקא קלין 75 מל פרודונטקס</ItemName>
      <ManufactureName>גורי ע.ע.ע בעמ</ManufactureName>
      <ManufactureCountry />
      <ManufactureItemDescription />
      <UnitQty>יח`</UnitQty>
      <Quantity>75</Quantity>
      <UnitMeasure>גרם</UnitMeasure>
      <BisWeighted>0</BisWeighted>
      <QtyInPackage>1</QtyInPackage>
      <ItemPrice>29.90</ItemPrice>
      <UnitOfMeasurePrice>39.87</UnitOfMeasurePrice>
      <AllowDiscount>1</AllowDiscount>
      <itemStatus>1</itemStatus>
      <LastUpdateDate />
      <LastUpdateTime />
    </Product>
    <Product>
      <PriceUpdateDate>2017/05/15 18:41</PriceUpdateDate>
      <ItemCode>7290017044019</ItemCode>
      <ItemType>1</ItemType>
      <ItemName>מגבונים אסותא בדלי עיסא ערטול (400)</ItemName>
      <ManufactureName>עיסא ערטול בעמ</ManufactureName>
      <ManufactureCountry />
      <ManufactureItemDescription />
      <UnitQty>יח`</UnitQty>
      <Quantity>1</Quantity>
      <UnitMeasure />
      <BisWeighted>0</BisWeighted>
      <QtyInPackage>1</QtyInPackage>
      <ItemPrice>19.90</ItemPrice>
      <UnitOfMeasurePrice>19.90</UnitOfMeasurePrice>
      <AllowDiscount>0</AllowDiscount>
      <itemStatus>1</itemStatus>
      <LastUpdateDate />
      <LastUpdateTime />
    </Product>
    <Product>
      <PriceUpdateDate>2020/01/14 08:22</PriceUpdateDate>
      <ItemCode>7290017058276</ItemCode>
      <ItemType>1</ItemType>
      <ItemName>אטריות ללא גלוטן ניקוי קרטוניה 250  גר`ת</ItemName>
      <ManufactureName>תומר יבוא ושיווק מוצרי מזון (1</ManufactureName>
      <ManufactureCountry />
      <ManufactureItemDescription />
      <UnitQty>יח`</UnitQty>
      <Quantity>250</Quantity>
      <UnitMeasure>גרם</UnitMeasure>
      <BisWeighted>0</BisWeighted>
      <QtyInPackage>1</QtyInPackage>
      <ItemPrice>5.90</ItemPrice>
      <UnitOfMeasurePrice>2.36</UnitOfMeasurePrice>
      <AllowDiscount>0</AllowDiscount>
      <itemStatus>1</itemStatus>
      <LastUpdateDate />
      <LastUpdateTime />
    </Product>
    <Product>
      <PriceUpdateDate>2020/01/14 08:22</PriceUpdateDate>
      <ItemCode>7290017058528</ItemCode>
      <ItemType>1</ItemType>
      <ItemName>ממרח זיתים ירוקים 215 גר` תומר</ItemName>
      <ManufactureName>תומר יבוא ושיווק מוצרי מזון (1</ManufactureName>
      <ManufactureCountry />
      <ManufactureItemDescription />
      <UnitQty>יח`</UnitQty>
      <Quantity>215</Quantity>
      <UnitMeasure>גרם</UnitMeasure>
      <BisWeighted>0</BisWeighted>
      <QtyInPackage>1</QtyInPackage>
      <ItemPrice>12.90</ItemPrice>
      <UnitOfMeasurePrice>6</UnitOfMeasurePrice>
      <AllowDiscount>1</AllowDiscount>
      <itemStatus>1</itemStatus>
      <LastUpdateDate />
      <LastUpdateTime />
    </Product>
    <Product>
      <PriceUpdateDate>2020/01/14 08:22</PriceUpdateDate>
      <ItemCode>7290017058689</ItemCode>
      <ItemType>1</ItemType>
      <ItemName>זית שחור יבש 400 גר` תומר</ItemName>
      <ManufactureName>תומר יבוא ושיווק מוצרי מזון (1</ManufactureName>
      <ManufactureCountry />
      <ManufactureItemDescription />
      <UnitQty>יח`</UnitQty>
      <Quantity>400</Quantity>
      <UnitMeasure>גרם</UnitMeasure>
      <BisWeighted>0</BisWeighted>
      <QtyInPackage>1</QtyInPackage>
      <ItemPrice>14.90</ItemPrice>
      <UnitOfMeasurePrice>3.73</UnitOfMeasurePrice>
      <AllowDiscount>1</AllowDiscount>
      <itemStatus>1</itemStatus>
      <LastUpdateDate />
      <LastUpdateTime />
    </Product>
    <Product>
      <PriceUpdateDate>2020/01/14 08:22</PriceUpdateDate>
      <ItemCode>7290017058856</ItemCode>
      <ItemType>1</ItemType>
      <ItemName>זית קלמטה מגולען צנצנת 355  גר`תומר</ItemName>
      <ManufactureName>תומר יבוא ושיווק מוצרי מזון (1</ManufactureName>
      <ManufactureCountry />
      <ManufactureItemDescription />
      <UnitQty>יח`</UnitQty>
      <Quantity>335</Quantity>
      <UnitMeasure>גרם</UnitMeasure>
      <BisWeighted>0</BisWeighted>
      <QtyInPackage>1</QtyInPackage>
      <ItemPrice>14.90</ItemPrice>
      <UnitOfMeasurePrice>4.45</UnitOfMeasurePrice>
      <AllowDiscount>0</AllowDiscount>
      <itemStatus>1</itemStatus>
      <LastUpdateDate />
      <LastUpdateTime />
    </Product>
    <Product>
      <PriceUpdateDate>2017/04/18 16:24</PriceUpdateDate>
      <ItemCode>7290017065007</ItemCode>
      <ItemType>1</ItemType>
      <ItemName>מוצרלה פרוסה 200 גר -מדף</ItemName>
      <ManufactureName>מחלבות גד שיווק 1992 בעמ</ManufactureName>
      <ManufactureCountry />
      <ManufactureItemDescription />
      <UnitQty>יח`</UnitQty>
      <Quantity>200</Quantity>
      <UnitMeasure>גרם</UnitMeasure>
      <BisWeighted>0</BisWeighted>
      <QtyInPackage>1</QtyInPackage>
      <ItemPrice>17.90</ItemPrice>
      <UnitOfMeasurePrice>8.95</UnitOfMeasurePrice>
      <AllowDiscount>0</AllowDiscount>
      <itemStatus>1</itemStatus>
      <LastUpdateDate />
      <LastUpdateTime />
    </Product>
    <Product>
      <PriceUpdateDate>2017/12/20 09:39</PriceUpdateDate>
      <ItemCode>7290017065137</ItemCode>
      <ItemType>1</ItemType>
      <ItemName>ריקוטה למריחה 5% טבעית 200 גר` מחלבות גד</ItemName>
      <ManufactureName>מחלבות גד שיווק 1992 בעמ</ManufactureName>
      <ManufactureCountry />
      <ManufactureItemDescription />
      <UnitQty>יח`</UnitQty>
      <Quantity>200</Quantity>
      <UnitMeasure>גרם</UnitMeasure>
      <BisWeighted>0</BisWeighted>
      <QtyInPackage>1</QtyInPackage>
      <ItemPrice>9.90</ItemPrice>
      <UnitOfMeasurePrice>4.95</UnitOfMeasurePrice>
      <AllowDiscount>0</AllowDiscount>
      <itemStatus>1</itemStatus>
      <LastUpdateDate />
      <LastUpdateTime />
    </Product>
    <Product>
      <PriceUpdateDate>2017/12/20 09:39</PriceUpdateDate>
      <ItemCode>7290017065144</ItemCode>
      <ItemType>1</ItemType>
      <ItemName>ריקוטה למריחה 5% עם בזיליקום 200 גר` גד</ItemName>
      <ManufactureName>מחלבות גד שיווק 1992 בעמ</ManufactureName>
      <ManufactureCountry />
      <ManufactureItemDescription />
      <UnitQty>יח`</UnitQty>
      <Quantity>200</Quantity>
      <UnitMeasure>גרם</UnitMeasure>
      <BisWeighted>0</BisWeighted>
      <QtyInPackage>1</QtyInPackage>
      <ItemPrice>9.90</ItemPrice>
      <UnitOfMeasurePrice>4.95</UnitOfMeasurePrice>
      <AllowDiscount>0</AllowDiscount>
      <itemStatus>1</itemStatus>
      <LastUpdateDate />
      <LastUpdateTime />
    </Product>
    <Product>
      <PriceUpdateDate>2018/04/15 08:26</PriceUpdateDate>
      <ItemCode>7290017065168</ItemCode>
      <ItemType>1</ItemType>
      <ItemName>גבינה כחולה 100 גר` מחלבות גד</ItemName>
      <ManufactureName>מחלבות גד שיווק 1992 בעמ</ManufactureName>
      <ManufactureCountry />
      <ManufactureItemDescription />
      <UnitQty>יח`</UnitQty>
      <Quantity>100</Quantity>
      <UnitMeasure>גרם</UnitMeasure>
      <BisWeighted>0</BisWeighted>
      <QtyInPackage>1</QtyInPackage>
      <ItemPrice>16.90</ItemPrice>
      <UnitOfMeasurePrice>16.90</UnitOfMeasurePrice>
      <AllowDiscount>0</AllowDiscount>
      <itemStatus>1</itemStatus>
      <LastUpdateDate />
      <LastUpdateTime />
    </Product>
    <Product>
      <PriceUpdateDate>2018/10/07 11:51</PriceUpdateDate>
      <ItemCode>7290017065236</ItemCode>
      <ItemType>1</ItemType>
      <ItemName>גבינה בולגרית מעודנת 24% גד (250 גרם)</ItemName>
      <ManufactureName>מחלבות גד שיווק 1992 בעמ</ManufactureName>
      <ManufactureCountry />
      <ManufactureItemDescription />
      <UnitQty>יח`</UnitQty>
      <Quantity>250</Quantity>
      <UnitMeasure>גרם</UnitMeasure>
      <BisWeighted>0</BisWeighted>
      <QtyInPackage>1</QtyInPackage>
      <ItemPrice>23.90</ItemPrice>
      <UnitOfMeasurePrice>9.56</UnitOfMeasurePrice>
      <AllowDiscount>0</AllowDiscount>
      <itemStatus>1</itemStatus>
      <LastUpdateDate />
      <LastUpdateTime />
    </Product>
    <Product>
      <PriceUpdateDate>2019/01/31 09:53</PriceUpdateDate>
      <ItemCode>7290017065311</ItemCode>
      <ItemType>1</ItemType>
      <ItemName>פרוסות מוצרלה מעושנת 200 גר` גד</ItemName>
      <ManufactureName>מחלבות גד שיווק 1992 בעמ</ManufactureName>
      <ManufactureCountry />
      <ManufactureItemDescription />
      <UnitQty>יח`</UnitQty>
      <Quantity>200</Quantity>
      <UnitMeasure>גרם</UnitMeasure>
      <BisWeighted>0</BisWeighted>
      <QtyInPackage>1</QtyInPackage>
      <ItemPrice>18.50</ItemPrice>
      <UnitOfMeasurePrice>9.25</UnitOfMeasurePrice>
      <AllowDiscount>0</AllowDiscount>
      <itemStatus>1</itemStatus>
      <LastUpdateDate />
      <LastUpdateTime />
    </Product>
    <Product>
      <PriceUpdateDate>2019/03/27 08:20</PriceUpdateDate>
      <ItemCode>7290017065380</ItemCode>
      <ItemType>1</ItemType>
      <ItemName>גרנה פדנו שבבים 100  גר`מחלבות גד</ItemName>
      <ManufactureName>מחלבות גד שיווק 1992 בעמ</ManufactureName>
      <ManufactureCountry />
      <ManufactureItemDescription />
      <UnitQty>יח`</UnitQty>
      <Quantity>100</Quantity>
      <UnitMeasure>גרם</UnitMeasure>
      <BisWeighted>0</BisWeighted>
      <QtyInPackage>1</QtyInPackage>
      <ItemPrice>14.90</ItemPrice>
      <UnitOfMeasurePrice>14.90</UnitOfMeasurePrice>
      <AllowDiscount>0</AllowDiscount>
      <itemStatus>1</itemStatus>
      <LastUpdateDate />
      <LastUpdateTime />
    </Product>
    <Product>
      <PriceUpdateDate>2019/04/24 08:19</PriceUpdateDate>
      <ItemCode>7290017065434</ItemCode>
      <ItemType>1</ItemType>
      <ItemName>פרוסות גאודה הולנדית 200 גר` גד</ItemName>
      <ManufactureName>מחלבות גד שיווק 1992 בעמ</ManufactureName>
      <ManufactureCountry />
      <ManufactureItemDescription />
      <UnitQty>יח`</UnitQty>
      <Quantity>200</Quantity>
      <UnitMeasure>גרם</UnitMeasure>
      <BisWeighted>0</BisWeighted>
      <QtyInPackage>1</QtyInPackage>
      <ItemPrice>21.90</ItemPrice>
      <UnitOfMeasurePrice>10.95</UnitOfMeasurePrice>
      <AllowDiscount>0</AllowDiscount>
      <itemStatus>1</itemStatus>
      <LastUpdateDate />
      <LastUpdateTime />
    </Product>
    <Product>
      <PriceUpdateDate>2019/04/24 08:19</PriceUpdateDate>
      <ItemCode>7290017065441</ItemCode>
      <ItemType>1</ItemType>
      <ItemName>פרוסות גאודה עיזים הולנדית 200 גר` גד</ItemName>
      <ManufactureName>מחלבות גד שיווק 1992 בעמ</ManufactureName>
      <ManufactureCountry />
      <ManufactureItemDescription />
      <UnitQty>יח`</UnitQty>
      <Quantity>200</Quantity>
      <UnitMeasure>גרם</UnitMeasure>
      <BisWeighted>0</BisWeighted>
      <QtyInPackage>1</QtyInPackage>
      <ItemPrice>34.90</ItemPrice>
      <UnitOfMeasurePrice>17.45</UnitOfMeasurePrice>
      <AllowDiscount>0</AllowDiscount>
      <itemStatus>1</itemStatus>
      <LastUpdateDate />
      <LastUpdateTime />
    </Product>
    <Product>
      <PriceUpdateDate>2020/05/01 12:30</PriceUpdateDate>
      <ItemCode>7290017065618</ItemCode>
      <ItemType>1</ItemType>
      <ItemName>פקורינו פרוס 150  גר`גד</ItemName>
      <ManufactureName>מחלבות גד שיווק 1992 בעמ</ManufactureName>
      <ManufactureCountry />
      <ManufactureItemDescription />
      <UnitQty>יח`</UnitQty>
      <Quantity>150</Quantity>
      <UnitMeasure>גרם</UnitMeasure>
      <BisWeighted>0</BisWeighted>
      <QtyInPackage>1</QtyInPackage>
      <ItemPrice>20.90</ItemPrice>
      <UnitOfMeasurePrice>13.93</UnitOfMeasurePrice>
      <AllowDiscount>0</AllowDiscount>
      <itemStatus>1</itemStatus>
      <LastUpdateDate />
      <LastUpdateTime />
    </Product>
    <Product>
      <PriceUpdateDate>2020/05/01 12:30</PriceUpdateDate>
      <ItemCode>7290017065632</ItemCode>
      <ItemType>1</ItemType>
      <ItemName>גאודה עיזים 200  גר`גד</ItemName>
      <ManufactureName>מחלבות גד שיווק 1992 בעמ</ManufactureName>
      <ManufactureCountry />
      <ManufactureItemDescription />
      <UnitQty>יח`</UnitQty>
      <Quantity>200</Quantity>
      <UnitMeasure>גרם</UnitMeasure>
      <BisWeighted>0</BisWeighted>
      <QtyInPackage>1</QtyInPackage>
      <ItemPrice>31.90</ItemPrice>
      <UnitOfMeasurePrice>15.95</UnitOfMeasurePrice>
      <AllowDiscount>0</AllowDiscount>
      <itemStatus>1</itemStatus>
      <LastUpdateDate />
      <LastUpdateTime />
    </Product>
    <Product>
      <PriceUpdateDate>2020/05/01 12:30</PriceUpdateDate>
      <ItemCode>7290017065649</ItemCode>
      <ItemType>1</ItemType>
      <ItemName>קרם פטיסייר 250  גר`גד</ItemName>
      <ManufactureName>מחלבות גד שיווק 1992 בעמ</ManufactureName>
      <ManufactureCountry />
      <ManufactureItemDescription />
      <UnitQty>יח`</UnitQty>
      <Quantity>250</Quantity>
      <UnitMeasure>מ"ל</UnitMeasure>
      <BisWeighted>0</BisWeighted>
      <QtyInPackage>1</QtyInPackage>
      <ItemPrice>19.90</ItemPrice>
      <UnitOfMeasurePrice>7.96</UnitOfMeasurePrice>
      <AllowDiscount>0</AllowDiscount>
      <itemStatus>1</itemStatus>
      <LastUpdateDate />
      <LastUpdateTime />
    </Product>
    <Product>
      <PriceUpdateDate>2018/02/16 09:37</PriceUpdateDate>
      <ItemCode>7290017068121</ItemCode>
      <ItemType>1</ItemType>
      <ItemName>שקדים מולבנים פר</ItemName>
      <ManufactureName>מיה תעשיות מזון מ.ת.מ. בעמ</ManufactureName>
      <ManufactureCountry />
      <ManufactureItemDescription />
      <UnitQty>יח`</UnitQty>
      <Quantity>250</Quantity>
      <UnitMeasure>גרם</UnitMeasure>
      <BisWeighted>0</BisWeighted>
      <QtyInPackage>1</QtyInPackage>
      <ItemPrice>24.90</ItemPrice>
      <UnitOfMeasurePrice>9.96</UnitOfMeasurePrice>
      <AllowDiscount>0</AllowDiscount>
      <itemStatus>1</itemStatus>
      <LastUpdateDate />
      <LastUpdateTime />
    </Product>
    <Product>
      <PriceUpdateDate>2018/05/07 13:25</PriceUpdateDate>
      <ItemCode>7290017088051</ItemCode>
      <ItemType>1</ItemType>
      <ItemName>חיתולים בייביסיטר מידה 3 (52 יח)</ItemName>
      <ManufactureName>שקד תבל בעמ</ManufactureName>
      <ManufactureCountry />
      <ManufactureItemDescription />
      <UnitQty>יח`</UnitQty>
      <Quantity>1</Quantity>
      <UnitMeasure />
      <BisWeighted>0</BisWeighted>
      <QtyInPackage>1</QtyInPackage>
      <ItemPrice>34.90</ItemPrice>
      <UnitOfMeasurePrice>34.90</UnitOfMeasurePrice>
      <AllowDiscount>1</AllowDiscount>
      <itemStatus>1</itemStatus>
      <LastUpdateDate />
      <LastUpdateTime />
    </Product>
    <Product>
      <PriceUpdateDate>2018/05/07 13:25</PriceUpdateDate>
      <ItemCode>7290017088075</ItemCode>
      <ItemType>1</ItemType>
      <ItemName>חיתולים בייביסיטר מידה 4+(40 יח)</ItemName>
      <ManufactureName>שקד תבל בעמ</ManufactureName>
      <ManufactureCountry />
      <ManufactureItemDescription />
      <UnitQty>יח`</UnitQty>
      <Quantity>1</Quantity>
      <UnitMeasure />
      <BisWeighted>0</BisWeighted>
      <QtyInPackage>1</QtyInPackage>
      <ItemPrice>34.90</ItemPrice>
      <UnitOfMeasurePrice>34.90</UnitOfMeasurePrice>
      <AllowDiscount>1</AllowDiscount>
      <itemStatus>1</itemStatus>
      <LastUpdateDate />
      <LastUpdateTime />
    </Product>
    <Product>
      <PriceUpdateDate>2018/05/07 13:25</PriceUpdateDate>
      <ItemCode>7290017088082</ItemCode>
      <ItemType>1</ItemType>
      <ItemName>חיתולים בייביסיטר מידה 5 (36 יח)</ItemName>
      <ManufactureName>שקד תבל בעמ</ManufactureName>
      <ManufactureCountry />
      <ManufactureItemDescription />
      <UnitQty>יח`</UnitQty>
      <Quantity>1</Quantity>
      <UnitMeasure />
      <BisWeighted>0</BisWeighted>
      <QtyInPackage>1</QtyInPackage>
      <ItemPrice>34.90</ItemPrice>
      <UnitOfMeasurePrice>34.90</UnitOfMeasurePrice>
      <AllowDiscount>1</AllowDiscount>
      <itemStatus>1</itemStatus>
      <LastUpdateDate />
      <LastUpdateTime />
    </Product>
    <Product>
      <PriceUpdateDate>2018/05/07 13:25</PriceUpdateDate>
      <ItemCode>7290017088099</ItemCode>
      <ItemType>1</ItemType>
      <ItemName>חיתולים בייביסיטר מידה 6(34 יח)</ItemName>
      <ManufactureName>שקד תבל בעמ</ManufactureName>
      <ManufactureCountry />
      <ManufactureItemDescription />
      <UnitQty>יח`</UnitQty>
      <Quantity>1</Quantity>
      <UnitMeasure />
      <BisWeighted>0</BisWeighted>
      <QtyInPackage>1</QtyInPackage>
      <ItemPrice>34.90</ItemPrice>
      <UnitOfMeasurePrice>34.90</UnitOfMeasurePrice>
      <AllowDiscount>1</AllowDiscount>
      <itemStatus>1</itemStatus>
      <LastUpdateDate />
      <LastUpdateTime />
    </Product>
    <Product>
      <PriceUpdateDate>2018/02/06 15:20</PriceUpdateDate>
      <ItemCode>7290017105062</ItemCode>
      <ItemType>1</ItemType>
      <ItemName>חומוס שלם oz6 הקטניה הטובה יכין 105 גר`</ItemName>
      <ManufactureName>זנלכל בעמ</ManufactureName>
      <ManufactureCountry />
      <ManufactureItemDescription />
      <UnitQty>יח`</UnitQty>
      <Quantity>200</Quantity>
      <UnitMeasure>גרם</UnitMeasure>
      <BisWeighted>0</BisWeighted>
      <QtyInPackage>1</QtyInPackage>
      <ItemPrice>3.90</ItemPrice>
      <UnitOfMeasurePrice>1.95</UnitOfMeasurePrice>
      <AllowDiscount>1</AllowDiscount>
      <itemStatus>1</itemStatus>
      <LastUpdateDate />
      <LastUpdateTime />
    </Product>
    <Product>
      <PriceUpdateDate>2017/11/17 09:44</PriceUpdateDate>
      <ItemCode>7290017105093</ItemCode>
      <ItemType>1</ItemType>
      <ItemName>שעועית שחורה במים OZ6 הקטמיה הטובה 105 ג</ItemName>
      <ManufactureName>זנלכל בעמ</ManufactureName>
      <ManufactureCountry />
      <ManufactureItemDescription />
      <UnitQty>יח`</UnitQty>
      <Quantity>200</Quantity>
      <UnitMeasure>גרם</UnitMeasure>
      <BisWeighted>0</BisWeighted>
      <QtyInPackage>1</QtyInPackage>
      <ItemPrice>3.50</ItemPrice>
      <UnitOfMeasurePrice>1.75</UnitOfMeasurePrice>
      <AllowDiscount>1</AllowDiscount>
      <itemStatus>1</itemStatus>
      <LastUpdateDate />
      <LastUpdateTime />
    </Product>
    <Product>
      <PriceUpdateDate>2018/02/06 15:20</PriceUpdateDate>
      <ItemCode>7290017105116</ItemCode>
      <ItemType>1</ItemType>
      <ItemName>תורמוס OZ6 הקטניה הטובה 105 גר`</ItemName>
      <ManufactureName>זנלכל בעמ</ManufactureName>
      <ManufactureCountry />
      <ManufactureItemDescription />
      <UnitQty>יח`</UnitQty>
      <Quantity>200</Quantity>
      <UnitMeasure>גרם</UnitMeasure>
      <BisWeighted>0</BisWeighted>
      <QtyInPackage>1</QtyInPackage>
      <ItemPrice>3.90</ItemPrice>
      <UnitOfMeasurePrice>1.95</UnitOfMeasurePrice>
      <AllowDiscount>1</AllowDiscount>
      <itemStatus>1</itemStatus>
      <LastUpdateDate />
      <LastUpdateTime />
    </Product>
    <Product>
      <PriceUpdateDate>2019/07/31 08:31</PriceUpdateDate>
      <ItemCode>7290017105383</ItemCode>
      <ItemType>1</ItemType>
      <ItemName>מארז גרעיני תירס קידס מתוק יכין</ItemName>
      <ManufactureName>זנלכל בעמ</ManufactureName>
      <ManufactureCountry />
      <ManufactureItemDescription />
      <UnitQty>יח`</UnitQty>
      <Quantity>200</Quantity>
      <UnitMeasure>גרם</UnitMeasure>
      <BisWeighted>0</BisWeighted>
      <QtyInPackage>1</QtyInPackage>
      <ItemPrice>9.90</ItemPrice>
      <UnitOfMeasurePrice>4.95</UnitOfMeasurePrice>
      <AllowDiscount>0</AllowDiscount>
      <itemStatus>1</itemStatus>
      <LastUpdateDate />
      <LastUpdateTime />
    </Product>
    <Product>
      <PriceUpdateDate>2019/04/04 16:14</PriceUpdateDate>
      <ItemCode>7290017105406</ItemCode>
      <ItemType>1</ItemType>
      <ItemName>שלישיית עגבניות מקולפות חתוכות דק 400 גר</ItemName>
      <ManufactureName>זנלכל בעמ</ManufactureName>
      <ManufactureCountry />
      <ManufactureItemDescription />
      <UnitQty>יח`</UnitQty>
      <Quantity>400</Quantity>
      <UnitMeasure>גרם</UnitMeasure>
      <BisWeighted>0</BisWeighted>
      <QtyInPackage>1</QtyInPackage>
      <ItemPrice>9.90</ItemPrice>
      <UnitOfMeasurePrice>2.48</UnitOfMeasurePrice>
      <AllowDiscount>0</AllowDiscount>
      <itemStatus>1</itemStatus>
      <LastUpdateDate />
      <LastUpdateTime />
    </Product>
    <Product>
      <PriceUpdateDate>2019/12/15 14:11</PriceUpdateDate>
      <ItemCode>7290017105468</ItemCode>
      <ItemType>1</ItemType>
      <ItemName>אפונה גינה עדינה יכין (200x3 גרם)</ItemName>
      <ManufactureName>זנלכל בעמ</ManufactureName>
      <ManufactureCountry />
      <ManufactureItemDescription />
      <UnitQty>יח`</UnitQty>
      <Quantity>550</Quantity>
      <UnitMeasure>גרם</UnitMeasure>
      <BisWeighted>0</BisWeighted>
      <QtyInPackage>1</QtyInPackage>
      <ItemPrice>9.90</ItemPrice>
      <UnitOfMeasurePrice>1.80</UnitOfMeasurePrice>
      <AllowDiscount>0</AllowDiscount>
      <itemStatus>1</itemStatus>
      <LastUpdateDate />
      <LastUpdateTime />
    </Product>
    <Product>
      <PriceUpdateDate>2019/11/13 16:16</PriceUpdateDate>
      <ItemCode>7290017105765</ItemCode>
      <ItemType>1</ItemType>
      <ItemName>מארז זוג חומוס ( 550 גר`) יכין A2</ItemName>
      <ManufactureName>זנלכל בעמ</ManufactureName>
      <ManufactureCountry />
      <ManufactureItemDescription />
      <UnitQty>יח`</UnitQty>
      <Quantity>1000</Quantity>
      <UnitMeasure>גרם</UnitMeasure>
      <BisWeighted>0</BisWeighted>
      <QtyInPackage>1</QtyInPackage>
      <ItemPrice>9.90</ItemPrice>
      <UnitOfMeasurePrice>0.99</UnitOfMeasurePrice>
      <AllowDiscount>0</AllowDiscount>
      <itemStatus>1</itemStatus>
      <LastUpdateDate />
      <LastUpdateTime />
    </Product>
    <Product>
      <PriceUpdateDate>2019/11/13 16:16</PriceUpdateDate>
      <ItemCode>7290017105789</ItemCode>
      <ItemType>1</ItemType>
      <ItemName>מארז זוג תירס ( 550 גר`) יכין A2</ItemName>
      <ManufactureName>זנלכל בעמ</ManufactureName>
      <ManufactureCountry />
      <ManufactureItemDescription />
      <UnitQty>יח`</UnitQty>
      <Quantity>1000</Quantity>
      <UnitMeasure>גרם</UnitMeasure>
      <BisWeighted>0</BisWeighted>
      <QtyInPackage>1</QtyInPackage>
      <ItemPrice>9.90</ItemPrice>
      <UnitOfMeasurePrice>0.99</UnitOfMeasurePrice>
      <AllowDiscount>0</AllowDiscount>
      <itemStatus>1</itemStatus>
      <LastUpdateDate />
      <LastUpdateTime />
    </Product>
    <Product>
      <PriceUpdateDate>2018/10/10 09:39</PriceUpdateDate>
      <ItemCode>7290017129549</ItemCode>
      <ItemType>1</ItemType>
      <ItemName>סוכריות על מקל לקקן גלידה 90  גר`כרמית</ItemName>
      <ManufactureName>כרמית תעשיות ממתקים בעמ</ManufactureName>
      <ManufactureCountry />
      <ManufactureItemDescription />
      <UnitQty>יח`</UnitQty>
      <Quantity>1</Quantity>
      <UnitMeasure />
      <BisWeighted>0</BisWeighted>
      <QtyInPackage>1</QtyInPackage>
      <ItemPrice>7.90</ItemPrice>
      <UnitOfMeasurePrice>7.90</UnitOfMeasurePrice>
      <AllowDiscount>0</AllowDiscount>
      <itemStatus>1</itemStatus>
      <LastUpdateDate />
      <LastUpdateTime />
    </Product>
    <Product>
      <PriceUpdateDate>2018/07/18 06:32</PriceUpdateDate>
      <ItemCode>7290017129846</ItemCode>
      <ItemType>1</ItemType>
      <ItemName>מיני קוקיס עוגיות בטעם כרמל 600 גר` כרמי</ItemName>
      <ManufactureName>כרמית תעשיות ממתקים בעמ</ManufactureName>
      <ManufactureCountry />
      <ManufactureItemDescription />
      <UnitQty>יח`</UnitQty>
      <Quantity>600</Quantity>
      <UnitMeasure>גרם</UnitMeasure>
      <BisWeighted>0</BisWeighted>
      <QtyInPackage>1</QtyInPackage>
      <ItemPrice>17.90</ItemPrice>
      <UnitOfMeasurePrice>2.98</UnitOfMeasurePrice>
      <AllowDiscount>1</AllowDiscount>
      <itemStatus>1</itemStatus>
      <LastUpdateDate />
      <LastUpdateTime />
    </Product>
    <Product>
      <PriceUpdateDate>2018/07/18 06:32</PriceUpdateDate>
      <ItemCode>7290017129853</ItemCode>
      <ItemType>1</ItemType>
      <ItemName>עוגיות מיני קוקיס לקפה כרמית (600 גר`)</ItemName>
      <ManufactureName>כרמית תעשיות ממתקים בעמ</ManufactureName>
      <ManufactureCountry />
      <ManufactureItemDescription />
      <UnitQty>יח`</UnitQty>
      <Quantity>600</Quantity>
      <UnitMeasure>גרם</UnitMeasure>
      <BisWeighted>0</BisWeighted>
      <QtyInPackage>1</QtyInPackage>
      <ItemPrice>17.90</ItemPrice>
      <UnitOfMeasurePrice>2.98</UnitOfMeasurePrice>
      <AllowDiscount>1</AllowDiscount>
      <itemStatus>1</itemStatus>
      <LastUpdateDate />
      <LastUpdateTime />
    </Product>
    <Product>
      <PriceUpdateDate>2017/07/19 13:48</PriceUpdateDate>
      <ItemCode>7290017142005</ItemCode>
      <ItemType>1</ItemType>
      <ItemName>שמן קוקוס אורגני כתית 320 מל עץ הזית</ItemName>
      <ManufactureName>שמן תעשיות בעמ</ManufactureName>
      <ManufactureCountry />
      <ManufactureItemDescription />
      <UnitQty>יח`</UnitQty>
      <Quantity>320</Quantity>
      <UnitMeasure>מ"ל</UnitMeasure>
      <BisWeighted>0</BisWeighted>
      <QtyInPackage>1</QtyInPackage>
      <ItemPrice>29.90</ItemPrice>
      <UnitOfMeasurePrice>9.34</UnitOfMeasurePrice>
      <AllowDiscount>0</AllowDiscount>
      <itemStatus>1</itemStatus>
      <LastUpdateDate />
      <LastUpdateTime />
    </Product>
    <Product>
      <PriceUpdateDate>2017/07/19 13:48</PriceUpdateDate>
      <ItemCode>7290017142012</ItemCode>
      <ItemType>1</ItemType>
      <ItemName>שמן קוקוס אורגני כתית 500 מל עץ הזית</ItemName>
      <ManufactureName>שמן תעשיות בעמ</ManufactureName>
      <ManufactureCountry />
      <ManufactureItemDescription />
      <UnitQty>יח`</UnitQty>
      <Quantity>500</Quantity>
      <UnitMeasure>מ"ל</UnitMeasure>
      <BisWeighted>0</BisWeighted>
      <QtyInPackage>1</QtyInPackage>
      <ItemPrice>39.90</ItemPrice>
      <UnitOfMeasurePrice>7.98</UnitOfMeasurePrice>
      <AllowDiscount>1</AllowDiscount>
      <itemStatus>1</itemStatus>
      <LastUpdateDate />
      <LastUpdateTime />
    </Product>
    <Product>
      <PriceUpdateDate>2018/01/11 06:55</PriceUpdateDate>
      <ItemCode>7290017142128</ItemCode>
      <ItemType>1</ItemType>
      <ItemName>שמן זית כתית מעולה 750 מל קלאסי עץ הזית</ItemName>
      <ManufactureName>שמן תעשיות בעמ</ManufactureName>
      <ManufactureCountry />
      <ManufactureItemDescription />
      <UnitQty>יח`</UnitQty>
      <Quantity>750</Quantity>
      <UnitMeasure>מ"ל</UnitMeasure>
      <BisWeighted>0</BisWeighted>
      <QtyInPackage>1</QtyInPackage>
      <ItemPrice>34.90</ItemPrice>
      <UnitOfMeasurePrice>4.65</UnitOfMeasurePrice>
      <AllowDiscount>1</AllowDiscount>
      <itemStatus>1</itemStatus>
      <LastUpdateDate />
      <LastUpdateTime />
    </Product>
    <Product>
      <PriceUpdateDate>2018/05/15 06:39</PriceUpdateDate>
      <ItemCode>7290017142159</ItemCode>
      <ItemType>1</ItemType>
      <ItemName>נתחי טונה בהירה בשמן זית 80 גר` שלישייה</ItemName>
      <ManufactureName>שמן תעשיות בעמ</ManufactureName>
      <ManufactureCountry />
      <ManufactureItemDescription />
      <UnitQty>יח`</UnitQty>
      <Quantity>240</Quantity>
      <UnitMeasure>גרם</UnitMeasure>
      <BisWeighted>0</BisWeighted>
      <QtyInPackage>1</QtyInPackage>
      <ItemPrice>23.90</ItemPrice>
      <UnitOfMeasurePrice>9.96</UnitOfMeasurePrice>
      <AllowDiscount>1</AllowDiscount>
      <itemStatus>1</itemStatus>
      <LastUpdateDate />
      <LastUpdateTime />
    </Product>
    <Product>
      <PriceUpdateDate>2019/07/10 08:26</PriceUpdateDate>
      <ItemCode>7290017142166</ItemCode>
      <ItemType>1</ItemType>
      <ItemName>פילה טונה פרוס עם שמן זית 120  גר`עץ הזי</ItemName>
      <ManufactureName>שמן תעשיות בעמ</ManufactureName>
      <ManufactureCountry />
      <ManufactureItemDescription />
      <UnitQty>יח`</UnitQty>
      <Quantity>120</Quantity>
      <UnitMeasure>גרם</UnitMeasure>
      <BisWeighted>0</BisWeighted>
      <QtyInPackage>1</QtyInPackage>
      <ItemPrice>14.90</ItemPrice>
      <UnitOfMeasurePrice>12.42</UnitOfMeasurePrice>
      <AllowDiscount>0</AllowDiscount>
      <itemStatus>1</itemStatus>
      <LastUpdateDate />
      <LastUpdateTime />
    </Product>
    <Product>
      <PriceUpdateDate>2019/07/10 08:26</PriceUpdateDate>
      <ItemCode>7290017142180</ItemCode>
      <ItemType>1</ItemType>
      <ItemName>פילה טונה פרוס עם שמן זית טעם לימון עם פ</ItemName>
      <ManufactureName>שמן תעשיות בעמ</ManufactureName>
      <ManufactureCountry />
      <ManufactureItemDescription />
      <UnitQty>יח`</UnitQty>
      <Quantity>120</Quantity>
      <UnitMeasure>גרם</UnitMeasure>
      <BisWeighted>0</BisWeighted>
      <QtyInPackage>1</QtyInPackage>
      <ItemPrice>14.90</ItemPrice>
      <UnitOfMeasurePrice>12.42</UnitOfMeasurePrice>
      <AllowDiscount>0</AllowDiscount>
      <itemStatus>1</itemStatus>
      <LastUpdateDate />
      <LastUpdateTime />
    </Product>
    <Product>
      <PriceUpdateDate>2019/07/10 08:26</PriceUpdateDate>
      <ItemCode>7290017142203</ItemCode>
      <ItemType>1</ItemType>
      <ItemName>פילה טונה פרוס עם שמן זית בטעם מעושן 120</ItemName>
      <ManufactureName>שמן תעשיות בעמ</ManufactureName>
      <ManufactureCountry />
      <ManufactureItemDescription />
      <UnitQty>יח`</UnitQty>
      <Quantity>120</Quantity>
      <UnitMeasure>גרם</UnitMeasure>
      <BisWeighted>0</BisWeighted>
      <QtyInPackage>1</QtyInPackage>
      <ItemPrice>14.90</ItemPrice>
      <UnitOfMeasurePrice>12.42</UnitOfMeasurePrice>
      <AllowDiscount>0</AllowDiscount>
      <itemStatus>1</itemStatus>
      <LastUpdateDate />
      <LastUpdateTime />
    </Product>
    <Product>
      <PriceUpdateDate>2019/07/26 09:58</PriceUpdateDate>
      <ItemCode>7290017142319</ItemCode>
      <ItemType>1</ItemType>
      <ItemName>שמן קוקוס אורגני 100 מל עץ הזית</ItemName>
      <ManufactureName>שמן תעשיות בעמ</ManufactureName>
      <ManufactureCountry />
      <ManufactureItemDescription />
      <UnitQty>יח`</UnitQty>
      <Quantity>100</Quantity>
      <UnitMeasure>מ"ל</UnitMeasure>
      <BisWeighted>0</BisWeighted>
      <QtyInPackage>1</QtyInPackage>
      <ItemPrice>10</ItemPrice>
      <UnitOfMeasurePrice>10</UnitOfMeasurePrice>
      <AllowDiscount>0</AllowDiscount>
      <itemStatus>1</itemStatus>
      <LastUpdateDate />
      <LastUpdateTime />
    </Product>
    <Product>
      <PriceUpdateDate>2020/01/17 10:15</PriceUpdateDate>
      <ItemCode>7290017142326</ItemCode>
      <ItemType>1</ItemType>
      <ItemName>שמן זרעי ענבים מזוכך 500 מל עץ הזית</ItemName>
      <ManufactureName>שמן תעשיות בעמ</ManufactureName>
      <ManufactureCountry />
      <ManufactureItemDescription />
      <UnitQty>יח`</UnitQty>
      <Quantity>1</Quantity>
      <UnitMeasure />
      <BisWeighted>0</BisWeighted>
      <QtyInPackage>1</QtyInPackage>
      <ItemPrice>19.90</ItemPrice>
      <UnitOfMeasurePrice>19.90</UnitOfMeasurePrice>
      <AllowDiscount>0</AllowDiscount>
      <itemStatus>1</itemStatus>
      <LastUpdateDate />
      <LastUpdateTime />
    </Product>
    <Product>
      <PriceUpdateDate>2020/01/17 10:15</PriceUpdateDate>
      <ItemCode>7290017142364</ItemCode>
      <ItemType>1</ItemType>
      <ItemName>שמן דלעת לא מזוכך 250 מל עץ הזית</ItemName>
      <ManufactureName>שמן תעשיות בעמ</ManufactureName>
      <ManufactureCountry />
      <ManufactureItemDescription />
      <UnitQty>יח`</UnitQty>
      <Quantity>1</Quantity>
      <UnitMeasure />
      <BisWeighted>0</BisWeighted>
      <QtyInPackage>1</QtyInPackage>
      <ItemPrice>39.90</ItemPrice>
      <UnitOfMeasurePrice>39.90</UnitOfMeasurePrice>
      <AllowDiscount>0</AllowDiscount>
      <itemStatus>1</itemStatus>
      <LastUpdateDate />
      <LastUpdateTime />
    </Product>
    <Product>
      <PriceUpdateDate>2020/01/17 10:15</PriceUpdateDate>
      <ItemCode>7290017142418</ItemCode>
      <ItemType>1</ItemType>
      <ItemName>אורז ועדשים עם טונה 160  גר`עץ הזית</ItemName>
      <ManufactureName>שמן תעשיות בעמ</ManufactureName>
      <ManufactureCountry />
      <ManufactureItemDescription />
      <UnitQty>יח`</UnitQty>
      <Quantity>160</Quantity>
      <UnitMeasure>גרם</UnitMeasure>
      <BisWeighted>0</BisWeighted>
      <QtyInPackage>1</QtyInPackage>
      <ItemPrice>13.90</ItemPrice>
      <UnitOfMeasurePrice>8.69</UnitOfMeasurePrice>
      <AllowDiscount>0</AllowDiscount>
      <itemStatus>1</itemStatus>
      <LastUpdateDate />
      <LastUpdateTime />
    </Product>
    <Product>
      <PriceUpdateDate>2020/01/17 10:15</PriceUpdateDate>
      <ItemCode>7290017142456</ItemCode>
      <ItemType>1</ItemType>
      <ItemName>נתחי טונה בשמן זית 160*2 גר עץ הזית</ItemName>
      <ManufactureName>שמן תעשיות בעמ</ManufactureName>
      <ManufactureCountry />
      <ManufactureItemDescription />
      <UnitQty>יח`</UnitQty>
      <Quantity>320</Quantity>
      <UnitMeasure>גרם</UnitMeasure>
      <BisWeighted>0</BisWeighted>
      <QtyInPackage>1</QtyInPackage>
      <ItemPrice>27.90</ItemPrice>
      <UnitOfMeasurePrice>8.72</UnitOfMeasurePrice>
      <AllowDiscount>0</AllowDiscount>
      <itemStatus>1</itemStatus>
      <LastUpdateDate />
      <LastUpdateTime />
    </Product>
    <Product>
      <PriceUpdateDate>2017/09/04 12:41</PriceUpdateDate>
      <ItemCode>7290017197012</ItemCode>
      <ItemType>1</ItemType>
      <ItemName>אל סבון תות ורוד 1 ליטר LA BELLE</ItemName>
      <ManufactureName>פארמה דיל (פ.א.ב.) שיווק והפצה</ManufactureName>
      <ManufactureCountry />
      <ManufactureItemDescription />
      <UnitQty>יח`</UnitQty>
      <Quantity>1</Quantity>
      <UnitMeasure>1 ליטר</UnitMeasure>
      <BisWeighted>0</BisWeighted>
      <QtyInPackage>1</QtyInPackage>
      <ItemPrice>8.90</ItemPrice>
      <UnitOfMeasurePrice>8.90</UnitOfMeasurePrice>
      <AllowDiscount>0</AllowDiscount>
      <itemStatus>1</itemStatus>
      <LastUpdateDate />
      <LastUpdateTime />
    </Product>
    <Product>
      <PriceUpdateDate>2017/09/04 12:41</PriceUpdateDate>
      <ItemCode>7290017197029</ItemCode>
      <ItemType>1</ItemType>
      <ItemName>אל סבון מאסק 1 ליטר LA BELLE</ItemName>
      <ManufactureName>פארמה דיל (פ.א.ב.) שיווק והפצה</ManufactureName>
      <ManufactureCountry />
      <ManufactureItemDescription />
      <UnitQty>יח`</UnitQty>
      <Quantity>1</Quantity>
      <UnitMeasure>1 ליטר</UnitMeasure>
      <BisWeighted>0</BisWeighted>
      <QtyInPackage>1</QtyInPackage>
      <ItemPrice>8.90</ItemPrice>
      <UnitOfMeasurePrice>8.90</UnitOfMeasurePrice>
      <AllowDiscount>0</AllowDiscount>
      <itemStatus>1</itemStatus>
      <LastUpdateDate />
      <LastUpdateTime />
    </Product>
    <Product>
      <PriceUpdateDate>2017/09/04 12:41</PriceUpdateDate>
      <ItemCode>7290017197043</ItemCode>
      <ItemType>1</ItemType>
      <ItemName>אל סבון קלאסיק מרענן 1 ליטר LA BELLE</ItemName>
      <ManufactureName>פארמה דיל (פ.א.ב.) שיווק והפצה</ManufactureName>
      <ManufactureCountry />
      <ManufactureItemDescription />
      <UnitQty>יח`</UnitQty>
      <Quantity>1</Quantity>
      <UnitMeasure>1 ליטר</UnitMeasure>
      <BisWeighted>0</BisWeighted>
      <QtyInPackage>1</QtyInPackage>
      <ItemPrice>8.90</ItemPrice>
      <UnitOfMeasurePrice>8.90</UnitOfMeasurePrice>
      <AllowDiscount>0</AllowDiscount>
      <itemStatus>1</itemStatus>
      <LastUpdateDate />
      <LastUpdateTime />
    </Product>
    <Product>
      <PriceUpdateDate>2018/02/15 07:15</PriceUpdateDate>
      <ItemCode>7290017197272</ItemCode>
      <ItemType>1</ItemType>
      <ItemName>מטליות לחות לרצפה 10  יח`המותג</ItemName>
      <ManufactureName>דין שיווק - עטרת</ManufactureName>
      <ManufactureCountry />
      <ManufactureItemDescription />
      <UnitQty>יח`</UnitQty>
      <Quantity>1</Quantity>
      <UnitMeasure />
      <BisWeighted>0</BisWeighted>
      <QtyInPackage>1</QtyInPackage>
      <ItemPrice>9.90</ItemPrice>
      <UnitOfMeasurePrice>9.90</UnitOfMeasurePrice>
      <AllowDiscount>0</AllowDiscount>
      <itemStatus>1</itemStatus>
      <LastUpdateDate />
      <LastUpdateTime />
    </Product>
    <Product>
      <PriceUpdateDate>2017/11/30 08:51</PriceUpdateDate>
      <ItemCode>7290017197364</ItemCode>
      <ItemType>1</ItemType>
      <ItemName>אל סבון לבנדר סגול 1 ליטר LA BELLE</ItemName>
      <ManufactureName>פארמה דיל (פ.א.ב.) שיווק והפצה</ManufactureName>
      <ManufactureCountry />
      <ManufactureItemDescription />
      <UnitQty>יח`</UnitQty>
      <Quantity>1</Quantity>
      <UnitMeasure>1 ליטר</UnitMeasure>
      <BisWeighted>0</BisWeighted>
      <QtyInPackage>1</QtyInPackage>
      <ItemPrice>8.90</ItemPrice>
      <UnitOfMeasurePrice>8.90</UnitOfMeasurePrice>
      <AllowDiscount>0</AllowDiscount>
      <itemStatus>1</itemStatus>
      <LastUpdateDate />
      <LastUpdateTime />
    </Product>
    <Product>
      <PriceUpdateDate>2019/11/04 11:39</PriceUpdateDate>
      <ItemCode>7290017217710</ItemCode>
      <ItemType>1</ItemType>
      <ItemName>שיפודי במבוק 15  סמ( 100  יח)אינטרסן</ItemName>
      <ManufactureName>אינטרסן 1996 בעמ</ManufactureName>
      <ManufactureCountry />
      <ManufactureItemDescription />
      <UnitQty>יח`</UnitQty>
      <Quantity>1</Quantity>
      <UnitMeasure />
      <BisWeighted>0</BisWeighted>
      <QtyInPackage>1</QtyInPackage>
      <ItemPrice>8.90</ItemPrice>
      <UnitOfMeasurePrice>8.90</UnitOfMeasurePrice>
      <AllowDiscount>0</AllowDiscount>
      <itemStatus>1</itemStatus>
      <LastUpdateDate />
      <LastUpdateTime />
    </Product>
    <Product>
      <PriceUpdateDate>2017/11/05 11:05</PriceUpdateDate>
      <ItemCode>7290017239101</ItemCode>
      <ItemType>1</ItemType>
      <ItemName>פילה סלמון נורווגי עישון קר עדין פרוס בא</ItemName>
      <ManufactureName>פוד קולקשן בעמ</ManufactureName>
      <ManufactureCountry />
      <ManufactureItemDescription />
      <UnitQty>יח`</UnitQty>
      <Quantity>1000</Quantity>
      <UnitMeasure>גרם</UnitMeasure>
      <BisWeighted>0</BisWeighted>
      <QtyInPackage>1</QtyInPackage>
      <ItemPrice>19.90</ItemPrice>
      <UnitOfMeasurePrice>1.99</UnitOfMeasurePrice>
      <AllowDiscount>0</AllowDiscount>
      <itemStatus>1</itemStatus>
      <LastUpdateDate />
      <LastUpdateTime />
    </Product>
    <Product>
      <PriceUpdateDate>2019/08/22 12:39</PriceUpdateDate>
      <ItemCode>7290017252636</ItemCode>
      <ItemType>1</ItemType>
      <ItemName>עוגת דבש בחושה 270  גר`עוג`לה</ItemName>
      <ManufactureName>בני פאוזי שמשום (2009) בעמ</ManufactureName>
      <ManufactureCountry />
      <ManufactureItemDescription />
      <UnitQty>יח`</UnitQty>
      <Quantity>270</Quantity>
      <UnitMeasure>גרם</UnitMeasure>
      <BisWeighted>0</BisWeighted>
      <QtyInPackage>1</QtyInPackage>
      <ItemPrice>3.90</ItemPrice>
      <UnitOfMeasurePrice>1.44</UnitOfMeasurePrice>
      <AllowDiscount>0</AllowDiscount>
      <itemStatus>1</itemStatus>
      <LastUpdateDate />
      <LastUpdateTime />
    </Product>
    <Product>
      <PriceUpdateDate>2019/05/15 11:46</PriceUpdateDate>
      <ItemCode>7290017252834</ItemCode>
      <ItemType>1</ItemType>
      <ItemName>עוגת שמרים שוקולד 240 גר` עוג`לה</ItemName>
      <ManufactureName>בני פאוזי שמשום (2009) בעמ</ManufactureName>
      <ManufactureCountry />
      <ManufactureItemDescription />
      <UnitQty>יח`</UnitQty>
      <Quantity>240</Quantity>
      <UnitMeasure>גרם</UnitMeasure>
      <BisWeighted>0</BisWeighted>
      <QtyInPackage>1</QtyInPackage>
      <ItemPrice>6.90</ItemPrice>
      <UnitOfMeasurePrice>2.88</UnitOfMeasurePrice>
      <AllowDiscount>1</AllowDiscount>
      <itemStatus>1</itemStatus>
      <LastUpdateDate />
      <LastUpdateTime />
    </Product>
    <Product>
      <PriceUpdateDate>2020/02/05 18:24</PriceUpdateDate>
      <ItemCode>7290017252902</ItemCode>
      <ItemType>1</ItemType>
      <ItemName>רוגלך בטעם שוקולד 400 גר` עוגל`ה</ItemName>
      <ManufactureName>בני פאוזי שמשום (2009) בעמ</ManufactureName>
      <ManufactureCountry />
      <ManufactureItemDescription />
      <UnitQty>יח`</UnitQty>
      <Quantity>400</Quantity>
      <UnitMeasure>גרם</UnitMeasure>
      <BisWeighted>0</BisWeighted>
      <QtyInPackage>1</QtyInPackage>
      <ItemPrice>7.90</ItemPrice>
      <UnitOfMeasurePrice>1.98</UnitOfMeasurePrice>
      <AllowDiscount>1</AllowDiscount>
      <itemStatus>1</itemStatus>
      <LastUpdateDate />
      <LastUpdateTime />
    </Product>
    <Product>
      <PriceUpdateDate>2019/03/05 07:21</PriceUpdateDate>
      <ItemCode>7290017266046</ItemCode>
      <ItemType>1</ItemType>
      <ItemName>וופל קראנצ שוקו 30 יח עלמה</ItemName>
      <ManufactureName>רזיט שיווק בעמ</ManufactureName>
      <ManufactureCountry />
      <ManufactureItemDescription />
      <UnitQty>יח`</UnitQty>
      <Quantity>600</Quantity>
      <UnitMeasure>גרם</UnitMeasure>
      <BisWeighted>0</BisWeighted>
      <QtyInPackage>1</QtyInPackage>
      <ItemPrice>13.90</ItemPrice>
      <UnitOfMeasurePrice>2.32</UnitOfMeasurePrice>
      <AllowDiscount>0</AllowDiscount>
      <itemStatus>1</itemStatus>
      <LastUpdateDate />
      <LastUpdateTime />
    </Product>
    <Product>
      <PriceUpdateDate>2018/12/25 15:10</PriceUpdateDate>
      <ItemCode>7290017289090</ItemCode>
      <ItemType>1</ItemType>
      <ItemName>יין קברנה סובניון 750 מל ממלכת יהודה</ItemName>
      <ManufactureName>יקב טפרברג 1870 בעמ (יינות ומש</ManufactureName>
      <ManufactureCountry />
      <ManufactureItemDescription />
      <UnitQty>יח`</UnitQty>
      <Quantity>750</Quantity>
      <UnitMeasure>מ"ל</UnitMeasure>
      <BisWeighted>0</BisWeighted>
      <QtyInPackage>1</QtyInPackage>
      <ItemPrice>24.90</ItemPrice>
      <UnitOfMeasurePrice>3.28</UnitOfMeasurePrice>
      <AllowDiscount>1</AllowDiscount>
      <itemStatus>1</itemStatus>
      <LastUpdateDate />
      <LastUpdateTime />
    </Product>
    <Product>
      <PriceUpdateDate>2018/12/25 15:10</PriceUpdateDate>
      <ItemCode>7290017289106</ItemCode>
      <ItemType>1</ItemType>
      <ItemName>יין מרלו 750 מל ממלכת יהודה</ItemName>
      <ManufactureName>יקב טפרברג 1870 בעמ (יינות ומש</ManufactureName>
      <ManufactureCountry />
      <ManufactureItemDescription />
      <UnitQty>יח`</UnitQty>
      <Quantity>750</Quantity>
      <UnitMeasure>מ"ל</UnitMeasure>
      <BisWeighted>0</BisWeighted>
      <QtyInPackage>1</QtyInPackage>
      <ItemPrice>24.90</ItemPrice>
      <UnitOfMeasurePrice>3.28</UnitOfMeasurePrice>
      <AllowDiscount>1</AllowDiscount>
      <itemStatus>1</itemStatus>
      <LastUpdateDate />
      <LastUpdateTime />
    </Product>
    <Product>
      <PriceUpdateDate>2018/12/25 15:10</PriceUpdateDate>
      <ItemCode>7290017289113</ItemCode>
      <ItemType>1</ItemType>
      <ItemName>יין שיראז 750 מל ממלכת יהודה</ItemName>
      <ManufactureName>יקב טפרברג 1870 בעמ (יינות ומש</ManufactureName>
      <ManufactureCountry />
      <ManufactureItemDescription />
      <UnitQty>יח`</UnitQty>
      <Quantity>750</Quantity>
      <UnitMeasure>מ"ל</UnitMeasure>
      <BisWeighted>0</BisWeighted>
      <QtyInPackage>1</QtyInPackage>
      <ItemPrice>24.90</ItemPrice>
      <UnitOfMeasurePrice>3.28</UnitOfMeasurePrice>
      <AllowDiscount>1</AllowDiscount>
      <itemStatus>1</itemStatus>
      <LastUpdateDate />
      <LastUpdateTime />
    </Product>
    <Product>
      <PriceUpdateDate>2018/12/25 15:10</PriceUpdateDate>
      <ItemCode>7290017289120</ItemCode>
      <ItemType>1</ItemType>
      <ItemName>יין מרלו פטיט סירה 750 מל ממלכת יהודה</ItemName>
      <ManufactureName>יקב טפרברג 1870 בעמ (יינות ומש</ManufactureName>
      <ManufactureCountry />
      <ManufactureItemDescription />
      <UnitQty>יח`</UnitQty>
      <Quantity>750</Quantity>
      <UnitMeasure>מ"ל</UnitMeasure>
      <BisWeighted>0</BisWeighted>
      <QtyInPackage>1</QtyInPackage>
      <ItemPrice>24.90</ItemPrice>
      <UnitOfMeasurePrice>3.28</UnitOfMeasurePrice>
      <AllowDiscount>1</AllowDiscount>
      <itemStatus>1</itemStatus>
      <LastUpdateDate />
      <LastUpdateTime />
    </Product>
    <Product>
      <PriceUpdateDate>2018/12/25 15:10</PriceUpdateDate>
      <ItemCode>7290017289137</ItemCode>
      <ItemType>1</ItemType>
      <ItemName>יין זינפנדל 750 מל ממלכת יהודה</ItemName>
      <ManufactureName>יקב טפרברג 1870 בעמ (יינות ומש</ManufactureName>
      <ManufactureCountry />
      <ManufactureItemDescription />
      <UnitQty>יח`</UnitQty>
      <Quantity>750</Quantity>
      <UnitMeasure>מ"ל</UnitMeasure>
      <BisWeighted>0</BisWeighted>
      <QtyInPackage>1</QtyInPackage>
      <ItemPrice>24.90</ItemPrice>
      <UnitOfMeasurePrice>3.28</UnitOfMeasurePrice>
      <AllowDiscount>1</AllowDiscount>
      <itemStatus>1</itemStatus>
      <LastUpdateDate />
      <LastUpdateTime />
    </Product>
    <Product>
      <PriceUpdateDate>2018/12/25 15:10</PriceUpdateDate>
      <ItemCode>7290017289175</ItemCode>
      <ItemType>1</ItemType>
      <ItemName>יין פטיט סירה 750 מל ישראלי</ItemName>
      <ManufactureName>יקב טפרברג 1870 בעמ (יינות ומש</ManufactureName>
      <ManufactureCountry />
      <ManufactureItemDescription />
      <UnitQty>יח`</UnitQty>
      <Quantity>750</Quantity>
      <UnitMeasure>מ"ל</UnitMeasure>
      <BisWeighted>0</BisWeighted>
      <QtyInPackage>1</QtyInPackage>
      <ItemPrice>19.90</ItemPrice>
      <UnitOfMeasurePrice>2.61</UnitOfMeasurePrice>
      <AllowDiscount>1</AllowDiscount>
      <itemStatus>1</itemStatus>
      <LastUpdateDate />
      <LastUpdateTime />
    </Product>
    <Product>
      <PriceUpdateDate>2018/12/25 15:10</PriceUpdateDate>
      <ItemCode>7290017289199</ItemCode>
      <ItemType>1</ItemType>
      <ItemName>יין לבן יבש 750 מל ישראלי</ItemName>
      <ManufactureName>יקב טפרברג 1870 בעמ (יינות ומש</ManufactureName>
      <ManufactureCountry />
      <ManufactureItemDescription />
      <UnitQty>יח`</UnitQty>
      <Quantity>750</Quantity>
      <UnitMeasure>מ"ל</UnitMeasure>
      <BisWeighted>0</BisWeighted>
      <QtyInPackage>1</QtyInPackage>
      <ItemPrice>19.90</ItemPrice>
      <UnitOfMeasurePrice>2.61</UnitOfMeasurePrice>
      <AllowDiscount>1</AllowDiscount>
      <itemStatus>1</itemStatus>
      <LastUpdateDate />
      <LastUpdateTime />
    </Product>
    <Product>
      <PriceUpdateDate>2018/12/25 15:10</PriceUpdateDate>
      <ItemCode>7290017289205</ItemCode>
      <ItemType>1</ItemType>
      <ItemName>יין קברנה סוביניון 750 מל ישראלי</ItemName>
      <ManufactureName>יקב טפרברג 1870 בעמ (יינות ומש</ManufactureName>
      <ManufactureCountry />
      <ManufactureItemDescription />
      <UnitQty>יח`</UnitQty>
      <Quantity>750</Quantity>
      <UnitMeasure>מ"ל</UnitMeasure>
      <BisWeighted>0</BisWeighted>
      <QtyInPackage>1</QtyInPackage>
      <ItemPrice>19.90</ItemPrice>
      <UnitOfMeasurePrice>2.61</UnitOfMeasurePrice>
      <AllowDiscount>1</AllowDiscount>
      <itemStatus>1</itemStatus>
      <LastUpdateDate />
      <LastUpdateTime />
    </Product>
    <Product>
      <PriceUpdateDate>2018/08/02 16:58</PriceUpdateDate>
      <ItemCode>7290017296074</ItemCode>
      <ItemType>1</ItemType>
      <ItemName>רוטב למוקפץ 700 גר` פנינה</ItemName>
      <ManufactureName>פנינה רוזנבלום בעמ</ManufactureName>
      <ManufactureCountry />
      <ManufactureItemDescription />
      <UnitQty>יח`</UnitQty>
      <Quantity>700</Quantity>
      <UnitMeasure>גרם</UnitMeasure>
      <BisWeighted>0</BisWeighted>
      <QtyInPackage>1</QtyInPackage>
      <ItemPrice>17.90</ItemPrice>
      <UnitOfMeasurePrice>2.56</UnitOfMeasurePrice>
      <AllowDiscount>1</AllowDiscount>
      <itemStatus>1</itemStatus>
      <LastUpdateDate />
      <LastUpdateTime />
    </Product>
    <Product>
      <PriceUpdateDate>2020/01/15 17:12</PriceUpdateDate>
      <ItemCode>7290017296128</ItemCode>
      <ItemType>1</ItemType>
      <ItemName>אל סבון נוזלי פנינה רוזנבלום (500x3 גרם)</ItemName>
      <ManufactureName>פנינה רוזנבלום בעמ</ManufactureName>
      <ManufactureCountry />
      <ManufactureItemDescription />
      <UnitQty>יח`</UnitQty>
      <Quantity>1.50</Quantity>
      <UnitMeasure>1 ליטר</UnitMeasure>
      <BisWeighted>0</BisWeighted>
      <QtyInPackage>1</QtyInPackage>
      <ItemPrice>13.90</ItemPrice>
      <UnitOfMeasurePrice>9.27</UnitOfMeasurePrice>
      <AllowDiscount>1</AllowDiscount>
      <itemStatus>1</itemStatus>
      <LastUpdateDate />
      <LastUpdateTime />
    </Product>
    <Product>
      <PriceUpdateDate>2020/01/15 17:12</PriceUpdateDate>
      <ItemCode>7290017296135</ItemCode>
      <ItemType>1</ItemType>
      <ItemName>אל סבון נוזלי פנינה רוזנבלום (500x3 גרם)</ItemName>
      <ManufactureName>פנינה רוזנבלום בעמ</ManufactureName>
      <ManufactureCountry />
      <ManufactureItemDescription />
      <UnitQty>יח`</UnitQty>
      <Quantity>1.50</Quantity>
      <UnitMeasure>1 ליטר</UnitMeasure>
      <BisWeighted>0</BisWeighted>
      <QtyInPackage>1</QtyInPackage>
      <ItemPrice>13.90</ItemPrice>
      <UnitOfMeasurePrice>9.27</UnitOfMeasurePrice>
      <AllowDiscount>1</AllowDiscount>
      <itemStatus>1</itemStatus>
      <LastUpdateDate />
      <LastUpdateTime />
    </Product>
    <Product>
      <PriceUpdateDate>2019/07/07 08:44</PriceUpdateDate>
      <ItemCode>7290017304885</ItemCode>
      <ItemType>1</ItemType>
      <ItemName>לחם שיפון וחיטה מלאה 750 גר אנג`ל</ItemName>
      <ManufactureName>שלמה א. אנג`ל בעמ</ManufactureName>
      <ManufactureCountry />
      <ManufactureItemDescription />
      <UnitQty>יח`</UnitQty>
      <Quantity>750</Quantity>
      <UnitMeasure>גרם</UnitMeasure>
      <BisWeighted>0</BisWeighted>
      <QtyInPackage>1</QtyInPackage>
      <ItemPrice>14.90</ItemPrice>
      <UnitOfMeasurePrice>1.99</UnitOfMeasurePrice>
      <AllowDiscount>0</AllowDiscount>
      <itemStatus>1</itemStatus>
      <LastUpdateDate />
      <LastUpdateTime />
    </Product>
    <Product>
      <PriceUpdateDate>2018/02/08 07:28</PriceUpdateDate>
      <ItemCode>7290017374390</ItemCode>
      <ItemType>1</ItemType>
      <ItemName>סט שירותים מיוחד</ItemName>
      <ManufactureName>מ.א.ייצור ויבוא מטליות בעמ</ManufactureName>
      <ManufactureCountry />
      <ManufactureItemDescription />
      <UnitQty>יח`</UnitQty>
      <Quantity>1</Quantity>
      <UnitMeasure />
      <BisWeighted>0</BisWeighted>
      <QtyInPackage>1</QtyInPackage>
      <ItemPrice>20.90</ItemPrice>
      <UnitOfMeasurePrice>20.90</UnitOfMeasurePrice>
      <AllowDiscount>0</AllowDiscount>
      <itemStatus>1</itemStatus>
      <LastUpdateDate />
      <LastUpdateTime />
    </Product>
    <Product>
      <PriceUpdateDate>2019/11/08 10:10</PriceUpdateDate>
      <ItemCode>7290017409948</ItemCode>
      <ItemType>1</ItemType>
      <ItemName>קרם ידיים משקם מעושר בשמן אבוקדו ואלוורה</ItemName>
      <ManufactureName>פארמה דיל (פ.א.ב.) שיווק והפצה</ManufactureName>
      <ManufactureCountry />
      <ManufactureItemDescription />
      <UnitQty>יח`</UnitQty>
      <Quantity>1</Quantity>
      <UnitMeasure />
      <BisWeighted>0</BisWeighted>
      <QtyInPackage>1</QtyInPackage>
      <ItemPrice>5.90</ItemPrice>
      <UnitOfMeasurePrice>5.90</UnitOfMeasurePrice>
      <AllowDiscount>0</AllowDiscount>
      <itemStatus>1</itemStatus>
      <LastUpdateDate />
      <LastUpdateTime />
    </Product>
    <Product>
      <PriceUpdateDate>2019/11/08 10:10</PriceUpdateDate>
      <ItemCode>7290017409962</ItemCode>
      <ItemType>1</ItemType>
      <ItemName>קרם גוף מעושר בשמן אבוקדו 100 מל</ItemName>
      <ManufactureName>פארמה דיל (פ.א.ב.) שיווק והפצה</ManufactureName>
      <ManufactureCountry />
      <ManufactureItemDescription />
      <UnitQty>יח`</UnitQty>
      <Quantity>1</Quantity>
      <UnitMeasure />
      <BisWeighted>0</BisWeighted>
      <QtyInPackage>1</QtyInPackage>
      <ItemPrice>5.90</ItemPrice>
      <UnitOfMeasurePrice>5.90</UnitOfMeasurePrice>
      <AllowDiscount>0</AllowDiscount>
      <itemStatus>1</itemStatus>
      <LastUpdateDate />
      <LastUpdateTime />
    </Product>
    <Product>
      <PriceUpdateDate>2019/06/19 11:49</PriceUpdateDate>
      <ItemCode>7290017440286</ItemCode>
      <ItemType>1</ItemType>
      <ItemName>מרכך קידס דר פישר 750 מל</ItemName>
      <ManufactureName>פישר תעשיות פרמצבטיות בעמ</ManufactureName>
      <ManufactureCountry />
      <ManufactureItemDescription />
      <UnitQty>יח`</UnitQty>
      <Quantity>750</Quantity>
      <UnitMeasure>מ"ל</UnitMeasure>
      <BisWeighted>0</BisWeighted>
      <QtyInPackage>1</QtyInPackage>
      <ItemPrice>16.90</ItemPrice>
      <UnitOfMeasurePrice>2.25</UnitOfMeasurePrice>
      <AllowDiscount>0</AllowDiscount>
      <itemStatus>1</itemStatus>
      <LastUpdateDate />
      <LastUpdateTime />
    </Product>
    <Product>
      <PriceUpdateDate>2019/05/27 08:13</PriceUpdateDate>
      <ItemCode>7290017457581</ItemCode>
      <ItemType>1</ItemType>
      <ItemName>סוד מרכך מרוכז ( 900 מל) 20% +בישום -co</ItemName>
      <ManufactureName>גורי שיווק בעמ</ManufactureName>
      <ManufactureCountry />
      <ManufactureItemDescription />
      <UnitQty>יח`</UnitQty>
      <Quantity>900</Quantity>
      <UnitMeasure>מ"ל</UnitMeasure>
      <BisWeighted>0</BisWeighted>
      <QtyInPackage>1</QtyInPackage>
      <ItemPrice>13.90</ItemPrice>
      <UnitOfMeasurePrice>1.54</UnitOfMeasurePrice>
      <AllowDiscount>1</AllowDiscount>
      <itemStatus>1</itemStatus>
      <LastUpdateDate />
      <LastUpdateTime />
    </Product>
    <Product>
      <PriceUpdateDate>2019/05/27 08:13</PriceUpdateDate>
      <ItemCode>7290017457727</ItemCode>
      <ItemType>1</ItemType>
      <ItemName>סוד מרכך מרוכז (900 מל) 20% +בישום -כח</ItemName>
      <ManufactureName>גורי שיווק בעמ</ManufactureName>
      <ManufactureCountry />
      <ManufactureItemDescription />
      <UnitQty>יח`</UnitQty>
      <Quantity>900</Quantity>
      <UnitMeasure>מ"ל</UnitMeasure>
      <BisWeighted>0</BisWeighted>
      <QtyInPackage>1</QtyInPackage>
      <ItemPrice>13.90</ItemPrice>
      <UnitOfMeasurePrice>1.54</UnitOfMeasurePrice>
      <AllowDiscount>1</AllowDiscount>
      <itemStatus>1</itemStatus>
      <LastUpdateDate />
      <LastUpdateTime />
    </Product>
    <Product>
      <PriceUpdateDate>2019/05/27 08:13</PriceUpdateDate>
      <ItemCode>7290017457734</ItemCode>
      <ItemType>1</ItemType>
      <ItemName>סוד מרכך מרוכז ( 900 מל) 20% +בישום -ו</ItemName>
      <ManufactureName>גורי שיווק בעמ</ManufactureName>
      <ManufactureCountry />
      <ManufactureItemDescription />
      <UnitQty>יח`</UnitQty>
      <Quantity>900</Quantity>
      <UnitMeasure>מ"ל</UnitMeasure>
      <BisWeighted>0</BisWeighted>
      <QtyInPackage>1</QtyInPackage>
      <ItemPrice>13.90</ItemPrice>
      <UnitOfMeasurePrice>1.54</UnitOfMeasurePrice>
      <AllowDiscount>1</AllowDiscount>
      <itemStatus>1</itemStatus>
      <LastUpdateDate />
      <LastUpdateTime />
    </Product>
    <Product>
      <PriceUpdateDate>2018/04/04 13:17</PriceUpdateDate>
      <ItemCode>7290017477169</ItemCode>
      <ItemType>1</ItemType>
      <ItemName>אגוזי קשיו 250  גר`ששון הקולה</ItemName>
      <ManufactureName>דין שיווק וקליה בעמ</ManufactureName>
      <ManufactureCountry />
      <ManufactureItemDescription />
      <UnitQty>יח`</UnitQty>
      <Quantity>250</Quantity>
      <UnitMeasure>גרם</UnitMeasure>
      <BisWeighted>0</BisWeighted>
      <QtyInPackage>1</QtyInPackage>
      <ItemPrice>20</ItemPrice>
      <UnitOfMeasurePrice>8</UnitOfMeasurePrice>
      <AllowDiscount>0</AllowDiscount>
      <itemStatus>1</itemStatus>
      <LastUpdateDate />
      <LastUpdateTime />
    </Product>
    <Product>
      <PriceUpdateDate>2018/06/13 08:42</PriceUpdateDate>
      <ItemCode>7290017477367</ItemCode>
      <ItemType>1</ItemType>
      <ItemName>מטבעות שוקולד לבן לאפייה 300  גר`שקדיה</ItemName>
      <ManufactureName>דין שיווק וקליה בעמ</ManufactureName>
      <ManufactureCountry />
      <ManufactureItemDescription />
      <UnitQty>יח`</UnitQty>
      <Quantity>300</Quantity>
      <UnitMeasure>גרם</UnitMeasure>
      <BisWeighted>0</BisWeighted>
      <QtyInPackage>1</QtyInPackage>
      <ItemPrice>13.90</ItemPrice>
      <UnitOfMeasurePrice>4.63</UnitOfMeasurePrice>
      <AllowDiscount>0</AllowDiscount>
      <itemStatus>1</itemStatus>
      <LastUpdateDate />
      <LastUpdateTime />
    </Product>
    <Product>
      <PriceUpdateDate>2018/11/08 11:57</PriceUpdateDate>
      <ItemCode>7290017513010</ItemCode>
      <ItemType>1</ItemType>
      <ItemName>חליטת פירות וצמחים קמומיל לימוני ותערובת</ItemName>
      <ManufactureName>תה ויסוצקי (ישראל) בעמ</ManufactureName>
      <ManufactureCountry />
      <ManufactureItemDescription />
      <UnitQty>יח`</UnitQty>
      <Quantity>1</Quantity>
      <UnitMeasure />
      <BisWeighted>0</BisWeighted>
      <QtyInPackage>1</QtyInPackage>
      <ItemPrice>24.90</ItemPrice>
      <UnitOfMeasurePrice>24.90</UnitOfMeasurePrice>
      <AllowDiscount>0</AllowDiscount>
      <itemStatus>1</itemStatus>
      <LastUpdateDate />
      <LastUpdateTime />
    </Product>
    <Product>
      <PriceUpdateDate>2018/11/08 11:57</PriceUpdateDate>
      <ItemCode>7290017513027</ItemCode>
      <ItemType>1</ItemType>
      <ItemName>חליטת פירות וצמחים בטעם פירות אדומים ותע</ItemName>
      <ManufactureName>תה ויסוצקי (ישראל) בעמ</ManufactureName>
      <ManufactureCountry />
      <ManufactureItemDescription />
      <UnitQty>יח`</UnitQty>
      <Quantity>1</Quantity>
      <UnitMeasure />
      <BisWeighted>0</BisWeighted>
      <QtyInPackage>1</QtyInPackage>
      <ItemPrice>24.90</ItemPrice>
      <UnitOfMeasurePrice>24.90</UnitOfMeasurePrice>
      <AllowDiscount>0</AllowDiscount>
      <itemStatus>1</itemStatus>
      <LastUpdateDate />
      <LastUpdateTime />
    </Product>
    <Product>
      <PriceUpdateDate>2019/11/11 17:26</PriceUpdateDate>
      <ItemCode>7290017513485</ItemCode>
      <ItemType>1</ItemType>
      <ItemName>מחית עגבניות רוסטיקה איטליה (680 גרם)</ItemName>
      <ManufactureName>תה ויסוצקי (ישראל) בעמ</ManufactureName>
      <ManufactureCountry />
      <ManufactureItemDescription />
      <UnitQty>יח`</UnitQty>
      <Quantity>680</Quantity>
      <UnitMeasure>גרם</UnitMeasure>
      <BisWeighted>0</BisWeighted>
      <QtyInPackage>1</QtyInPackage>
      <ItemPrice>13.90</ItemPrice>
      <UnitOfMeasurePrice>2.04</UnitOfMeasurePrice>
      <AllowDiscount>0</AllowDiscount>
      <itemStatus>1</itemStatus>
      <LastUpdateDate />
      <LastUpdateTime />
    </Product>
    <Product>
      <PriceUpdateDate>2019/10/24 18:30</PriceUpdateDate>
      <ItemCode>7290017616186</ItemCode>
      <ItemType>1</ItemType>
      <ItemName>לקט ירקות לקוסקוס 800 גר` קפוא</ItemName>
      <ManufactureName>נ.ת.נ.ג.ב החזקות יעוץ וניהול ב</ManufactureName>
      <ManufactureCountry />
      <ManufactureItemDescription />
      <UnitQty>יח`</UnitQty>
      <Quantity>800</Quantity>
      <UnitMeasure>גרם</UnitMeasure>
      <BisWeighted>0</BisWeighted>
      <QtyInPackage>1</QtyInPackage>
      <ItemPrice>9.90</ItemPrice>
      <UnitOfMeasurePrice>1.24</UnitOfMeasurePrice>
      <AllowDiscount>1</AllowDiscount>
      <itemStatus>1</itemStatus>
      <LastUpdateDate />
      <LastUpdateTime />
    </Product>
    <Product>
      <PriceUpdateDate>2020/03/24 08:14</PriceUpdateDate>
      <ItemCode>7290017616384</ItemCode>
      <ItemType>1</ItemType>
      <ItemName>במיה ארוז פרוסטי 600 גרם</ItemName>
      <ManufactureName>נ.ת.נ.ג.ב החזקות יעוץ וניהול ב</ManufactureName>
      <ManufactureCountry />
      <ManufactureItemDescription />
      <UnitQty>יח`</UnitQty>
      <Quantity>600</Quantity>
      <UnitMeasure>גרם</UnitMeasure>
      <BisWeighted>0</BisWeighted>
      <QtyInPackage>1</QtyInPackage>
      <ItemPrice>9.90</ItemPrice>
      <UnitOfMeasurePrice>1.65</UnitOfMeasurePrice>
      <AllowDiscount>0</AllowDiscount>
      <itemStatus>1</itemStatus>
      <LastUpdateDate />
      <LastUpdateTime />
    </Product>
    <Product>
      <PriceUpdateDate>2020/02/13 11:51</PriceUpdateDate>
      <ItemCode>7290017641096</ItemCode>
      <ItemType>1</ItemType>
      <ItemName>שוקולד פרימיום 70% ללא סוכר (100  גר`)כר</ItemName>
      <ManufactureName>כרמית תעשיות ממתקים בעמ</ManufactureName>
      <ManufactureCountry />
      <ManufactureItemDescription />
      <UnitQty>יח`</UnitQty>
      <Quantity>100</Quantity>
      <UnitMeasure>גרם</UnitMeasure>
      <BisWeighted>0</BisWeighted>
      <QtyInPackage>1</QtyInPackage>
      <ItemPrice>7.90</ItemPrice>
      <UnitOfMeasurePrice>7.90</UnitOfMeasurePrice>
      <AllowDiscount>0</AllowDiscount>
      <itemStatus>1</itemStatus>
      <LastUpdateDate />
      <LastUpdateTime />
    </Product>
    <Product>
      <PriceUpdateDate>2020/02/03 08:44</PriceUpdateDate>
      <ItemCode>7290017641379</ItemCode>
      <ItemType>1</ItemType>
      <ItemName>חמישיות שוקולד חלב *85כרמית</ItemName>
      <ManufactureName>כרמית תעשיות ממתקים בעמ</ManufactureName>
      <ManufactureCountry />
      <ManufactureItemDescription />
      <UnitQty>יח`</UnitQty>
      <Quantity>425</Quantity>
      <UnitMeasure>גרם</UnitMeasure>
      <BisWeighted>0</BisWeighted>
      <QtyInPackage>1</QtyInPackage>
      <ItemPrice>14.90</ItemPrice>
      <UnitOfMeasurePrice>3.51</UnitOfMeasurePrice>
      <AllowDiscount>0</AllowDiscount>
      <itemStatus>1</itemStatus>
      <LastUpdateDate />
      <LastUpdateTime />
    </Product>
    <Product>
      <PriceUpdateDate>2020/02/13 11:51</PriceUpdateDate>
      <ItemCode>7290017641744</ItemCode>
      <ItemType>1</ItemType>
      <ItemName>איגלו סטיקס 800 מל כרמית</ItemName>
      <ManufactureName>כרמית תעשיות ממתקים בעמ</ManufactureName>
      <ManufactureCountry />
      <ManufactureItemDescription />
      <UnitQty>יח`</UnitQty>
      <Quantity>1</Quantity>
      <UnitMeasure />
      <BisWeighted>0</BisWeighted>
      <QtyInPackage>1</QtyInPackage>
      <ItemPrice>4.90</ItemPrice>
      <UnitOfMeasurePrice>4.90</UnitOfMeasurePrice>
      <AllowDiscount>1</AllowDiscount>
      <itemStatus>1</itemStatus>
      <LastUpdateDate />
      <LastUpdateTime />
    </Product>
    <Product>
      <PriceUpdateDate>2019/08/14 16:40</PriceUpdateDate>
      <ItemCode>7290017647128</ItemCode>
      <ItemType>1</ItemType>
      <ItemName>גמלא קברנה סוביניון</ItemName>
      <ManufactureName>היכל היין שקד גולן בעמ</ManufactureName>
      <ManufactureCountry />
      <ManufactureItemDescription />
      <UnitQty>יח`</UnitQty>
      <Quantity>750</Quantity>
      <UnitMeasure>מ"ל</UnitMeasure>
      <BisWeighted>0</BisWeighted>
      <QtyInPackage>1</QtyInPackage>
      <ItemPrice>64.90</ItemPrice>
      <UnitOfMeasurePrice>8.61</UnitOfMeasurePrice>
      <AllowDiscount>0</AllowDiscount>
      <itemStatus>1</itemStatus>
      <LastUpdateDate />
      <LastUpdateTime />
    </Product>
    <Product>
      <PriceUpdateDate>2019/06/16 08:26</PriceUpdateDate>
      <ItemCode>7290017677804</ItemCode>
      <ItemType>1</ItemType>
      <ItemName>רוטב סויה (444 מל) קיקומן</ItemName>
      <ManufactureName>דיפלומט היינץ</ManufactureName>
      <ManufactureCountry />
      <ManufactureItemDescription />
      <UnitQty>יח`</UnitQty>
      <Quantity>444</Quantity>
      <UnitMeasure>מ"ל</UnitMeasure>
      <BisWeighted>0</BisWeighted>
      <QtyInPackage>1</QtyInPackage>
      <ItemPrice>29.90</ItemPrice>
      <UnitOfMeasurePrice>6.73</UnitOfMeasurePrice>
      <AllowDiscount>1</AllowDiscount>
      <itemStatus>1</itemStatus>
      <LastUpdateDate />
      <LastUpdateTime />
    </Product>
    <Product>
      <PriceUpdateDate>2019/11/20 09:24</PriceUpdateDate>
      <ItemCode>7290017682495</ItemCode>
      <ItemType>1</ItemType>
      <ItemName>מטלית מיקרופייבר מודפסות לרצפה smile</ItemName>
      <ManufactureName>מ.א.ייצור ויבוא מטליות בעמ</ManufactureName>
      <ManufactureCountry />
      <ManufactureItemDescription />
      <UnitQty>יח`</UnitQty>
      <Quantity>1</Quantity>
      <UnitMeasure />
      <BisWeighted>0</BisWeighted>
      <QtyInPackage>1</QtyInPackage>
      <ItemPrice>9.90</ItemPrice>
      <UnitOfMeasurePrice>9.90</UnitOfMeasurePrice>
      <AllowDiscount>0</AllowDiscount>
      <itemStatus>1</itemStatus>
      <LastUpdateDate />
      <LastUpdateTime />
    </Product>
    <Product>
      <PriceUpdateDate>2019/11/20 09:24</PriceUpdateDate>
      <ItemCode>7290017682518</ItemCode>
      <ItemType>1</ItemType>
      <ItemName>מטלית מיקרו מודפסת לניקוי כללי smile</ItemName>
      <ManufactureName>מ.א.ייצור ויבוא מטליות בעמ</ManufactureName>
      <ManufactureCountry />
      <ManufactureItemDescription />
      <UnitQty>יח`</UnitQty>
      <Quantity>1</Quantity>
      <UnitMeasure />
      <BisWeighted>0</BisWeighted>
      <QtyInPackage>1</QtyInPackage>
      <ItemPrice>4.90</ItemPrice>
      <UnitOfMeasurePrice>4.90</UnitOfMeasurePrice>
      <AllowDiscount>0</AllowDiscount>
      <itemStatus>1</itemStatus>
      <LastUpdateDate />
      <LastUpdateTime />
    </Product>
    <Product>
      <PriceUpdateDate>2019/12/11 09:02</PriceUpdateDate>
      <ItemCode>7290017682617</ItemCode>
      <ItemType>1</ItemType>
      <ItemName>מגב עם  תפסן+  מקל( 40  סמ) CLING</ItemName>
      <ManufactureName>מ.א.ייצור ויבוא מטליות בעמ</ManufactureName>
      <ManufactureCountry />
      <ManufactureItemDescription />
      <UnitQty>יח`</UnitQty>
      <Quantity>1</Quantity>
      <UnitMeasure />
      <BisWeighted>0</BisWeighted>
      <QtyInPackage>1</QtyInPackage>
      <ItemPrice>16.90</ItemPrice>
      <UnitOfMeasurePrice>16.90</UnitOfMeasurePrice>
      <AllowDiscount>0</AllowDiscount>
      <itemStatus>1</itemStatus>
      <LastUpdateDate />
      <LastUpdateTime />
    </Product>
    <Product>
      <PriceUpdateDate>2019/12/11 09:02</PriceUpdateDate>
      <ItemCode>7290017682648</ItemCode>
      <ItemType>1</ItemType>
      <ItemName>מגב חד להב עם תוספן+מקל  (40  סמ)pvc on</ItemName>
      <ManufactureName>מ.א.ייצור ויבוא מטליות בעמ</ManufactureName>
      <ManufactureCountry />
      <ManufactureItemDescription />
      <UnitQty>יח`</UnitQty>
      <Quantity>1</Quantity>
      <UnitMeasure />
      <BisWeighted>0</BisWeighted>
      <QtyInPackage>1</QtyInPackage>
      <ItemPrice>19.90</ItemPrice>
      <UnitOfMeasurePrice>19.90</UnitOfMeasurePrice>
      <AllowDiscount>0</AllowDiscount>
      <itemStatus>1</itemStatus>
      <LastUpdateDate />
      <LastUpdateTime />
    </Product>
    <Product>
      <PriceUpdateDate>2020/01/14 08:22</PriceUpdateDate>
      <ItemCode>7290017715346</ItemCode>
      <ItemType>1</ItemType>
      <ItemName>זית שחור טאסוס 400 גר` תומר</ItemName>
      <ManufactureName>תומר יבוא ושיווק מוצרי מזון (1</ManufactureName>
      <ManufactureCountry />
      <ManufactureItemDescription />
      <UnitQty>יח`</UnitQty>
      <Quantity>400</Quantity>
      <UnitMeasure>גרם</UnitMeasure>
      <BisWeighted>0</BisWeighted>
      <QtyInPackage>1</QtyInPackage>
      <ItemPrice>14.90</ItemPrice>
      <UnitOfMeasurePrice>3.73</UnitOfMeasurePrice>
      <AllowDiscount>1</AllowDiscount>
      <itemStatus>1</itemStatus>
      <LastUpdateDate />
      <LastUpdateTime />
    </Product>
    <Product>
      <PriceUpdateDate>2018/11/14 08:09</PriceUpdateDate>
      <ItemCode>7290017812069</ItemCode>
      <ItemType>1</ItemType>
      <ItemName>ריזלינג שרדונה 750 מל אקסלנס</ItemName>
      <ManufactureName>אגודת הכורמים</ManufactureName>
      <ManufactureCountry />
      <ManufactureItemDescription />
      <UnitQty>יח`</UnitQty>
      <Quantity>750</Quantity>
      <UnitMeasure>מ"ל</UnitMeasure>
      <BisWeighted>0</BisWeighted>
      <QtyInPackage>1</QtyInPackage>
      <ItemPrice>24.90</ItemPrice>
      <UnitOfMeasurePrice>3.28</UnitOfMeasurePrice>
      <AllowDiscount>1</AllowDiscount>
      <itemStatus>1</itemStatus>
      <LastUpdateDate />
      <LastUpdateTime />
    </Product>
    <Product>
      <PriceUpdateDate>2019/12/02 08:24</PriceUpdateDate>
      <ItemCode>7290017812342</ItemCode>
      <ItemType>1</ItemType>
      <ItemName>יין אדום חצי יבש מוגז 750 מל ספארלינג מ</ItemName>
      <ManufactureName>אגודת הכורמים</ManufactureName>
      <ManufactureCountry />
      <ManufactureItemDescription />
      <UnitQty>יח`</UnitQty>
      <Quantity>750</Quantity>
      <UnitMeasure>מ"ל</UnitMeasure>
      <BisWeighted>0</BisWeighted>
      <QtyInPackage>1</QtyInPackage>
      <ItemPrice>29.90</ItemPrice>
      <UnitOfMeasurePrice>3.95</UnitOfMeasurePrice>
      <AllowDiscount>0</AllowDiscount>
      <itemStatus>1</itemStatus>
      <LastUpdateDate />
      <LastUpdateTime />
    </Product>
    <Product>
      <PriceUpdateDate>2020/02/19 16:33</PriceUpdateDate>
      <ItemCode>7290017812571</ItemCode>
      <ItemType>1</ItemType>
      <ItemName>תירוש אדום 1 ליטר 100% טבעי</ItemName>
      <ManufactureName>אגודת הכורמים</ManufactureName>
      <ManufactureCountry />
      <ManufactureItemDescription />
      <UnitQty>יח`</UnitQty>
      <Quantity>1</Quantity>
      <UnitMeasure>1 ליטר</UnitMeasure>
      <BisWeighted>0</BisWeighted>
      <QtyInPackage>1</QtyInPackage>
      <ItemPrice>17.90</ItemPrice>
      <UnitOfMeasurePrice>17.90</UnitOfMeasurePrice>
      <AllowDiscount>0</AllowDiscount>
      <itemStatus>1</itemStatus>
      <LastUpdateDate />
      <LastUpdateTime />
    </Product>
    <Product>
      <PriceUpdateDate>2020/03/19 14:17</PriceUpdateDate>
      <ItemCode>7290017812694</ItemCode>
      <ItemType>1</ItemType>
      <ItemName>מיץ ענבים תירוש 1 ליטר</ItemName>
      <ManufactureName>אגודת הכורמים</ManufactureName>
      <ManufactureCountry />
      <ManufactureItemDescription />
      <UnitQty>יח`</UnitQty>
      <Quantity>1</Quantity>
      <UnitMeasure>1 ליטר</UnitMeasure>
      <BisWeighted>0</BisWeighted>
      <QtyInPackage>1</QtyInPackage>
      <ItemPrice>11.90</ItemPrice>
      <UnitOfMeasurePrice>11.90</UnitOfMeasurePrice>
      <AllowDiscount>0</AllowDiscount>
      <itemStatus>1</itemStatus>
      <LastUpdateDate />
      <LastUpdateTime />
    </Product>
    <Product>
      <PriceUpdateDate>2019/05/12 14:49</PriceUpdateDate>
      <ItemCode>7290017816012</ItemCode>
      <ItemType>1</ItemType>
      <ItemName>קרם קרקר כוסמין 250 גר`</ItemName>
      <ManufactureName>גורי מוצרי צריכה (1991) בעמ</ManufactureName>
      <ManufactureCountry />
      <ManufactureItemDescription />
      <UnitQty>יח`</UnitQty>
      <Quantity>250</Quantity>
      <UnitMeasure>גרם</UnitMeasure>
      <BisWeighted>0</BisWeighted>
      <QtyInPackage>1</QtyInPackage>
      <ItemPrice>15.90</ItemPrice>
      <UnitOfMeasurePrice>6.36</UnitOfMeasurePrice>
      <AllowDiscount>0</AllowDiscount>
      <itemStatus>1</itemStatus>
      <LastUpdateDate />
      <LastUpdateTime />
    </Product>
    <Product>
      <PriceUpdateDate>2019/10/31 13:17</PriceUpdateDate>
      <ItemCode>7290017871424</ItemCode>
      <ItemType>1</ItemType>
      <ItemName>חטיף דגנים תמרים ובוטנים ללא גלוטן וללא</ItemName>
      <ManufactureName>דנשר (1963) בעמ</ManufactureName>
      <ManufactureCountry />
      <ManufactureItemDescription />
      <UnitQty>יח`</UnitQty>
      <Quantity>100</Quantity>
      <UnitMeasure>גרם</UnitMeasure>
      <BisWeighted>0</BisWeighted>
      <QtyInPackage>1</QtyInPackage>
      <ItemPrice>16.90</ItemPrice>
      <UnitOfMeasurePrice>16.90</UnitOfMeasurePrice>
      <AllowDiscount>1</AllowDiscount>
      <itemStatus>1</itemStatus>
      <LastUpdateDate />
      <LastUpdateTime />
    </Product>
    <Product>
      <PriceUpdateDate>2019/04/08 10:33</PriceUpdateDate>
      <ItemCode>7290017888019</ItemCode>
      <ItemType>1</ItemType>
      <ItemName>תפוח רימון סלק 350 מל fruit &amp; veg</ItemName>
      <ManufactureName>יפאורה</ManufactureName>
      <ManufactureCountry />
      <ManufactureItemDescription />
      <UnitQty>יח`</UnitQty>
      <Quantity>330</Quantity>
      <UnitMeasure>1 ליטר</UnitMeasure>
      <BisWeighted>0</BisWeighted>
      <QtyInPackage>1</QtyInPackage>
      <ItemPrice>6.90</ItemPrice>
      <UnitOfMeasurePrice>0.02</UnitOfMeasurePrice>
      <AllowDiscount>1</AllowDiscount>
      <itemStatus>1</itemStatus>
      <LastUpdateDate />
      <LastUpdateTime />
    </Product>
    <Product>
      <PriceUpdateDate>2019/04/08 10:33</PriceUpdateDate>
      <ItemCode>7290017888026</ItemCode>
      <ItemType>1</ItemType>
      <ItemName>אננס תפוח גזר 350 מל fruit &amp; veg</ItemName>
      <ManufactureName>יפאורה</ManufactureName>
      <ManufactureCountry />
      <ManufactureItemDescription />
      <UnitQty>יח`</UnitQty>
      <Quantity>330</Quantity>
      <UnitMeasure>1 ליטר</UnitMeasure>
      <BisWeighted>0</BisWeighted>
      <QtyInPackage>1</QtyInPackage>
      <ItemPrice>6.90</ItemPrice>
      <UnitOfMeasurePrice>0.02</UnitOfMeasurePrice>
      <AllowDiscount>1</AllowDiscount>
      <itemStatus>1</itemStatus>
      <LastUpdateDate />
      <LastUpdateTime />
    </Product>
    <Product>
      <PriceUpdateDate>2019/06/17 10:51</PriceUpdateDate>
      <ItemCode>7290017888392</ItemCode>
      <ItemType>1</ItemType>
      <ItemName>משקה קל אשכולית 1.5 ליטר wow תפוזינה</ItemName>
      <ManufactureName>יפאורה</ManufactureName>
      <ManufactureCountry />
      <ManufactureItemDescription />
      <UnitQty>יח`</UnitQty>
      <Quantity>1500</Quantity>
      <UnitMeasure>מ"ל</UnitMeasure>
      <BisWeighted>0</BisWeighted>
      <QtyInPackage>1</QtyInPackage>
      <ItemPrice>6.50</ItemPrice>
      <UnitOfMeasurePrice>0.43</UnitOfMeasurePrice>
      <AllowDiscount>1</AllowDiscount>
      <itemStatus>1</itemStatus>
      <LastUpdateDate />
      <LastUpdateTime />
    </Product>
    <Product>
      <PriceUpdateDate>2019/12/11 09:02</PriceUpdateDate>
      <ItemCode>7290017888637</ItemCode>
      <ItemType>1</ItemType>
      <ItemName>שוופס ביטר למון</ItemName>
      <ManufactureName>יפאורה</ManufactureName>
      <ManufactureCountry />
      <ManufactureItemDescription />
      <UnitQty>יח`</UnitQty>
      <Quantity>1</Quantity>
      <UnitMeasure />
      <BisWeighted>0</BisWeighted>
      <QtyInPackage>1</QtyInPackage>
      <ItemPrice>14.90</ItemPrice>
      <UnitOfMeasurePrice>14.90</UnitOfMeasurePrice>
      <AllowDiscount>1</AllowDiscount>
      <itemStatus>1</itemStatus>
      <LastUpdateDate />
      <LastUpdateTime />
    </Product>
    <Product>
      <PriceUpdateDate>2019/08/14 16:41</PriceUpdateDate>
      <ItemCode>7290017913094</ItemCode>
      <ItemType>1</ItemType>
      <ItemName>אסותא נוזל רצפות סגול 4 ליטר</ItemName>
      <ManufactureName>עיסא ערטול בעמ</ManufactureName>
      <ManufactureCountry />
      <ManufactureItemDescription />
      <UnitQty>יח`</UnitQty>
      <Quantity>1</Quantity>
      <UnitMeasure />
      <BisWeighted>0</BisWeighted>
      <QtyInPackage>1</QtyInPackage>
      <ItemPrice>14.90</ItemPrice>
      <UnitOfMeasurePrice>14.90</UnitOfMeasurePrice>
      <AllowDiscount>0</AllowDiscount>
      <itemStatus>1</itemStatus>
      <LastUpdateDate />
      <LastUpdateTime />
    </Product>
    <Product>
      <PriceUpdateDate>2019/04/23 07:19</PriceUpdateDate>
      <ItemCode>7290017913155</ItemCode>
      <ItemType>1</ItemType>
      <ItemName>אסותא מרכך כביסה 4 ליטר (לבן)</ItemName>
      <ManufactureName>עיסא ערטול בעמ</ManufactureName>
      <ManufactureCountry />
      <ManufactureItemDescription />
      <UnitQty>יח`</UnitQty>
      <Quantity>1</Quantity>
      <UnitMeasure />
      <BisWeighted>0</BisWeighted>
      <QtyInPackage>1</QtyInPackage>
      <ItemPrice>14.90</ItemPrice>
      <UnitOfMeasurePrice>14.90</UnitOfMeasurePrice>
      <AllowDiscount>0</AllowDiscount>
      <itemStatus>1</itemStatus>
      <LastUpdateDate />
      <LastUpdateTime />
    </Product>
    <Product>
      <PriceUpdateDate>2019/04/23 07:19</PriceUpdateDate>
      <ItemCode>7290017913162</ItemCode>
      <ItemType>1</ItemType>
      <ItemName>אסותא מרכך כביסה 4 ליטר (כחול)</ItemName>
      <ManufactureName>עיסא ערטול בעמ</ManufactureName>
      <ManufactureCountry />
      <ManufactureItemDescription />
      <UnitQty>יח`</UnitQty>
      <Quantity>1</Quantity>
      <UnitMeasure />
      <BisWeighted>0</BisWeighted>
      <QtyInPackage>1</QtyInPackage>
      <ItemPrice>14.90</ItemPrice>
      <UnitOfMeasurePrice>14.90</UnitOfMeasurePrice>
      <AllowDiscount>0</AllowDiscount>
      <itemStatus>1</itemStatus>
      <LastUpdateDate />
      <LastUpdateTime />
    </Product>
    <Product>
      <PriceUpdateDate>2019/04/23 07:19</PriceUpdateDate>
      <ItemCode>7290017913179</ItemCode>
      <ItemType>1</ItemType>
      <ItemName>אסותא מרכך כביסה 4 ליטר (ורוד)</ItemName>
      <ManufactureName>עיסא ערטול בעמ</ManufactureName>
      <ManufactureCountry />
      <ManufactureItemDescription />
      <UnitQty>יח`</UnitQty>
      <Quantity>1</Quantity>
      <UnitMeasure />
      <BisWeighted>0</BisWeighted>
      <QtyInPackage>1</QtyInPackage>
      <ItemPrice>14.90</ItemPrice>
      <UnitOfMeasurePrice>14.90</UnitOfMeasurePrice>
      <AllowDiscount>0</AllowDiscount>
      <itemStatus>1</itemStatus>
      <LastUpdateDate />
      <LastUpdateTime />
    </Product>
    <Product>
      <PriceUpdateDate>2019/06/30 08:27</PriceUpdateDate>
      <ItemCode>7290017917351</ItemCode>
      <ItemType>1</ItemType>
      <ItemName>סרקל שמפו+מרכך  750 מל</ItemName>
      <ManufactureName>פישר תעשיות פרמצבטיות בעמ</ManufactureName>
      <ManufactureCountry />
      <ManufactureItemDescription />
      <UnitQty>יח`</UnitQty>
      <Quantity>1500</Quantity>
      <UnitMeasure>מ"ל</UnitMeasure>
      <BisWeighted>0</BisWeighted>
      <QtyInPackage>1</QtyInPackage>
      <ItemPrice>29.90</ItemPrice>
      <UnitOfMeasurePrice>1.99</UnitOfMeasurePrice>
      <AllowDiscount>0</AllowDiscount>
      <itemStatus>1</itemStatus>
      <LastUpdateDate />
      <LastUpdateTime />
    </Product>
    <Product>
      <PriceUpdateDate>2019/07/29 12:25</PriceUpdateDate>
      <ItemCode>7290017917467</ItemCode>
      <ItemType>1</ItemType>
      <ItemName>קמיל בלו אל סבון שיבולת שועל 1 ליטר</ItemName>
      <ManufactureName>פישר תעשיות פרמצבטיות בעמ</ManufactureName>
      <ManufactureCountry />
      <ManufactureItemDescription />
      <UnitQty>יח`</UnitQty>
      <Quantity>1</Quantity>
      <UnitMeasure>1 ליטר</UnitMeasure>
      <BisWeighted>0</BisWeighted>
      <QtyInPackage>1</QtyInPackage>
      <ItemPrice>29.90</ItemPrice>
      <UnitOfMeasurePrice>29.90</UnitOfMeasurePrice>
      <AllowDiscount>1</AllowDiscount>
      <itemStatus>1</itemStatus>
      <LastUpdateDate />
      <LastUpdateTime />
    </Product>
    <Product>
      <PriceUpdateDate>2020/04/30 17:20</PriceUpdateDate>
      <ItemCode>7290017918020</ItemCode>
      <ItemType>1</ItemType>
      <ItemName>ענבים אדומים ארוז</ItemName>
      <ManufactureName>בראשית - אגודה שיתופית חקלאית</ManufactureName>
      <ManufactureCountry />
      <ManufactureItemDescription />
      <UnitQty>יח`</UnitQty>
      <Quantity>1</Quantity>
      <UnitMeasure />
      <BisWeighted>0</BisWeighted>
      <QtyInPackage>1</QtyInPackage>
      <ItemPrice>12.90</ItemPrice>
      <UnitOfMeasurePrice>12.90</UnitOfMeasurePrice>
      <AllowDiscount>1</AllowDiscount>
      <itemStatus>1</itemStatus>
      <LastUpdateDate />
      <LastUpdateTime />
    </Product>
    <Product>
      <PriceUpdateDate>2020/05/03 11:04</PriceUpdateDate>
      <ItemCode>7290017918037</ItemCode>
      <ItemType>1</ItemType>
      <ItemName>ענבים שחורים ארוז</ItemName>
      <ManufactureName>בראשית - אגודה שיתופית חקלאית</ManufactureName>
      <ManufactureCountry />
      <ManufactureItemDescription />
      <UnitQty>יח`</UnitQty>
      <Quantity>1</Quantity>
      <UnitMeasure />
      <BisWeighted>0</BisWeighted>
      <QtyInPackage>1</QtyInPackage>
      <ItemPrice>10</ItemPrice>
      <UnitOfMeasurePrice>10</UnitOfMeasurePrice>
      <AllowDiscount>1</AllowDiscount>
      <itemStatus>1</itemStatus>
      <LastUpdateDate />
      <LastUpdateTime />
    </Product>
    <Product>
      <PriceUpdateDate>2019/12/25 09:12</PriceUpdateDate>
      <ItemCode>7290017928036</ItemCode>
      <ItemType>1</ItemType>
      <ItemName>מקלות גריסני שומשום 200 גר` מאיר בייגל</ItemName>
      <ManufactureName>דיפלומט היינץ</ManufactureName>
      <ManufactureCountry />
      <ManufactureItemDescription />
      <UnitQty>יח`</UnitQty>
      <Quantity>200</Quantity>
      <UnitMeasure>גרם</UnitMeasure>
      <BisWeighted>0</BisWeighted>
      <QtyInPackage>1</QtyInPackage>
      <ItemPrice>11.90</ItemPrice>
      <UnitOfMeasurePrice>5.95</UnitOfMeasurePrice>
      <AllowDiscount>1</AllowDiscount>
      <itemStatus>1</itemStatus>
      <LastUpdateDate />
      <LastUpdateTime />
    </Product>
    <Product>
      <PriceUpdateDate>2019/12/25 09:12</PriceUpdateDate>
      <ItemCode>7290017928227</ItemCode>
      <ItemType>1</ItemType>
      <ItemName>בייגלה שטוחלה פינוקים 300 גר` מאיר ביי</ItemName>
      <ManufactureName>דיפלומט היינץ</ManufactureName>
      <ManufactureCountry />
      <ManufactureItemDescription />
      <UnitQty>יח`</UnitQty>
      <Quantity>300</Quantity>
      <UnitMeasure>גרם</UnitMeasure>
      <BisWeighted>0</BisWeighted>
      <QtyInPackage>1</QtyInPackage>
      <ItemPrice>11.90</ItemPrice>
      <UnitOfMeasurePrice>3.97</UnitOfMeasurePrice>
      <AllowDiscount>1</AllowDiscount>
      <itemStatus>1</itemStatus>
      <LastUpdateDate />
      <LastUpdateTime />
    </Product>
    <Product>
      <PriceUpdateDate>2019/12/25 09:12</PriceUpdateDate>
      <ItemCode>7290017928418</ItemCode>
      <ItemType>1</ItemType>
      <ItemName>בייגלה שטוחלה מלח 300 גר` מאיר בייגל</ItemName>
      <ManufactureName>דיפלומט היינץ</ManufactureName>
      <ManufactureCountry />
      <ManufactureItemDescription />
      <UnitQty>יח`</UnitQty>
      <Quantity>300</Quantity>
      <UnitMeasure>גרם</UnitMeasure>
      <BisWeighted>0</BisWeighted>
      <QtyInPackage>1</QtyInPackage>
      <ItemPrice>11.90</ItemPrice>
      <UnitOfMeasurePrice>3.97</UnitOfMeasurePrice>
      <AllowDiscount>1</AllowDiscount>
      <itemStatus>1</itemStatus>
      <LastUpdateDate />
      <LastUpdateTime />
    </Product>
    <Product>
      <PriceUpdateDate>2019/12/25 09:12</PriceUpdateDate>
      <ItemCode>7290017928609</ItemCode>
      <ItemType>1</ItemType>
      <ItemName>בייגלה טבעות שומשום 300 גר` מאיר בייגל</ItemName>
      <ManufactureName>דיפלומט היינץ</ManufactureName>
      <ManufactureCountry />
      <ManufactureItemDescription />
      <UnitQty>יח`</UnitQty>
      <Quantity>300</Quantity>
      <UnitMeasure>גרם</UnitMeasure>
      <BisWeighted>0</BisWeighted>
      <QtyInPackage>1</QtyInPackage>
      <ItemPrice>11.90</ItemPrice>
      <UnitOfMeasurePrice>3.97</UnitOfMeasurePrice>
      <AllowDiscount>1</AllowDiscount>
      <itemStatus>1</itemStatus>
      <LastUpdateDate />
      <LastUpdateTime />
    </Product>
    <Product>
      <PriceUpdateDate>2019/12/25 09:12</PriceUpdateDate>
      <ItemCode>7290017928821</ItemCode>
      <ItemType>1</ItemType>
      <ItemName>מקלות גריסני קלאסי 200 גר` מאיר בייגל</ItemName>
      <ManufactureName>דיפלומט היינץ</ManufactureName>
      <ManufactureCountry />
      <ManufactureItemDescription />
      <UnitQty>יח`</UnitQty>
      <Quantity>200</Quantity>
      <UnitMeasure>גרם</UnitMeasure>
      <BisWeighted>0</BisWeighted>
      <QtyInPackage>1</QtyInPackage>
      <ItemPrice>11.90</ItemPrice>
      <UnitOfMeasurePrice>5.95</UnitOfMeasurePrice>
      <AllowDiscount>1</AllowDiscount>
      <itemStatus>1</itemStatus>
      <LastUpdateDate />
      <LastUpdateTime />
    </Product>
    <Product>
      <PriceUpdateDate>2020/01/16 08:04</PriceUpdateDate>
      <ItemCode>7290017947105</ItemCode>
      <ItemType>1</ItemType>
      <ItemName>לחם בסגנון אמריקה 500  גר`אנג`ל</ItemName>
      <ManufactureName>שלמה א. אנג`ל בעמ</ManufactureName>
      <ManufactureCountry />
      <ManufactureItemDescription />
      <UnitQty>יח`</UnitQty>
      <Quantity>500</Quantity>
      <UnitMeasure>גרם</UnitMeasure>
      <BisWeighted>0</BisWeighted>
      <QtyInPackage>1</QtyInPackage>
      <ItemPrice>12.90</ItemPrice>
      <UnitOfMeasurePrice>2.58</UnitOfMeasurePrice>
      <AllowDiscount>0</AllowDiscount>
      <itemStatus>1</itemStatus>
      <LastUpdateDate />
      <LastUpdateTime />
    </Product>
    <Product>
      <PriceUpdateDate>2020/01/15 17:12</PriceUpdateDate>
      <ItemCode>7290017947891</ItemCode>
      <ItemType>1</ItemType>
      <ItemName>לחם כוסמין וחיטה מלאה 750  גר`אנגל</ItemName>
      <ManufactureName>שלמה א. אנג`ל בעמ</ManufactureName>
      <ManufactureCountry />
      <ManufactureItemDescription />
      <UnitQty>יח`</UnitQty>
      <Quantity>750</Quantity>
      <UnitMeasure>גרם</UnitMeasure>
      <BisWeighted>0</BisWeighted>
      <QtyInPackage>1</QtyInPackage>
      <ItemPrice>14.90</ItemPrice>
      <UnitOfMeasurePrice>1.99</UnitOfMeasurePrice>
      <AllowDiscount>0</AllowDiscount>
      <itemStatus>1</itemStatus>
      <LastUpdateDate />
      <LastUpdateTime />
    </Product>
    <Product>
      <PriceUpdateDate>2020/04/06 08:41</PriceUpdateDate>
      <ItemCode>7290017947921</ItemCode>
      <ItemType>1</ItemType>
      <ItemName>לחמניות המבורגר שישייה</ItemName>
      <ManufactureName>שלמה א. אנג`ל בעמ</ManufactureName>
      <ManufactureCountry />
      <ManufactureItemDescription />
      <UnitQty>יח`</UnitQty>
      <Quantity>450</Quantity>
      <UnitMeasure>גרם</UnitMeasure>
      <BisWeighted>0</BisWeighted>
      <QtyInPackage>1</QtyInPackage>
      <ItemPrice>11.90</ItemPrice>
      <UnitOfMeasurePrice>2.64</UnitOfMeasurePrice>
      <AllowDiscount>0</AllowDiscount>
      <itemStatus>1</itemStatus>
      <LastUpdateDate />
      <LastUpdateTime />
    </Product>
    <Product>
      <PriceUpdateDate>2020/01/12 09:25</PriceUpdateDate>
      <ItemCode>7290018023020</ItemCode>
      <ItemType>1</ItemType>
      <ItemName>זית שחור מרוקאי 215גר` -סבא חביב</ItemName>
      <ManufactureName>אבאל יזמות בעמ</ManufactureName>
      <ManufactureCountry />
      <ManufactureItemDescription />
      <UnitQty>יח`</UnitQty>
      <Quantity>215</Quantity>
      <UnitMeasure>גרם</UnitMeasure>
      <BisWeighted>0</BisWeighted>
      <QtyInPackage>1</QtyInPackage>
      <ItemPrice>12.90</ItemPrice>
      <UnitOfMeasurePrice>6</UnitOfMeasurePrice>
      <AllowDiscount>1</AllowDiscount>
      <itemStatus>1</itemStatus>
      <LastUpdateDate />
      <LastUpdateTime />
    </Product>
    <Product>
      <PriceUpdateDate>2020/01/12 09:25</PriceUpdateDate>
      <ItemCode>7290018023051</ItemCode>
      <ItemType>1</ItemType>
      <ItemName>זיתים על האש 215גר` -סבא חביב</ItemName>
      <ManufactureName>אבאל יזמות בעמ</ManufactureName>
      <ManufactureCountry />
      <ManufactureItemDescription />
      <UnitQty>יח`</UnitQty>
      <Quantity>215</Quantity>
      <UnitMeasure>גרם</UnitMeasure>
      <BisWeighted>0</BisWeighted>
      <QtyInPackage>1</QtyInPackage>
      <ItemPrice>12.90</ItemPrice>
      <UnitOfMeasurePrice>6</UnitOfMeasurePrice>
      <AllowDiscount>1</AllowDiscount>
      <itemStatus>1</itemStatus>
      <LastUpdateDate />
      <LastUpdateTime />
    </Product>
    <Product>
      <PriceUpdateDate>2019/11/20 16:53</PriceUpdateDate>
      <ItemCode>7290018091609</ItemCode>
      <ItemType>1</ItemType>
      <ItemName>שבלולי שמרים במילוי ממרח שוקולד 350 גר`</ItemName>
      <ManufactureName>תנובה קפואים</ManufactureName>
      <ManufactureCountry />
      <ManufactureItemDescription />
      <UnitQty>יח`</UnitQty>
      <Quantity>350</Quantity>
      <UnitMeasure>גרם</UnitMeasure>
      <BisWeighted>0</BisWeighted>
      <QtyInPackage>1</QtyInPackage>
      <ItemPrice>17.90</ItemPrice>
      <UnitOfMeasurePrice>5.11</UnitOfMeasurePrice>
      <AllowDiscount>1</AllowDiscount>
      <itemStatus>1</itemStatus>
      <LastUpdateDate />
      <LastUpdateTime />
    </Product>
    <Product>
      <PriceUpdateDate>2020/02/05 09:09</PriceUpdateDate>
      <ItemCode>7290018131138</ItemCode>
      <ItemType>1</ItemType>
      <ItemName>לה קרמריה 1.4 שוקולד וניל וולנוס</ItemName>
      <ManufactureName>נגה גלידות שותפות מוגבלת</ManufactureName>
      <ManufactureCountry />
      <ManufactureItemDescription />
      <UnitQty>יח`</UnitQty>
      <Quantity>1400</Quantity>
      <UnitMeasure>מ"ל</UnitMeasure>
      <BisWeighted>0</BisWeighted>
      <QtyInPackage>1</QtyInPackage>
      <ItemPrice>22.90</ItemPrice>
      <UnitOfMeasurePrice>1.64</UnitOfMeasurePrice>
      <AllowDiscount>1</AllowDiscount>
      <itemStatus>1</itemStatus>
      <LastUpdateDate />
      <LastUpdateTime />
    </Product>
    <Product>
      <PriceUpdateDate>2020/03/19 14:17</PriceUpdateDate>
      <ItemCode>7290018343296</ItemCode>
      <ItemType>1</ItemType>
      <ItemName>אלכוג`ל הגיינת הידיים 100 מל פישר</ItemName>
      <ManufactureName>פישר תעשיות פרמצבטיות בעמ</ManufactureName>
      <ManufactureCountry />
      <ManufactureItemDescription />
      <UnitQty>יח`</UnitQty>
      <Quantity>100</Quantity>
      <UnitMeasure>מ"ל</UnitMeasure>
      <BisWeighted>0</BisWeighted>
      <QtyInPackage>1</QtyInPackage>
      <ItemPrice>9.90</ItemPrice>
      <UnitOfMeasurePrice>9.90</UnitOfMeasurePrice>
      <AllowDiscount>0</AllowDiscount>
      <itemStatus>1</itemStatus>
      <LastUpdateDate />
      <LastUpdateTime />
    </Product>
    <Product>
      <PriceUpdateDate>2019/08/07 17:06</PriceUpdateDate>
      <ItemCode>7290019297161</ItemCode>
      <ItemType>1</ItemType>
      <ItemName>טורטיה ראפ מקמח תירס 450 גר` (12 יח)</ItemName>
      <ManufactureName>דין שיווק וקליה בעמ</ManufactureName>
      <ManufactureCountry />
      <ManufactureItemDescription />
      <UnitQty>יח`</UnitQty>
      <Quantity>840</Quantity>
      <UnitMeasure>גרם</UnitMeasure>
      <BisWeighted>0</BisWeighted>
      <QtyInPackage>1</QtyInPackage>
      <ItemPrice>9.90</ItemPrice>
      <UnitOfMeasurePrice>1.18</UnitOfMeasurePrice>
      <AllowDiscount>0</AllowDiscount>
      <itemStatus>1</itemStatus>
      <LastUpdateDate />
      <LastUpdateTime />
    </Product>
    <Product>
      <PriceUpdateDate>2018/03/04 13:00</PriceUpdateDate>
      <ItemCode>7290019297239</ItemCode>
      <ItemType>1</ItemType>
      <ItemName>צימוק כהה 330 גר</ItemName>
      <ManufactureName>דין שיווק וקליה בעמ</ManufactureName>
      <ManufactureCountry />
      <ManufactureItemDescription />
      <UnitQty>יח`</UnitQty>
      <Quantity>330</Quantity>
      <UnitMeasure>גרם</UnitMeasure>
      <BisWeighted>0</BisWeighted>
      <QtyInPackage>1</QtyInPackage>
      <ItemPrice>12.90</ItemPrice>
      <UnitOfMeasurePrice>3.91</UnitOfMeasurePrice>
      <AllowDiscount>0</AllowDiscount>
      <itemStatus>1</itemStatus>
      <LastUpdateDate />
      <LastUpdateTime />
    </Product>
    <Product>
      <PriceUpdateDate>2019/08/07 17:06</PriceUpdateDate>
      <ItemCode>7290019297413</ItemCode>
      <ItemType>1</ItemType>
      <ItemName>מעדן פרי אפרסק 284  גר`ללא תוספת סוכר שק</ItemName>
      <ManufactureName>דין שיווק וקליה בעמ</ManufactureName>
      <ManufactureCountry />
      <ManufactureItemDescription />
      <UnitQty>יח`</UnitQty>
      <Quantity>284</Quantity>
      <UnitMeasure>גרם</UnitMeasure>
      <BisWeighted>0</BisWeighted>
      <QtyInPackage>1</QtyInPackage>
      <ItemPrice>10.90</ItemPrice>
      <UnitOfMeasurePrice>3.84</UnitOfMeasurePrice>
      <AllowDiscount>0</AllowDiscount>
      <itemStatus>1</itemStatus>
      <LastUpdateDate />
      <LastUpdateTime />
    </Product>
    <Product>
      <PriceUpdateDate>2019/08/07 17:06</PriceUpdateDate>
      <ItemCode>7290019297420</ItemCode>
      <ItemType>1</ItemType>
      <ItemName>מעדן פרי תות 284  גר`ללא תוספת סוכר שקדי</ItemName>
      <ManufactureName>דין שיווק וקליה בעמ</ManufactureName>
      <ManufactureCountry />
      <ManufactureItemDescription />
      <UnitQty>יח`</UnitQty>
      <Quantity>284</Quantity>
      <UnitMeasure>גרם</UnitMeasure>
      <BisWeighted>0</BisWeighted>
      <QtyInPackage>1</QtyInPackage>
      <ItemPrice>10.90</ItemPrice>
      <UnitOfMeasurePrice>3.84</UnitOfMeasurePrice>
      <AllowDiscount>0</AllowDiscount>
      <itemStatus>1</itemStatus>
      <LastUpdateDate />
      <LastUpdateTime />
    </Product>
    <Product>
      <PriceUpdateDate>2015/05/27 11:23</PriceUpdateDate>
      <ItemCode>7290019297451</ItemCode>
      <ItemType>1</ItemType>
      <ItemName>מי ורדים 500 מל דין שיווק</ItemName>
      <ManufactureName>דין שיווק וקליה בעמ</ManufactureName>
      <ManufactureCountry />
      <ManufactureItemDescription />
      <UnitQty>יח`</UnitQty>
      <Quantity>500</Quantity>
      <UnitMeasure>מ"ל</UnitMeasure>
      <BisWeighted>0</BisWeighted>
      <QtyInPackage>1</QtyInPackage>
      <ItemPrice>19.90</ItemPrice>
      <UnitOfMeasurePrice>3.98</UnitOfMeasurePrice>
      <AllowDiscount>0</AllowDiscount>
      <itemStatus>1</itemStatus>
      <LastUpdateDate />
      <LastUpdateTime />
    </Product>
    <Product>
      <PriceUpdateDate>2014/09/01 06:45</PriceUpdateDate>
      <ItemCode>7290019297512</ItemCode>
      <ItemType>1</ItemType>
      <ItemName>רוטב רימונים 340 גר שקדיה</ItemName>
      <ManufactureName>דין שיווק וקליה בעמ</ManufactureName>
      <ManufactureCountry />
      <ManufactureItemDescription />
      <UnitQty>יח`</UnitQty>
      <Quantity>340</Quantity>
      <UnitMeasure>מ"ל</UnitMeasure>
      <BisWeighted>0</BisWeighted>
      <QtyInPackage>1</QtyInPackage>
      <ItemPrice>9.90</ItemPrice>
      <UnitOfMeasurePrice>2.91</UnitOfMeasurePrice>
      <AllowDiscount>0</AllowDiscount>
      <itemStatus>1</itemStatus>
      <LastUpdateDate />
      <LastUpdateTime />
    </Product>
    <Product>
      <PriceUpdateDate>2015/05/17 16:18</PriceUpdateDate>
      <ItemCode>7290019297536</ItemCode>
      <ItemType>1</ItemType>
      <ItemName>חמאת בוטנים 510 גר` עם שברי בוטנים דין ש</ItemName>
      <ManufactureName>דין שיווק וקליה בעמ</ManufactureName>
      <ManufactureCountry />
      <ManufactureItemDescription />
      <UnitQty>יח`</UnitQty>
      <Quantity>510</Quantity>
      <UnitMeasure>גרם</UnitMeasure>
      <BisWeighted>0</BisWeighted>
      <QtyInPackage>1</QtyInPackage>
      <ItemPrice>12.90</ItemPrice>
      <UnitOfMeasurePrice>2.53</UnitOfMeasurePrice>
      <AllowDiscount>1</AllowDiscount>
      <itemStatus>1</itemStatus>
      <LastUpdateDate />
      <LastUpdateTime />
    </Product>
    <Product>
      <PriceUpdateDate>2015/05/17 16:18</PriceUpdateDate>
      <ItemCode>7290019297543</ItemCode>
      <ItemType>1</ItemType>
      <ItemName>חמאת בוטנים 510 גר` דין שיווק</ItemName>
      <ManufactureName>דין שיווק וקליה בעמ</ManufactureName>
      <ManufactureCountry />
      <ManufactureItemDescription />
      <UnitQty>יח`</UnitQty>
      <Quantity>510</Quantity>
      <UnitMeasure>גרם</UnitMeasure>
      <BisWeighted>0</BisWeighted>
      <QtyInPackage>1</QtyInPackage>
      <ItemPrice>12.90</ItemPrice>
      <UnitOfMeasurePrice>2.53</UnitOfMeasurePrice>
      <AllowDiscount>1</AllowDiscount>
      <itemStatus>1</itemStatus>
      <LastUpdateDate />
      <LastUpdateTime />
    </Product>
    <Product>
      <PriceUpdateDate>2015/06/07 08:40</PriceUpdateDate>
      <ItemCode>7290019297581</ItemCode>
      <ItemType>1</ItemType>
      <ItemName>סוכריות גומי מצופות סוכר טעם בננה</ItemName>
      <ManufactureName>דין שיווק וקליה בעמ</ManufactureName>
      <ManufactureCountry />
      <ManufactureItemDescription />
      <UnitQty>יח`</UnitQty>
      <Quantity>300</Quantity>
      <UnitMeasure>גרם</UnitMeasure>
      <BisWeighted>0</BisWeighted>
      <QtyInPackage>1</QtyInPackage>
      <ItemPrice>9.90</ItemPrice>
      <UnitOfMeasurePrice>3.30</UnitOfMeasurePrice>
      <AllowDiscount>0</AllowDiscount>
      <itemStatus>1</itemStatus>
      <LastUpdateDate />
      <LastUpdateTime />
    </Product>
    <Product>
      <PriceUpdateDate>2019/12/22 09:38</PriceUpdateDate>
      <ItemCode>7290019297628</ItemCode>
      <ItemType>1</ItemType>
      <ItemName>שקד טבעי 150 גרם ששון הקולה</ItemName>
      <ManufactureName>דין שיווק וקליה בעמ</ManufactureName>
      <ManufactureCountry />
      <ManufactureItemDescription />
      <UnitQty>יח`</UnitQty>
      <Quantity>150</Quantity>
      <UnitMeasure>גרם</UnitMeasure>
      <BisWeighted>0</BisWeighted>
      <QtyInPackage>1</QtyInPackage>
      <ItemPrice>11.90</ItemPrice>
      <UnitOfMeasurePrice>7.93</UnitOfMeasurePrice>
      <AllowDiscount>0</AllowDiscount>
      <itemStatus>1</itemStatus>
      <LastUpdateDate />
      <LastUpdateTime />
    </Product>
    <Product>
      <PriceUpdateDate>2018/08/08 07:03</PriceUpdateDate>
      <ItemCode>7290019297642</ItemCode>
      <ItemType>1</ItemType>
      <ItemName>גרעין שחור קלוי ללא מלח 150  גר`ששון הקו</ItemName>
      <ManufactureName>דין שיווק וקליה בעמ</ManufactureName>
      <ManufactureCountry />
      <ManufactureItemDescription />
      <UnitQty>יח`</UnitQty>
      <Quantity>150</Quantity>
      <UnitMeasure>גרם</UnitMeasure>
      <BisWeighted>0</BisWeighted>
      <QtyInPackage>1</QtyInPackage>
      <ItemPrice>3.90</ItemPrice>
      <UnitOfMeasurePrice>2.60</UnitOfMeasurePrice>
      <AllowDiscount>0</AllowDiscount>
      <itemStatus>1</itemStatus>
      <LastUpdateDate />
      <LastUpdateTime />
    </Product>
    <Product>
      <PriceUpdateDate>2015/01/28 16:44</PriceUpdateDate>
      <ItemCode>7290100240137</ItemCode>
      <ItemType>1</ItemType>
      <ItemName>בדין תרסיס למייבש כביסה</ItemName>
      <ManufactureName>יוניליוור ישראל שיווק בעמ</ManufactureName>
      <ManufactureCountry />
      <ManufactureItemDescription />
      <UnitQty>יח`</UnitQty>
      <Quantity>500</Quantity>
      <UnitMeasure>מ"ל</UnitMeasure>
      <BisWeighted>0</BisWeighted>
      <QtyInPackage>1</QtyInPackage>
      <ItemPrice>19.90</ItemPrice>
      <UnitOfMeasurePrice>3.98</UnitOfMeasurePrice>
      <AllowDiscount>1</AllowDiscount>
      <itemStatus>1</itemStatus>
      <LastUpdateDate />
      <LastUpdateTime />
    </Product>
    <Product>
      <PriceUpdateDate>2015/01/28 16:44</PriceUpdateDate>
      <ItemCode>7290100240144</ItemCode>
      <ItemType>1</ItemType>
      <ItemName>בדין תרסיס למייבש כביסה</ItemName>
      <ManufactureName>יוניליוור ישראל שיווק בעמ</ManufactureName>
      <ManufactureCountry />
      <ManufactureItemDescription />
      <UnitQty>יח`</UnitQty>
      <Quantity>500</Quantity>
      <UnitMeasure>מ"ל</UnitMeasure>
      <BisWeighted>0</BisWeighted>
      <QtyInPackage>1</QtyInPackage>
      <ItemPrice>19.90</ItemPrice>
      <UnitOfMeasurePrice>3.98</UnitOfMeasurePrice>
      <AllowDiscount>1</AllowDiscount>
      <itemStatus>1</itemStatus>
      <LastUpdateDate />
      <LastUpdateTime />
    </Product>
    <Product>
      <PriceUpdateDate>2017/06/06 08:30</PriceUpdateDate>
      <ItemCode>7290100240632</ItemCode>
      <ItemType>1</ItemType>
      <ItemName>פתית 6 דגנים תלמה (250 גרם)</ItemName>
      <ManufactureName>יוניליוור ישראל שיווק בעמ</ManufactureName>
      <ManufactureCountry />
      <ManufactureItemDescription />
      <UnitQty>יח`</UnitQty>
      <Quantity>250</Quantity>
      <UnitMeasure>גרם</UnitMeasure>
      <BisWeighted>0</BisWeighted>
      <QtyInPackage>1</QtyInPackage>
      <ItemPrice>17.90</ItemPrice>
      <UnitOfMeasurePrice>7.16</UnitOfMeasurePrice>
      <AllowDiscount>1</AllowDiscount>
      <itemStatus>1</itemStatus>
      <LastUpdateDate />
      <LastUpdateTime />
    </Product>
    <Product>
      <PriceUpdateDate>2017/06/06 08:30</PriceUpdateDate>
      <ItemCode>7290100240656</ItemCode>
      <ItemType>1</ItemType>
      <ItemName>פתית שיפון תלמה (300 גרם)</ItemName>
      <ManufactureName>יוניליוור ישראל שיווק בעמ</ManufactureName>
      <ManufactureCountry />
      <ManufactureItemDescription />
      <UnitQty>יח`</UnitQty>
      <Quantity>300</Quantity>
      <UnitMeasure>גרם</UnitMeasure>
      <BisWeighted>0</BisWeighted>
      <QtyInPackage>1</QtyInPackage>
      <ItemPrice>17.90</ItemPrice>
      <UnitOfMeasurePrice>5.97</UnitOfMeasurePrice>
      <AllowDiscount>1</AllowDiscount>
      <itemStatus>1</itemStatus>
      <LastUpdateDate />
      <LastUpdateTime />
    </Product>
    <Product>
      <PriceUpdateDate>2017/04/30 11:56</PriceUpdateDate>
      <ItemCode>7290100243671</ItemCode>
      <ItemType>1</ItemType>
      <ItemName>בדין אקסטרא כחול 960 מל</ItemName>
      <ManufactureName>יוניליוור ישראל שיווק בעמ</ManufactureName>
      <ManufactureCountry />
      <ManufactureItemDescription />
      <UnitQty>יח`</UnitQty>
      <Quantity>960</Quantity>
      <UnitMeasure>מ"ל</UnitMeasure>
      <BisWeighted>0</BisWeighted>
      <QtyInPackage>1</QtyInPackage>
      <ItemPrice>16.90</ItemPrice>
      <UnitOfMeasurePrice>1.76</UnitOfMeasurePrice>
      <AllowDiscount>1</AllowDiscount>
      <itemStatus>1</itemStatus>
      <LastUpdateDate />
      <LastUpdateTime />
    </Product>
    <Product>
      <PriceUpdateDate>2017/04/30 11:56</PriceUpdateDate>
      <ItemCode>7290100243688</ItemCode>
      <ItemType>1</ItemType>
      <ItemName>בדין אקסטרא ורוד 960 מל</ItemName>
      <ManufactureName>יוניליוור ישראל שיווק בעמ</ManufactureName>
      <ManufactureCountry />
      <ManufactureItemDescription />
      <UnitQty>יח`</UnitQty>
      <Quantity>960</Quantity>
      <UnitMeasure>מ"ל</UnitMeasure>
      <BisWeighted>0</BisWeighted>
      <QtyInPackage>1</QtyInPackage>
      <ItemPrice>16.90</ItemPrice>
      <UnitOfMeasurePrice>1.76</UnitOfMeasurePrice>
      <AllowDiscount>1</AllowDiscount>
      <itemStatus>1</itemStatus>
      <LastUpdateDate />
      <LastUpdateTime />
    </Product>
    <Product>
      <PriceUpdateDate>2016/09/13 08:44</PriceUpdateDate>
      <ItemCode>7290100245231</ItemCode>
      <ItemType>1</ItemType>
      <ItemName>נמס בכוס ועוד טעם עוף שקדי מרק</ItemName>
      <ManufactureName>יוניליוור ישראל שיווק בעמ</ManufactureName>
      <ManufactureCountry />
      <ManufactureItemDescription />
      <UnitQty>יח`</UnitQty>
      <Quantity>50</Quantity>
      <UnitMeasure>גרם</UnitMeasure>
      <BisWeighted>0</BisWeighted>
      <QtyInPackage>1</QtyInPackage>
      <ItemPrice>6.90</ItemPrice>
      <UnitOfMeasurePrice>13.80</UnitOfMeasurePrice>
      <AllowDiscount>0</AllowDiscount>
      <itemStatus>1</itemStatus>
      <LastUpdateDate />
      <LastUpdateTime />
    </Product>
    <Product>
      <PriceUpdateDate>2017/04/30 11:56</PriceUpdateDate>
      <ItemCode>7290100247051</ItemCode>
      <ItemType>1</ItemType>
      <ItemName>תחליב רחצה בניחוח קלאסי פינוק (700 מל)</ItemName>
      <ManufactureName>יוניליוור ישראל שיווק בעמ</ManufactureName>
      <ManufactureCountry />
      <ManufactureItemDescription />
      <UnitQty>יח`</UnitQty>
      <Quantity>700</Quantity>
      <UnitMeasure>מ"ל</UnitMeasure>
      <BisWeighted>0</BisWeighted>
      <QtyInPackage>1</QtyInPackage>
      <ItemPrice>12.90</ItemPrice>
      <UnitOfMeasurePrice>1.84</UnitOfMeasurePrice>
      <AllowDiscount>1</AllowDiscount>
      <itemStatus>1</itemStatus>
      <LastUpdateDate />
      <LastUpdateTime />
    </Product>
    <Product>
      <PriceUpdateDate>2015/12/01 10:59</PriceUpdateDate>
      <ItemCode>7290100247808</ItemCode>
      <ItemType>1</ItemType>
      <ItemName>נמס בכוס אקסטרה טעם עוף</ItemName>
      <ManufactureName>יוניליוור ישראל שיווק בעמ</ManufactureName>
      <ManufactureCountry />
      <ManufactureItemDescription />
      <UnitQty>יח`</UnitQty>
      <Quantity>58</Quantity>
      <UnitMeasure>גרם</UnitMeasure>
      <BisWeighted>0</BisWeighted>
      <QtyInPackage>1</QtyInPackage>
      <ItemPrice>4.90</ItemPrice>
      <UnitOfMeasurePrice>8.45</UnitOfMeasurePrice>
      <AllowDiscount>0</AllowDiscount>
      <itemStatus>1</itemStatus>
      <LastUpdateDate />
      <LastUpdateTime />
    </Product>
    <Product>
      <PriceUpdateDate>2015/12/01 10:59</PriceUpdateDate>
      <ItemCode>7290100247822</ItemCode>
      <ItemType>1</ItemType>
      <ItemName>נמס בכוס אקסטרה פיטריות</ItemName>
      <ManufactureName>יוניליוור ישראל שיווק בעמ</ManufactureName>
      <ManufactureCountry />
      <ManufactureItemDescription />
      <UnitQty>יח`</UnitQty>
      <Quantity>58</Quantity>
      <UnitMeasure>גרם</UnitMeasure>
      <BisWeighted>0</BisWeighted>
      <QtyInPackage>1</QtyInPackage>
      <ItemPrice>4.90</ItemPrice>
      <UnitOfMeasurePrice>8.45</UnitOfMeasurePrice>
      <AllowDiscount>0</AllowDiscount>
      <itemStatus>1</itemStatus>
      <LastUpdateDate />
      <LastUpdateTime />
    </Product>
    <Product>
      <PriceUpdateDate>2016/09/13 08:44</PriceUpdateDate>
      <ItemCode>7290100249482</ItemCode>
      <ItemType>1</ItemType>
      <ItemName>נמס בכוס אפונה בדצ</ItemName>
      <ManufactureName>יוניליוור ישראל שיווק בעמ</ManufactureName>
      <ManufactureCountry />
      <ManufactureItemDescription />
      <UnitQty>יח`</UnitQty>
      <Quantity>45</Quantity>
      <UnitMeasure>גרם</UnitMeasure>
      <BisWeighted>0</BisWeighted>
      <QtyInPackage>1</QtyInPackage>
      <ItemPrice>6.90</ItemPrice>
      <UnitOfMeasurePrice>15.33</UnitOfMeasurePrice>
      <AllowDiscount>0</AllowDiscount>
      <itemStatus>1</itemStatus>
      <LastUpdateDate />
      <LastUpdateTime />
    </Product>
    <Product>
      <PriceUpdateDate>2015/06/29 11:11</PriceUpdateDate>
      <ItemCode>7290100249581</ItemCode>
      <ItemType>1</ItemType>
      <ItemName>רוטב לעוף שזיפים קנור (320 גרם)</ItemName>
      <ManufactureName>יוניליוור ישראל שיווק בעמ</ManufactureName>
      <ManufactureCountry />
      <ManufactureItemDescription />
      <UnitQty>יח`</UnitQty>
      <Quantity>310</Quantity>
      <UnitMeasure>גרם</UnitMeasure>
      <BisWeighted>0</BisWeighted>
      <QtyInPackage>1</QtyInPackage>
      <ItemPrice>13.90</ItemPrice>
      <UnitOfMeasurePrice>4.48</UnitOfMeasurePrice>
      <AllowDiscount>1</AllowDiscount>
      <itemStatus>1</itemStatus>
      <LastUpdateDate />
      <LastUpdateTime />
    </Product>
    <Product>
      <PriceUpdateDate>2015/06/29 11:11</PriceUpdateDate>
      <ItemCode>7290100249598</ItemCode>
      <ItemType>1</ItemType>
      <ItemName>רוטב לעוף בטעם שום ודבש קנור (320 גרם)</ItemName>
      <ManufactureName>יוניליוור ישראל שיווק בעמ</ManufactureName>
      <ManufactureCountry />
      <ManufactureItemDescription />
      <UnitQty>יח`</UnitQty>
      <Quantity>310</Quantity>
      <UnitMeasure>גרם</UnitMeasure>
      <BisWeighted>0</BisWeighted>
      <QtyInPackage>1</QtyInPackage>
      <ItemPrice>13.90</ItemPrice>
      <UnitOfMeasurePrice>4.48</UnitOfMeasurePrice>
      <AllowDiscount>1</AllowDiscount>
      <itemStatus>1</itemStatus>
      <LastUpdateDate />
      <LastUpdateTime />
    </Product>
    <Product>
      <PriceUpdateDate>2019/06/16 08:39</PriceUpdateDate>
      <ItemCode>7290100412442</ItemCode>
      <ItemType>1</ItemType>
      <ItemName>מגבונים לניקוי שירותים ואמבטיה 50 יח` קו</ItemName>
      <ManufactureName>שקד תבל בעמ</ManufactureName>
      <ManufactureCountry />
      <ManufactureItemDescription />
      <UnitQty>יח`</UnitQty>
      <Quantity>1</Quantity>
      <UnitMeasure />
      <BisWeighted>0</BisWeighted>
      <QtyInPackage>1</QtyInPackage>
      <ItemPrice>7.90</ItemPrice>
      <UnitOfMeasurePrice>7.90</UnitOfMeasurePrice>
      <AllowDiscount>0</AllowDiscount>
      <itemStatus>1</itemStatus>
      <LastUpdateDate />
      <LastUpdateTime />
    </Product>
    <Product>
      <PriceUpdateDate>2018/01/08 16:37</PriceUpdateDate>
      <ItemCode>7290100412763</ItemCode>
      <ItemType>1</ItemType>
      <ItemName>דר עור תחליב רחצה קלאסי 700 מל-לבנדר</ItemName>
      <ManufactureName>שקד תבל בעמ</ManufactureName>
      <ManufactureCountry />
      <ManufactureItemDescription />
      <UnitQty>יח`</UnitQty>
      <Quantity>700</Quantity>
      <UnitMeasure>מ"ל</UnitMeasure>
      <BisWeighted>0</BisWeighted>
      <QtyInPackage>1</QtyInPackage>
      <ItemPrice>19.90</ItemPrice>
      <UnitOfMeasurePrice>2.84</UnitOfMeasurePrice>
      <AllowDiscount>1</AllowDiscount>
      <itemStatus>1</itemStatus>
      <LastUpdateDate />
      <LastUpdateTime />
    </Product>
    <Product>
      <PriceUpdateDate>2018/01/08 16:37</PriceUpdateDate>
      <ItemCode>7290100412770</ItemCode>
      <ItemType>1</ItemType>
      <ItemName>דר עור תחליב רחצה קלאסי 700 מל-מאסק</ItemName>
      <ManufactureName>שקד תבל בעמ</ManufactureName>
      <ManufactureCountry />
      <ManufactureItemDescription />
      <UnitQty>יח`</UnitQty>
      <Quantity>700</Quantity>
      <UnitMeasure>מ"ל</UnitMeasure>
      <BisWeighted>0</BisWeighted>
      <QtyInPackage>1</QtyInPackage>
      <ItemPrice>19.90</ItemPrice>
      <UnitOfMeasurePrice>2.84</UnitOfMeasurePrice>
      <AllowDiscount>1</AllowDiscount>
      <itemStatus>1</itemStatus>
      <LastUpdateDate />
      <LastUpdateTime />
    </Product>
    <Product>
      <PriceUpdateDate>2015/12/29 08:29</PriceUpdateDate>
      <ItemCode>7290100653586</ItemCode>
      <ItemType>1</ItemType>
      <ItemName>ליידי ספיד סטיק 24/7 גל ורוד</ItemName>
      <ManufactureName>ש.שסטוביץ בעמ</ManufactureName>
      <ManufactureCountry />
      <ManufactureItemDescription />
      <UnitQty>יח`</UnitQty>
      <Quantity>50</Quantity>
      <UnitMeasure>מ"ל</UnitMeasure>
      <BisWeighted>0</BisWeighted>
      <QtyInPackage>1</QtyInPackage>
      <ItemPrice>16.90</ItemPrice>
      <UnitOfMeasurePrice>33.80</UnitOfMeasurePrice>
      <AllowDiscount>0</AllowDiscount>
      <itemStatus>1</itemStatus>
      <LastUpdateDate />
      <LastUpdateTime />
    </Product>
    <Product>
      <PriceUpdateDate>2017/06/01 10:26</PriceUpdateDate>
      <ItemCode>7290100658338</ItemCode>
      <ItemType>1</ItemType>
      <ItemName>פלמוליב כלים אוקסי כחול פורמולה חדשה</ItemName>
      <ManufactureName>ש.שסטוביץ בעמ</ManufactureName>
      <ManufactureCountry />
      <ManufactureItemDescription />
      <UnitQty>יח`</UnitQty>
      <Quantity>750</Quantity>
      <UnitMeasure>מ"ל</UnitMeasure>
      <BisWeighted>0</BisWeighted>
      <QtyInPackage>1</QtyInPackage>
      <ItemPrice>11.90</ItemPrice>
      <UnitOfMeasurePrice>1.59</UnitOfMeasurePrice>
      <AllowDiscount>1</AllowDiscount>
      <itemStatus>1</itemStatus>
      <LastUpdateDate />
      <LastUpdateTime />
    </Product>
    <Product>
      <PriceUpdateDate>2018/02/07 10:44</PriceUpdateDate>
      <ItemCode>7290100680650</ItemCode>
      <ItemType>1</ItemType>
      <ItemName>מנה חמה נודלס תאילנדי</ItemName>
      <ManufactureName>קבוצת אסם סחר שות. מוגבלת</ManufactureName>
      <ManufactureCountry />
      <ManufactureItemDescription />
      <UnitQty>יח`</UnitQty>
      <Quantity>76</Quantity>
      <UnitMeasure>גרם</UnitMeasure>
      <BisWeighted>0</BisWeighted>
      <QtyInPackage>1</QtyInPackage>
      <ItemPrice>7.90</ItemPrice>
      <UnitOfMeasurePrice>10.39</UnitOfMeasurePrice>
      <AllowDiscount>1</AllowDiscount>
      <itemStatus>1</itemStatus>
      <LastUpdateDate />
      <LastUpdateTime />
    </Product>
    <Product>
      <PriceUpdateDate>2014/04/13 13:35</PriceUpdateDate>
      <ItemCode>7290100680711</ItemCode>
      <ItemType>1</ItemType>
      <ItemName>פירורית זהב אסם (350 גרם)</ItemName>
      <ManufactureName>קבוצת אסם סחר שות. מוגבלת</ManufactureName>
      <ManufactureCountry />
      <ManufactureItemDescription />
      <UnitQty>יח`</UnitQty>
      <Quantity>350</Quantity>
      <UnitMeasure>גרם</UnitMeasure>
      <BisWeighted>0</BisWeighted>
      <QtyInPackage>1</QtyInPackage>
      <ItemPrice>8.90</ItemPrice>
      <UnitOfMeasurePrice>2.54</UnitOfMeasurePrice>
      <AllowDiscount>0</AllowDiscount>
      <itemStatus>1</itemStatus>
      <LastUpdateDate />
      <LastUpdateTime />
    </Product>
    <Product>
      <PriceUpdateDate>2015/12/01 08:27</PriceUpdateDate>
      <ItemCode>7290100680728</ItemCode>
      <ItemType>1</ItemType>
      <ItemName>פירורית אסם (350 גרם)</ItemName>
      <ManufactureName>קבוצת אסם סחר שות. מוגבלת</ManufactureName>
      <ManufactureCountry />
      <ManufactureItemDescription />
      <UnitQty>יח`</UnitQty>
      <Quantity>350</Quantity>
      <UnitMeasure>גרם</UnitMeasure>
      <BisWeighted>0</BisWeighted>
      <QtyInPackage>1</QtyInPackage>
      <ItemPrice>7.90</ItemPrice>
      <UnitOfMeasurePrice>2.26</UnitOfMeasurePrice>
      <AllowDiscount>0</AllowDiscount>
      <itemStatus>1</itemStatus>
      <LastUpdateDate />
      <LastUpdateTime />
    </Product>
    <Product>
      <PriceUpdateDate>2015/12/01 18:43</PriceUpdateDate>
      <ItemCode>7290100681138</ItemCode>
      <ItemType>1</ItemType>
      <ItemName>אפרופו מארז שלישיה</ItemName>
      <ManufactureName>קבוצת אסם סחר שות. מוגבלת</ManufactureName>
      <ManufactureCountry />
      <ManufactureItemDescription />
      <UnitQty>יח`</UnitQty>
      <Quantity>150</Quantity>
      <UnitMeasure>גרם</UnitMeasure>
      <BisWeighted>0</BisWeighted>
      <QtyInPackage>1</QtyInPackage>
      <ItemPrice>13.90</ItemPrice>
      <UnitOfMeasurePrice>9.27</UnitOfMeasurePrice>
      <AllowDiscount>1</AllowDiscount>
      <itemStatus>1</itemStatus>
      <LastUpdateDate />
      <LastUpdateTime />
    </Product>
    <Product>
      <PriceUpdateDate>2014/12/28 11:22</PriceUpdateDate>
      <ItemCode>7290100683200</ItemCode>
      <ItemType>1</ItemType>
      <ItemName>רוטב ברביקיו אסם (290 מל)</ItemName>
      <ManufactureName>קבוצת אסם סחר שות. מוגבלת</ManufactureName>
      <ManufactureCountry />
      <ManufactureItemDescription />
      <UnitQty>יח`</UnitQty>
      <Quantity>250</Quantity>
      <UnitMeasure>גרם</UnitMeasure>
      <BisWeighted>0</BisWeighted>
      <QtyInPackage>1</QtyInPackage>
      <ItemPrice>11.90</ItemPrice>
      <UnitOfMeasurePrice>4.76</UnitOfMeasurePrice>
      <AllowDiscount>0</AllowDiscount>
      <itemStatus>1</itemStatus>
      <LastUpdateDate />
      <LastUpdateTime />
    </Product>
    <Product>
      <PriceUpdateDate>2017/06/04 08:43</PriceUpdateDate>
      <ItemCode>7290100685136</ItemCode>
      <ItemType>1</ItemType>
      <ItemName>אבקת מרק בטעם עוף אסם (1 קג)</ItemName>
      <ManufactureName>קבוצת אסם סחר שות. מוגבלת</ManufactureName>
      <ManufactureCountry />
      <ManufactureItemDescription />
      <UnitQty>יח`</UnitQty>
      <Quantity>1</Quantity>
      <UnitMeasure>ק"ג</UnitMeasure>
      <BisWeighted>0</BisWeighted>
      <QtyInPackage>1</QtyInPackage>
      <ItemPrice>14.90</ItemPrice>
      <UnitOfMeasurePrice>14.90</UnitOfMeasurePrice>
      <AllowDiscount>1</AllowDiscount>
      <itemStatus>1</itemStatus>
      <LastUpdateDate />
      <LastUpdateTime />
    </Product>
    <Product>
      <PriceUpdateDate>2015/03/03 09:28</PriceUpdateDate>
      <ItemCode>7290100685334</ItemCode>
      <ItemType>1</ItemType>
      <ItemName>אבקת מרק עוף אמיתי מרכיבים 400 גר`</ItemName>
      <ManufactureName>קבוצת אסם סחר שות. מוגבלת</ManufactureName>
      <ManufactureCountry />
      <ManufactureItemDescription />
      <UnitQty>יח`</UnitQty>
      <Quantity>400</Quantity>
      <UnitMeasure>גרם</UnitMeasure>
      <BisWeighted>0</BisWeighted>
      <QtyInPackage>1</QtyInPackage>
      <ItemPrice>26.90</ItemPrice>
      <UnitOfMeasurePrice>6.73</UnitOfMeasurePrice>
      <AllowDiscount>1</AllowDiscount>
      <itemStatus>1</itemStatus>
      <LastUpdateDate />
      <LastUpdateTime />
    </Product>
    <Product>
      <PriceUpdateDate>2015/03/03 09:28</PriceUpdateDate>
      <ItemCode>7290100685341</ItemCode>
      <ItemType>1</ItemType>
      <ItemName>אבקת מרק רכיבים 400 גר`</ItemName>
      <ManufactureName>קבוצת אסם סחר שות. מוגבלת</ManufactureName>
      <ManufactureCountry />
      <ManufactureItemDescription />
      <UnitQty>יח`</UnitQty>
      <Quantity>400</Quantity>
      <UnitMeasure>גרם</UnitMeasure>
      <BisWeighted>0</BisWeighted>
      <QtyInPackage>1</QtyInPackage>
      <ItemPrice>16.90</ItemPrice>
      <UnitOfMeasurePrice>4.23</UnitOfMeasurePrice>
      <AllowDiscount>1</AllowDiscount>
      <itemStatus>1</itemStatus>
      <LastUpdateDate />
      <LastUpdateTime />
    </Product>
    <Product>
      <PriceUpdateDate>2014/07/13 12:21</PriceUpdateDate>
      <ItemCode>7290100686164</ItemCode>
      <ItemType>1</ItemType>
      <ItemName>ביסלי חטיף בטעם ברביקיו אסם (35x6 גרם)</ItemName>
      <ManufactureName>קבוצת אסם סחר שות. מוגבלת</ManufactureName>
      <ManufactureCountry />
      <ManufactureItemDescription />
      <UnitQty>יח`</UnitQty>
      <Quantity>210</Quantity>
      <UnitMeasure>גרם</UnitMeasure>
      <BisWeighted>0</BisWeighted>
      <QtyInPackage>1</QtyInPackage>
      <ItemPrice>14.90</ItemPrice>
      <UnitOfMeasurePrice>7.10</UnitOfMeasurePrice>
      <AllowDiscount>1</AllowDiscount>
      <itemStatus>1</itemStatus>
      <LastUpdateDate />
      <LastUpdateTime />
    </Product>
    <Product>
      <PriceUpdateDate>2015/12/01 18:43</PriceUpdateDate>
      <ItemCode>7290100686928</ItemCode>
      <ItemType>1</ItemType>
      <ItemName>עוגת הבית עשירות שוקולד פרורים 400 גר`</ItemName>
      <ManufactureName>קבוצת אסם סחר שות. מוגבלת</ManufactureName>
      <ManufactureCountry />
      <ManufactureItemDescription />
      <UnitQty>יח`</UnitQty>
      <Quantity>400</Quantity>
      <UnitMeasure>גרם</UnitMeasure>
      <BisWeighted>0</BisWeighted>
      <QtyInPackage>1</QtyInPackage>
      <ItemPrice>18.90</ItemPrice>
      <UnitOfMeasurePrice>4.73</UnitOfMeasurePrice>
      <AllowDiscount>0</AllowDiscount>
      <itemStatus>1</itemStatus>
      <LastUpdateDate />
      <LastUpdateTime />
    </Product>
    <Product>
      <PriceUpdateDate>2015/05/13 08:34</PriceUpdateDate>
      <ItemCode>7290100687109</ItemCode>
      <ItemType>1</ItemType>
      <ItemName>במבה במילוי נוגט אסם (60 גרם)</ItemName>
      <ManufactureName>קבוצת אסם סחר שות. מוגבלת</ManufactureName>
      <ManufactureCountry />
      <ManufactureItemDescription />
      <UnitQty>יח`</UnitQty>
      <Quantity>60</Quantity>
      <UnitMeasure>גרם</UnitMeasure>
      <BisWeighted>0</BisWeighted>
      <QtyInPackage>1</QtyInPackage>
      <ItemPrice>4.30</ItemPrice>
      <UnitOfMeasurePrice>7.17</UnitOfMeasurePrice>
      <AllowDiscount>1</AllowDiscount>
      <itemStatus>1</itemStatus>
      <LastUpdateDate />
      <LastUpdateTime />
    </Product>
    <Product>
      <PriceUpdateDate>2015/04/12 18:16</PriceUpdateDate>
      <ItemCode>7290100689301</ItemCode>
      <ItemType>1</ItemType>
      <ItemName>מרק בטעם עוף זך אסם (400 גרם)</ItemName>
      <ManufactureName>קבוצת אסם סחר שות. מוגבלת</ManufactureName>
      <ManufactureCountry />
      <ManufactureItemDescription />
      <UnitQty>יח`</UnitQty>
      <Quantity>400</Quantity>
      <UnitMeasure>גרם</UnitMeasure>
      <BisWeighted>0</BisWeighted>
      <QtyInPackage>1</QtyInPackage>
      <ItemPrice>15.90</ItemPrice>
      <UnitOfMeasurePrice>3.98</UnitOfMeasurePrice>
      <AllowDiscount>1</AllowDiscount>
      <itemStatus>1</itemStatus>
      <LastUpdateDate />
      <LastUpdateTime />
    </Product>
    <Product>
      <PriceUpdateDate>2015/03/02 16:11</PriceUpdateDate>
      <ItemCode>7290100700020</ItemCode>
      <ItemType>1</ItemType>
      <ItemName>גריסי פנינה סוגת (500 גרם)</ItemName>
      <ManufactureName>סוגת תעשיות בעמ</ManufactureName>
      <ManufactureCountry />
      <ManufactureItemDescription />
      <UnitQty>יח`</UnitQty>
      <Quantity>200</Quantity>
      <UnitMeasure>גרם</UnitMeasure>
      <BisWeighted>0</BisWeighted>
      <QtyInPackage>1</QtyInPackage>
      <ItemPrice>6.90</ItemPrice>
      <UnitOfMeasurePrice>3.45</UnitOfMeasurePrice>
      <AllowDiscount>1</AllowDiscount>
      <itemStatus>1</itemStatus>
      <LastUpdateDate />
      <LastUpdateTime />
    </Product>
    <Product>
      <PriceUpdateDate>2019/01/30 08:45</PriceUpdateDate>
      <ItemCode>7290100700075</ItemCode>
      <ItemType>1</ItemType>
      <ItemName>פירורי לחם מוזהבים סוגת (200 גרם)</ItemName>
      <ManufactureName>סוגת תעשיות בעמ</ManufactureName>
      <ManufactureCountry />
      <ManufactureItemDescription />
      <UnitQty>יח`</UnitQty>
      <Quantity>200</Quantity>
      <UnitMeasure>גרם</UnitMeasure>
      <BisWeighted>0</BisWeighted>
      <QtyInPackage>1</QtyInPackage>
      <ItemPrice>4</ItemPrice>
      <UnitOfMeasurePrice>2</UnitOfMeasurePrice>
      <AllowDiscount>1</AllowDiscount>
      <itemStatus>1</itemStatus>
      <LastUpdateDate />
      <LastUpdateTime />
    </Product>
    <Product>
      <PriceUpdateDate>2014/05/28 11:23</PriceUpdateDate>
      <ItemCode>7290100700242</ItemCode>
      <ItemType>1</ItemType>
      <ItemName>אורז מלא עגול סוגת (1 קג)</ItemName>
      <ManufactureName>סוגת תעשיות בעמ</ManufactureName>
      <ManufactureCountry />
      <ManufactureItemDescription />
      <UnitQty>יח`</UnitQty>
      <Quantity>1000</Quantity>
      <UnitMeasure>גרם</UnitMeasure>
      <BisWeighted>0</BisWeighted>
      <QtyInPackage>1</QtyInPackage>
      <ItemPrice>9.90</ItemPrice>
      <UnitOfMeasurePrice>0.99</UnitOfMeasurePrice>
      <AllowDiscount>0</AllowDiscount>
      <itemStatus>1</itemStatus>
      <LastUpdateDate />
      <LastUpdateTime />
    </Product>
    <Product>
      <PriceUpdateDate>2019/11/19 08:38</PriceUpdateDate>
      <ItemCode>7290100700273</ItemCode>
      <ItemType>1</ItemType>
      <ItemName>קינואה 500 גר`</ItemName>
      <ManufactureName>סוגת תעשיות בעמ</ManufactureName>
      <ManufactureCountry />
      <ManufactureItemDescription />
      <UnitQty>יח`</UnitQty>
      <Quantity>500</Quantity>
      <UnitMeasure>גרם</UnitMeasure>
      <BisWeighted>0</BisWeighted>
      <QtyInPackage>1</QtyInPackage>
      <ItemPrice>15.90</ItemPrice>
      <UnitOfMeasurePrice>3.18</UnitOfMeasurePrice>
      <AllowDiscount>1</AllowDiscount>
      <itemStatus>1</itemStatus>
      <LastUpdateDate />
      <LastUpdateTime />
    </Product>
    <Product>
      <PriceUpdateDate>2018/01/14 10:24</PriceUpdateDate>
      <ItemCode>7290100700372</ItemCode>
      <ItemType>1</ItemType>
      <ItemName>אורז בסמטי מלא סוגת (1 קג)</ItemName>
      <ManufactureName>סוגת תעשיות בעמ</ManufactureName>
      <ManufactureCountry />
      <ManufactureItemDescription />
      <UnitQty>יח`</UnitQty>
      <Quantity>1000</Quantity>
      <UnitMeasure>גרם</UnitMeasure>
      <BisWeighted>0</BisWeighted>
      <QtyInPackage>1</QtyInPackage>
      <ItemPrice>15.90</ItemPrice>
      <UnitOfMeasurePrice>1.59</UnitOfMeasurePrice>
      <AllowDiscount>0</AllowDiscount>
      <itemStatus>1</itemStatus>
      <LastUpdateDate />
      <LastUpdateTime />
    </Product>
    <Product>
      <PriceUpdateDate>2015/04/29 11:59</PriceUpdateDate>
      <ItemCode>7290100700396</ItemCode>
      <ItemType>1</ItemType>
      <ItemName>אורז יסמין סוגת (1 קג)</ItemName>
      <ManufactureName>סוגת תעשיות בעמ</ManufactureName>
      <ManufactureCountry />
      <ManufactureItemDescription />
      <UnitQty>יח`</UnitQty>
      <Quantity>1000</Quantity>
      <UnitMeasure>גרם</UnitMeasure>
      <BisWeighted>0</BisWeighted>
      <QtyInPackage>1</QtyInPackage>
      <ItemPrice>12.90</ItemPrice>
      <UnitOfMeasurePrice>1.29</UnitOfMeasurePrice>
      <AllowDiscount>1</AllowDiscount>
      <itemStatus>1</itemStatus>
      <LastUpdateDate />
      <LastUpdateTime />
    </Product>
    <Product>
      <PriceUpdateDate>2014/04/13 18:28</PriceUpdateDate>
      <ItemCode>7290100700563</ItemCode>
      <ItemType>1</ItemType>
      <ItemName>אורז מיקס קלאסי סוגת (1 קג)</ItemName>
      <ManufactureName>סוגת תעשיות בעמ</ManufactureName>
      <ManufactureCountry />
      <ManufactureItemDescription />
      <UnitQty>יח`</UnitQty>
      <Quantity>1000</Quantity>
      <UnitMeasure>גרם</UnitMeasure>
      <BisWeighted>0</BisWeighted>
      <QtyInPackage>1</QtyInPackage>
      <ItemPrice>14.90</ItemPrice>
      <UnitOfMeasurePrice>1.49</UnitOfMeasurePrice>
      <AllowDiscount>0</AllowDiscount>
      <itemStatus>1</itemStatus>
      <LastUpdateDate />
      <LastUpdateTime />
    </Product>
    <Product>
      <PriceUpdateDate>2015/03/02 16:11</PriceUpdateDate>
      <ItemCode>7290100700587</ItemCode>
      <ItemType>1</ItemType>
      <ItemName>בורגול סוגת (500 גרם)</ItemName>
      <ManufactureName>סוגת תעשיות בעמ</ManufactureName>
      <ManufactureCountry />
      <ManufactureItemDescription />
      <UnitQty>יח`</UnitQty>
      <Quantity>500</Quantity>
      <UnitMeasure>גרם</UnitMeasure>
      <BisWeighted>0</BisWeighted>
      <QtyInPackage>1</QtyInPackage>
      <ItemPrice>5.90</ItemPrice>
      <UnitOfMeasurePrice>1.18</UnitOfMeasurePrice>
      <AllowDiscount>1</AllowDiscount>
      <itemStatus>1</itemStatus>
      <LastUpdateDate />
      <LastUpdateTime />
    </Product>
    <Product>
      <PriceUpdateDate>2014/04/13 18:28</PriceUpdateDate>
      <ItemCode>7290100701140</ItemCode>
      <ItemType>1</ItemType>
      <ItemName>אורז ריזוטו ארבוריו סוגת (1 קג)</ItemName>
      <ManufactureName>סוגת תעשיות בעמ</ManufactureName>
      <ManufactureCountry />
      <ManufactureItemDescription />
      <UnitQty>יח`</UnitQty>
      <Quantity>1000</Quantity>
      <UnitMeasure>גרם</UnitMeasure>
      <BisWeighted>0</BisWeighted>
      <QtyInPackage>1</QtyInPackage>
      <ItemPrice>15.90</ItemPrice>
      <UnitOfMeasurePrice>1.59</UnitOfMeasurePrice>
      <AllowDiscount>0</AllowDiscount>
      <itemStatus>1</itemStatus>
      <LastUpdateDate />
      <LastUpdateTime />
    </Product>
    <Product>
      <PriceUpdateDate>2014/04/13 18:28</PriceUpdateDate>
      <ItemCode>7290100701157</ItemCode>
      <ItemType>1</ItemType>
      <ItemName>אורז להכנת סושי סוגת (1 קג)</ItemName>
      <ManufactureName>סוגת תעשיות בעמ</ManufactureName>
      <ManufactureCountry />
      <ManufactureItemDescription />
      <UnitQty>יח`</UnitQty>
      <Quantity>1000</Quantity>
      <UnitMeasure>גרם</UnitMeasure>
      <BisWeighted>0</BisWeighted>
      <QtyInPackage>1</QtyInPackage>
      <ItemPrice>12.90</ItemPrice>
      <UnitOfMeasurePrice>1.29</UnitOfMeasurePrice>
      <AllowDiscount>0</AllowDiscount>
      <itemStatus>1</itemStatus>
      <LastUpdateDate />
      <LastUpdateTime />
    </Product>
    <Product>
      <PriceUpdateDate>2019/11/19 08:38</PriceUpdateDate>
      <ItemCode>7290100701300</ItemCode>
      <ItemType>1</ItemType>
      <ItemName>קינואה אדומה סוגת (500 גרם)</ItemName>
      <ManufactureName>סוגת תעשיות בעמ</ManufactureName>
      <ManufactureCountry />
      <ManufactureItemDescription />
      <UnitQty>יח`</UnitQty>
      <Quantity>500</Quantity>
      <UnitMeasure>גרם</UnitMeasure>
      <BisWeighted>0</BisWeighted>
      <QtyInPackage>1</QtyInPackage>
      <ItemPrice>15.90</ItemPrice>
      <UnitOfMeasurePrice>3.18</UnitOfMeasurePrice>
      <AllowDiscount>1</AllowDiscount>
      <itemStatus>1</itemStatus>
      <LastUpdateDate />
      <LastUpdateTime />
    </Product>
    <Product>
      <PriceUpdateDate>2015/06/28 13:46</PriceUpdateDate>
      <ItemCode>7290100701331</ItemCode>
      <ItemType>1</ItemType>
      <ItemName>קמח רב תכליתי סוגת (1 קג)</ItemName>
      <ManufactureName>סוגת תעשיות בעמ</ManufactureName>
      <ManufactureCountry />
      <ManufactureItemDescription />
      <UnitQty>יח`</UnitQty>
      <Quantity>1</Quantity>
      <UnitMeasure>ק"ג</UnitMeasure>
      <BisWeighted>0</BisWeighted>
      <QtyInPackage>1</QtyInPackage>
      <ItemPrice>8.90</ItemPrice>
      <UnitOfMeasurePrice>8.90</UnitOfMeasurePrice>
      <AllowDiscount>1</AllowDiscount>
      <itemStatus>1</itemStatus>
      <LastUpdateDate />
      <LastUpdateTime />
    </Product>
    <Product>
      <PriceUpdateDate>2015/03/02 16:11</PriceUpdateDate>
      <ItemCode>7290100701454</ItemCode>
      <ItemType>1</ItemType>
      <ItemName>בורגול דק גרישה סוגת (500 גרם)</ItemName>
      <ManufactureName>סוגת תעשיות בעמ</ManufactureName>
      <ManufactureCountry />
      <ManufactureItemDescription />
      <UnitQty>יח`</UnitQty>
      <Quantity>500</Quantity>
      <UnitMeasure>גרם</UnitMeasure>
      <BisWeighted>0</BisWeighted>
      <QtyInPackage>1</QtyInPackage>
      <ItemPrice>5.90</ItemPrice>
      <UnitOfMeasurePrice>1.18</UnitOfMeasurePrice>
      <AllowDiscount>1</AllowDiscount>
      <itemStatus>1</itemStatus>
      <LastUpdateDate />
      <LastUpdateTime />
    </Product>
    <Product>
      <PriceUpdateDate>2017/02/14 11:09</PriceUpdateDate>
      <ItemCode>7290100701874</ItemCode>
      <ItemType>1</ItemType>
      <ItemName>קמח כוסמין מלא סוגת (1 קג)</ItemName>
      <ManufactureName>סוגת תעשיות בעמ</ManufactureName>
      <ManufactureCountry />
      <ManufactureItemDescription />
      <UnitQty>יח`</UnitQty>
      <Quantity>1000</Quantity>
      <UnitMeasure>גרם</UnitMeasure>
      <BisWeighted>0</BisWeighted>
      <QtyInPackage>1</QtyInPackage>
      <ItemPrice>16.90</ItemPrice>
      <UnitOfMeasurePrice>1.69</UnitOfMeasurePrice>
      <AllowDiscount>0</AllowDiscount>
      <itemStatus>1</itemStatus>
      <LastUpdateDate />
      <LastUpdateTime />
    </Product>
    <Product>
      <PriceUpdateDate>2015/06/28 13:46</PriceUpdateDate>
      <ItemCode>7290100701881</ItemCode>
      <ItemType>1</ItemType>
      <ItemName>קמח פיצה ופוקצ`ה סוגת 1 קג`</ItemName>
      <ManufactureName>סוגת תעשיות בעמ</ManufactureName>
      <ManufactureCountry />
      <ManufactureItemDescription />
      <UnitQty>יח`</UnitQty>
      <Quantity>1</Quantity>
      <UnitMeasure>ק"ג</UnitMeasure>
      <BisWeighted>0</BisWeighted>
      <QtyInPackage>1</QtyInPackage>
      <ItemPrice>8.90</ItemPrice>
      <UnitOfMeasurePrice>8.90</UnitOfMeasurePrice>
      <AllowDiscount>1</AllowDiscount>
      <itemStatus>1</itemStatus>
      <LastUpdateDate />
      <LastUpdateTime />
    </Product>
    <Product>
      <PriceUpdateDate>2014/04/13 18:28</PriceUpdateDate>
      <ItemCode>7290100702260</ItemCode>
      <ItemType>1</ItemType>
      <ItemName>קוסקוס דק סוגת (350 גרם)</ItemName>
      <ManufactureName>סוגת תעשיות בעמ</ManufactureName>
      <ManufactureCountry />
      <ManufactureItemDescription />
      <UnitQty>יח`</UnitQty>
      <Quantity>350</Quantity>
      <UnitMeasure>גרם</UnitMeasure>
      <BisWeighted>0</BisWeighted>
      <QtyInPackage>1</QtyInPackage>
      <ItemPrice>4.90</ItemPrice>
      <UnitOfMeasurePrice>1.40</UnitOfMeasurePrice>
      <AllowDiscount>1</AllowDiscount>
      <itemStatus>1</itemStatus>
      <LastUpdateDate />
      <LastUpdateTime />
    </Product>
    <Product>
      <PriceUpdateDate>2014/04/13 18:28</PriceUpdateDate>
      <ItemCode>7290100702277</ItemCode>
      <ItemType>1</ItemType>
      <ItemName>קוסקוס עבה סוגת (350 גרם)</ItemName>
      <ManufactureName>סוגת תעשיות בעמ</ManufactureName>
      <ManufactureCountry />
      <ManufactureItemDescription />
      <UnitQty>יח`</UnitQty>
      <Quantity>350</Quantity>
      <UnitMeasure>גרם</UnitMeasure>
      <BisWeighted>0</BisWeighted>
      <QtyInPackage>1</QtyInPackage>
      <ItemPrice>4.90</ItemPrice>
      <UnitOfMeasurePrice>1.40</UnitOfMeasurePrice>
      <AllowDiscount>1</AllowDiscount>
      <itemStatus>1</itemStatus>
      <LastUpdateDate />
      <LastUpdateTime />
    </Product>
    <Product>
      <PriceUpdateDate>2014/04/13 18:28</PriceUpdateDate>
      <ItemCode>7290100702284</ItemCode>
      <ItemType>1</ItemType>
      <ItemName>קוסקוס מלא סוגת (350 גרם)</ItemName>
      <ManufactureName>סוגת תעשיות בעמ</ManufactureName>
      <ManufactureCountry />
      <ManufactureItemDescription />
      <UnitQty>יח`</UnitQty>
      <Quantity>350</Quantity>
      <UnitMeasure>גרם</UnitMeasure>
      <BisWeighted>0</BisWeighted>
      <QtyInPackage>1</QtyInPackage>
      <ItemPrice>4.90</ItemPrice>
      <UnitOfMeasurePrice>1.40</UnitOfMeasurePrice>
      <AllowDiscount>1</AllowDiscount>
      <itemStatus>1</itemStatus>
      <LastUpdateDate />
      <LastUpdateTime />
    </Product>
    <Product>
      <PriceUpdateDate>2015/06/28 13:46</PriceUpdateDate>
      <ItemCode>7290100702383</ItemCode>
      <ItemType>1</ItemType>
      <ItemName>קמח תופח סוגת 1 קג</ItemName>
      <ManufactureName>סוגת תעשיות בעמ</ManufactureName>
      <ManufactureCountry />
      <ManufactureItemDescription />
      <UnitQty>יח`</UnitQty>
      <Quantity>1000</Quantity>
      <UnitMeasure>גרם</UnitMeasure>
      <BisWeighted>0</BisWeighted>
      <QtyInPackage>1</QtyInPackage>
      <ItemPrice>7.90</ItemPrice>
      <UnitOfMeasurePrice>0.79</UnitOfMeasurePrice>
      <AllowDiscount>1</AllowDiscount>
      <itemStatus>1</itemStatus>
      <LastUpdateDate />
      <LastUpdateTime />
    </Product>
    <Product>
      <PriceUpdateDate>2014/06/24 07:27</PriceUpdateDate>
      <ItemCode>7290100702611</ItemCode>
      <ItemType>1</ItemType>
      <ItemName>פתיתים אפויים אורז</ItemName>
      <ManufactureName>סוגת תעשיות בעמ</ManufactureName>
      <ManufactureCountry />
      <ManufactureItemDescription />
      <UnitQty>יח`</UnitQty>
      <Quantity>500</Quantity>
      <UnitMeasure>גרם</UnitMeasure>
      <BisWeighted>0</BisWeighted>
      <QtyInPackage>1</QtyInPackage>
      <ItemPrice>5.90</ItemPrice>
      <UnitOfMeasurePrice>1.18</UnitOfMeasurePrice>
      <AllowDiscount>0</AllowDiscount>
      <itemStatus>1</itemStatus>
      <LastUpdateDate />
      <LastUpdateTime />
    </Product>
    <Product>
      <PriceUpdateDate>2014/06/24 07:27</PriceUpdateDate>
      <ItemCode>7290100702628</ItemCode>
      <ItemType>1</ItemType>
      <ItemName>פתיתים אפויים קוסקוס</ItemName>
      <ManufactureName>סוגת תעשיות בעמ</ManufactureName>
      <ManufactureCountry />
      <ManufactureItemDescription />
      <UnitQty>יח`</UnitQty>
      <Quantity>500</Quantity>
      <UnitMeasure>גרם</UnitMeasure>
      <BisWeighted>0</BisWeighted>
      <QtyInPackage>1</QtyInPackage>
      <ItemPrice>5.90</ItemPrice>
      <UnitOfMeasurePrice>1.18</UnitOfMeasurePrice>
      <AllowDiscount>0</AllowDiscount>
      <itemStatus>1</itemStatus>
      <LastUpdateDate />
      <LastUpdateTime />
    </Product>
    <Product>
      <PriceUpdateDate>2014/10/28 15:01</PriceUpdateDate>
      <ItemCode>7290100702741</ItemCode>
      <ItemType>1</ItemType>
      <ItemName>סוכר חום קלאסי בקופסא סוגת (1 קג)</ItemName>
      <ManufactureName>סוגת תעשיות בעמ</ManufactureName>
      <ManufactureCountry />
      <ManufactureItemDescription />
      <UnitQty>יח`</UnitQty>
      <Quantity>1000</Quantity>
      <UnitMeasure>גרם</UnitMeasure>
      <BisWeighted>0</BisWeighted>
      <QtyInPackage>1</QtyInPackage>
      <ItemPrice>12.90</ItemPrice>
      <UnitOfMeasurePrice>1.29</UnitOfMeasurePrice>
      <AllowDiscount>1</AllowDiscount>
      <itemStatus>1</itemStatus>
      <LastUpdateDate />
      <LastUpdateTime />
    </Product>
    <Product>
      <PriceUpdateDate>2016/02/21 08:39</PriceUpdateDate>
      <ItemCode>7290100702987</ItemCode>
      <ItemType>1</ItemType>
      <ItemName>פתיתי שיבולת שועל סוגת 500 גר`</ItemName>
      <ManufactureName>סוגת תעשיות בעמ</ManufactureName>
      <ManufactureCountry />
      <ManufactureItemDescription />
      <UnitQty>יח`</UnitQty>
      <Quantity>500</Quantity>
      <UnitMeasure>גרם</UnitMeasure>
      <BisWeighted>0</BisWeighted>
      <QtyInPackage>1</QtyInPackage>
      <ItemPrice>4.90</ItemPrice>
      <UnitOfMeasurePrice>0.98</UnitOfMeasurePrice>
      <AllowDiscount>1</AllowDiscount>
      <itemStatus>1</itemStatus>
      <LastUpdateDate />
      <LastUpdateTime />
    </Product>
    <Product>
      <PriceUpdateDate>2016/08/07 12:44</PriceUpdateDate>
      <ItemCode>7290100703007</ItemCode>
      <ItemType>1</ItemType>
      <ItemName>עדשים שחורות בלוגה סוגת (500 גרם)</ItemName>
      <ManufactureName>סוגת תעשיות בעמ</ManufactureName>
      <ManufactureCountry />
      <ManufactureItemDescription />
      <UnitQty>יח`</UnitQty>
      <Quantity>500</Quantity>
      <UnitMeasure>גרם</UnitMeasure>
      <BisWeighted>0</BisWeighted>
      <QtyInPackage>1</QtyInPackage>
      <ItemPrice>8.90</ItemPrice>
      <UnitOfMeasurePrice>1.78</UnitOfMeasurePrice>
      <AllowDiscount>0</AllowDiscount>
      <itemStatus>1</itemStatus>
      <LastUpdateDate />
      <LastUpdateTime />
    </Product>
    <Product>
      <PriceUpdateDate>2019/09/24 13:07</PriceUpdateDate>
      <ItemCode>7290100703175</ItemCode>
      <ItemType>1</ItemType>
      <ItemName>תבשיל אישי נודלס בטעם עוף 65 גר` סוגת</ItemName>
      <ManufactureName>סוגת תעשיות בעמ</ManufactureName>
      <ManufactureCountry />
      <ManufactureItemDescription />
      <UnitQty>יח`</UnitQty>
      <Quantity>65</Quantity>
      <UnitMeasure>גרם</UnitMeasure>
      <BisWeighted>0</BisWeighted>
      <QtyInPackage>1</QtyInPackage>
      <ItemPrice>4.90</ItemPrice>
      <UnitOfMeasurePrice>7.54</UnitOfMeasurePrice>
      <AllowDiscount>1</AllowDiscount>
      <itemStatus>1</itemStatus>
      <LastUpdateDate />
      <LastUpdateTime />
    </Product>
    <Product>
      <PriceUpdateDate>2017/02/14 08:28</PriceUpdateDate>
      <ItemCode>7290100703533</ItemCode>
      <ItemType>1</ItemType>
      <ItemName>קמח קסם תערובת קמח שמרים סוגת 1 קג</ItemName>
      <ManufactureName>סוגת תעשיות בעמ</ManufactureName>
      <ManufactureCountry />
      <ManufactureItemDescription />
      <UnitQty>יח`</UnitQty>
      <Quantity>1</Quantity>
      <UnitMeasure />
      <BisWeighted>0</BisWeighted>
      <QtyInPackage>1</QtyInPackage>
      <ItemPrice>7.90</ItemPrice>
      <UnitOfMeasurePrice>7.90</UnitOfMeasurePrice>
      <AllowDiscount>0</AllowDiscount>
      <itemStatus>1</itemStatus>
      <LastUpdateDate />
      <LastUpdateTime />
    </Product>
    <Product>
      <PriceUpdateDate>2017/02/14 08:28</PriceUpdateDate>
      <ItemCode>7290100703564</ItemCode>
      <ItemType>1</ItemType>
      <ItemName>שיבולת שועל עבה סוגת 500 גר`</ItemName>
      <ManufactureName>סוגת תעשיות בעמ</ManufactureName>
      <ManufactureCountry />
      <ManufactureItemDescription />
      <UnitQty>יח`</UnitQty>
      <Quantity>500</Quantity>
      <UnitMeasure>גרם</UnitMeasure>
      <BisWeighted>0</BisWeighted>
      <QtyInPackage>1</QtyInPackage>
      <ItemPrice>4.90</ItemPrice>
      <UnitOfMeasurePrice>0.98</UnitOfMeasurePrice>
      <AllowDiscount>1</AllowDiscount>
      <itemStatus>1</itemStatus>
      <LastUpdateDate />
      <LastUpdateTime />
    </Product>
    <Product>
      <PriceUpdateDate>2018/11/08 11:56</PriceUpdateDate>
      <ItemCode>7290100703625</ItemCode>
      <ItemType>1</ItemType>
      <ItemName>קמח לבן ללא ניפוי 1 קג סוגת</ItemName>
      <ManufactureName>סוגת תעשיות בעמ</ManufactureName>
      <ManufactureCountry />
      <ManufactureItemDescription />
      <UnitQty>יח`</UnitQty>
      <Quantity>1000</Quantity>
      <UnitMeasure>גרם</UnitMeasure>
      <BisWeighted>0</BisWeighted>
      <QtyInPackage>1</QtyInPackage>
      <ItemPrice>6.90</ItemPrice>
      <UnitOfMeasurePrice>0.69</UnitOfMeasurePrice>
      <AllowDiscount>1</AllowDiscount>
      <itemStatus>1</itemStatus>
      <LastUpdateDate />
      <LastUpdateTime />
    </Product>
    <Product>
      <PriceUpdateDate>2018/11/01 11:40</PriceUpdateDate>
      <ItemCode>7290100703632</ItemCode>
      <ItemType>1</ItemType>
      <ItemName>קמח מלא ללא ניפוי 1 קג סוגת</ItemName>
      <ManufactureName>סוגת תעשיות בעמ</ManufactureName>
      <ManufactureCountry />
      <ManufactureItemDescription />
      <UnitQty>יח`</UnitQty>
      <Quantity>1000</Quantity>
      <UnitMeasure>גרם</UnitMeasure>
      <BisWeighted>0</BisWeighted>
      <QtyInPackage>1</QtyInPackage>
      <ItemPrice>6.90</ItemPrice>
      <UnitOfMeasurePrice>0.69</UnitOfMeasurePrice>
      <AllowDiscount>1</AllowDiscount>
      <itemStatus>1</itemStatus>
      <LastUpdateDate />
      <LastUpdateTime />
    </Product>
    <Product>
      <PriceUpdateDate>2018/11/01 11:44</PriceUpdateDate>
      <ItemCode>7290100703663</ItemCode>
      <ItemType>1</ItemType>
      <ItemName>קמח תופח ללא ניפוי 1 קג סוגת</ItemName>
      <ManufactureName>סוגת תעשיות בעמ</ManufactureName>
      <ManufactureCountry />
      <ManufactureItemDescription />
      <UnitQty>יח`</UnitQty>
      <Quantity>1000</Quantity>
      <UnitMeasure>גרם</UnitMeasure>
      <BisWeighted>0</BisWeighted>
      <QtyInPackage>1</QtyInPackage>
      <ItemPrice>6.90</ItemPrice>
      <UnitOfMeasurePrice>0.69</UnitOfMeasurePrice>
      <AllowDiscount>1</AllowDiscount>
      <itemStatus>1</itemStatus>
      <LastUpdateDate />
      <LastUpdateTime />
    </Product>
    <Product>
      <PriceUpdateDate>2018/10/08 08:59</PriceUpdateDate>
      <ItemCode>7290100703670</ItemCode>
      <ItemType>1</ItemType>
      <ItemName>קמח כומסין מלא ללא ניפוי 1 קג סוגת</ItemName>
      <ManufactureName>סוגת תעשיות בעמ</ManufactureName>
      <ManufactureCountry />
      <ManufactureItemDescription />
      <UnitQty>יח`</UnitQty>
      <Quantity>1000</Quantity>
      <UnitMeasure>גרם</UnitMeasure>
      <BisWeighted>0</BisWeighted>
      <QtyInPackage>1</QtyInPackage>
      <ItemPrice>12.90</ItemPrice>
      <UnitOfMeasurePrice>1.29</UnitOfMeasurePrice>
      <AllowDiscount>0</AllowDiscount>
      <itemStatus>1</itemStatus>
      <LastUpdateDate />
      <LastUpdateTime />
    </Product>
    <Product>
      <PriceUpdateDate>2018/11/01 11:44</PriceUpdateDate>
      <ItemCode>7290100703687</ItemCode>
      <ItemType>1</ItemType>
      <ItemName>קמח חלה ללא ניפוי 1 קג סוגת</ItemName>
      <ManufactureName>סוגת תעשיות בעמ</ManufactureName>
      <ManufactureCountry />
      <ManufactureItemDescription />
      <UnitQty>יח`</UnitQty>
      <Quantity>1000</Quantity>
      <UnitMeasure>גרם</UnitMeasure>
      <BisWeighted>0</BisWeighted>
      <QtyInPackage>1</QtyInPackage>
      <ItemPrice>6.90</ItemPrice>
      <UnitOfMeasurePrice>0.69</UnitOfMeasurePrice>
      <AllowDiscount>1</AllowDiscount>
      <itemStatus>1</itemStatus>
      <LastUpdateDate />
      <LastUpdateTime />
    </Product>
    <Product>
      <PriceUpdateDate>2017/08/28 07:15</PriceUpdateDate>
      <ItemCode>7290100703861</ItemCode>
      <ItemType>1</ItemType>
      <ItemName>תערובת קסם לחלה סוגת 1 קג</ItemName>
      <ManufactureName>סוגת תעשיות בעמ</ManufactureName>
      <ManufactureCountry />
      <ManufactureItemDescription />
      <UnitQty>יח`</UnitQty>
      <Quantity>1</Quantity>
      <UnitMeasure>ק"ג</UnitMeasure>
      <BisWeighted>0</BisWeighted>
      <QtyInPackage>1</QtyInPackage>
      <ItemPrice>9.90</ItemPrice>
      <UnitOfMeasurePrice>9.90</UnitOfMeasurePrice>
      <AllowDiscount>1</AllowDiscount>
      <itemStatus>1</itemStatus>
      <LastUpdateDate />
      <LastUpdateTime />
    </Product>
    <Product>
      <PriceUpdateDate>2017/03/30 07:47</PriceUpdateDate>
      <ItemCode>7290100850008</ItemCode>
      <ItemType>1</ItemType>
      <ItemName>טבלאות פרה סוכריות תות</ItemName>
      <ManufactureName>שטראוס גרופ בעמ</ManufactureName>
      <ManufactureCountry />
      <ManufactureItemDescription />
      <UnitQty>יח`</UnitQty>
      <Quantity>100</Quantity>
      <UnitMeasure>גרם</UnitMeasure>
      <BisWeighted>0</BisWeighted>
      <QtyInPackage>1</QtyInPackage>
      <ItemPrice>4.90</ItemPrice>
      <UnitOfMeasurePrice>4.90</UnitOfMeasurePrice>
      <AllowDiscount>1</AllowDiscount>
      <itemStatus>1</itemStatus>
      <LastUpdateDate />
      <LastUpdateTime />
    </Product>
    <Product>
      <PriceUpdateDate>2015/01/08 09:34</PriceUpdateDate>
      <ItemCode>7290100850336</ItemCode>
      <ItemType>1</ItemType>
      <ItemName>פסק זמן מיני עלית (8-10  יח`- 195 גרם)</ItemName>
      <ManufactureName>שטראוס גרופ בעמ</ManufactureName>
      <ManufactureCountry />
      <ManufactureItemDescription />
      <UnitQty>יח`</UnitQty>
      <Quantity>190</Quantity>
      <UnitMeasure>גרם</UnitMeasure>
      <BisWeighted>0</BisWeighted>
      <QtyInPackage>1</QtyInPackage>
      <ItemPrice>13.90</ItemPrice>
      <UnitOfMeasurePrice>7.32</UnitOfMeasurePrice>
      <AllowDiscount>0</AllowDiscount>
      <itemStatus>1</itemStatus>
      <LastUpdateDate />
      <LastUpdateTime />
    </Product>
    <Product>
      <PriceUpdateDate>2015/01/08 09:34</PriceUpdateDate>
      <ItemCode>7290100850343</ItemCode>
      <ItemType>1</ItemType>
      <ItemName>מיקס מיני מקופלת 190 גר`</ItemName>
      <ManufactureName>שטראוס גרופ בעמ</ManufactureName>
      <ManufactureCountry />
      <ManufactureItemDescription />
      <UnitQty>יח`</UnitQty>
      <Quantity>190</Quantity>
      <UnitMeasure>גרם</UnitMeasure>
      <BisWeighted>0</BisWeighted>
      <QtyInPackage>1</QtyInPackage>
      <ItemPrice>13.90</ItemPrice>
      <UnitOfMeasurePrice>7.32</UnitOfMeasurePrice>
      <AllowDiscount>0</AllowDiscount>
      <itemStatus>1</itemStatus>
      <LastUpdateDate />
      <LastUpdateTime />
    </Product>
    <Product>
      <PriceUpdateDate>2015/01/08 09:34</PriceUpdateDate>
      <ItemCode>7290100850411</ItemCode>
      <ItemType>1</ItemType>
      <ItemName>מיקס מעורב 190 גר`</ItemName>
      <ManufactureName>שטראוס גרופ בעמ</ManufactureName>
      <ManufactureCountry />
      <ManufactureItemDescription />
      <UnitQty>יח`</UnitQty>
      <Quantity>190</Quantity>
      <UnitMeasure>גרם</UnitMeasure>
      <BisWeighted>0</BisWeighted>
      <QtyInPackage>1</QtyInPackage>
      <ItemPrice>13.90</ItemPrice>
      <UnitOfMeasurePrice>7.32</UnitOfMeasurePrice>
      <AllowDiscount>0</AllowDiscount>
      <itemStatus>1</itemStatus>
      <LastUpdateDate />
      <LastUpdateTime />
    </Product>
    <Product>
      <PriceUpdateDate>2017/01/03 14:28</PriceUpdateDate>
      <ItemCode>7290100850459</ItemCode>
      <ItemType>1</ItemType>
      <ItemName>מיקס מעורב 390 גר`</ItemName>
      <ManufactureName>שטראוס גרופ בעמ</ManufactureName>
      <ManufactureCountry />
      <ManufactureItemDescription />
      <UnitQty>יח`</UnitQty>
      <Quantity>390</Quantity>
      <UnitMeasure>גרם</UnitMeasure>
      <BisWeighted>0</BisWeighted>
      <QtyInPackage>1</QtyInPackage>
      <ItemPrice>23.90</ItemPrice>
      <UnitOfMeasurePrice>6.13</UnitOfMeasurePrice>
      <AllowDiscount>1</AllowDiscount>
      <itemStatus>1</itemStatus>
      <LastUpdateDate />
      <LastUpdateTime />
    </Product>
    <Product>
      <PriceUpdateDate>2014/05/11 14:36</PriceUpdateDate>
      <ItemCode>7290100850909</ItemCode>
      <ItemType>1</ItemType>
      <ItemName>חטיף תירס נאצ`ו מקסיקני דוריטוס (70 גרם)</ItemName>
      <ManufactureName>שטראוס פריטו ליי בעמ</ManufactureName>
      <ManufactureCountry />
      <ManufactureItemDescription />
      <UnitQty>יח`</UnitQty>
      <Quantity>70</Quantity>
      <UnitMeasure>גרם</UnitMeasure>
      <BisWeighted>0</BisWeighted>
      <QtyInPackage>1</QtyInPackage>
      <ItemPrice>3.90</ItemPrice>
      <UnitOfMeasurePrice>5.57</UnitOfMeasurePrice>
      <AllowDiscount>1</AllowDiscount>
      <itemStatus>1</itemStatus>
      <LastUpdateDate />
      <LastUpdateTime />
    </Product>
    <Product>
      <PriceUpdateDate>2014/05/11 14:36</PriceUpdateDate>
      <ItemCode>7290100850916</ItemCode>
      <ItemType>1</ItemType>
      <ItemName>חטיף תירס חמוץ חריף דוריטוס (70 גרם)</ItemName>
      <ManufactureName>שטראוס פריטו ליי בעמ</ManufactureName>
      <ManufactureCountry />
      <ManufactureItemDescription />
      <UnitQty>יח`</UnitQty>
      <Quantity>70</Quantity>
      <UnitMeasure>גרם</UnitMeasure>
      <BisWeighted>0</BisWeighted>
      <QtyInPackage>1</QtyInPackage>
      <ItemPrice>3.90</ItemPrice>
      <UnitOfMeasurePrice>5.57</UnitOfMeasurePrice>
      <AllowDiscount>1</AllowDiscount>
      <itemStatus>1</itemStatus>
      <LastUpdateDate />
      <LastUpdateTime />
    </Product>
    <Product>
      <PriceUpdateDate>2014/05/11 14:36</PriceUpdateDate>
      <ItemCode>7290100850923</ItemCode>
      <ItemType>1</ItemType>
      <ItemName>חטיף תירס גריל דוריטוס (70 גרם)</ItemName>
      <ManufactureName>שטראוס פריטו ליי בעמ</ManufactureName>
      <ManufactureCountry />
      <ManufactureItemDescription />
      <UnitQty>יח`</UnitQty>
      <Quantity>70</Quantity>
      <UnitMeasure>גרם</UnitMeasure>
      <BisWeighted>0</BisWeighted>
      <QtyInPackage>1</QtyInPackage>
      <ItemPrice>3.90</ItemPrice>
      <UnitOfMeasurePrice>5.57</UnitOfMeasurePrice>
      <AllowDiscount>1</AllowDiscount>
      <itemStatus>1</itemStatus>
      <LastUpdateDate />
      <LastUpdateTime />
    </Product>
    <Product>
      <PriceUpdateDate>2014/05/11 14:36</PriceUpdateDate>
      <ItemCode>7290100850930</ItemCode>
      <ItemType>1</ItemType>
      <ItemName>חטיף תירס בטעם טבעי דוריטוס (70 גרם)</ItemName>
      <ManufactureName>שטראוס פריטו ליי בעמ</ManufactureName>
      <ManufactureCountry />
      <ManufactureItemDescription />
      <UnitQty>יח`</UnitQty>
      <Quantity>70</Quantity>
      <UnitMeasure>גרם</UnitMeasure>
      <BisWeighted>0</BisWeighted>
      <QtyInPackage>1</QtyInPackage>
      <ItemPrice>3.90</ItemPrice>
      <UnitOfMeasurePrice>5.57</UnitOfMeasurePrice>
      <AllowDiscount>1</AllowDiscount>
      <itemStatus>1</itemStatus>
      <LastUpdateDate />
      <LastUpdateTime />
    </Product>
    <Product>
      <PriceUpdateDate>2016/09/11 12:23</PriceUpdateDate>
      <ItemCode>7290100858592</ItemCode>
      <ItemType>1</ItemType>
      <ItemName>אבקת קקאו עלית (150 גרם)</ItemName>
      <ManufactureName>שטראוס גרופ בעמ</ManufactureName>
      <ManufactureCountry />
      <ManufactureItemDescription />
      <UnitQty>יח`</UnitQty>
      <Quantity>150</Quantity>
      <UnitMeasure>גרם</UnitMeasure>
      <BisWeighted>0</BisWeighted>
      <QtyInPackage>1</QtyInPackage>
      <ItemPrice>10.90</ItemPrice>
      <UnitOfMeasurePrice>7.27</UnitOfMeasurePrice>
      <AllowDiscount>0</AllowDiscount>
      <itemStatus>1</itemStatus>
      <LastUpdateDate />
      <LastUpdateTime />
    </Product>
    <Product>
      <PriceUpdateDate>2016/03/01 09:58</PriceUpdateDate>
      <ItemCode>7290100858608</ItemCode>
      <ItemType>1</ItemType>
      <ItemName>אבקת קקאו עלית (500 גרם)</ItemName>
      <ManufactureName>שטראוס גרופ בעמ</ManufactureName>
      <ManufactureCountry />
      <ManufactureItemDescription />
      <UnitQty>יח`</UnitQty>
      <Quantity>500</Quantity>
      <UnitMeasure>גרם</UnitMeasure>
      <BisWeighted>0</BisWeighted>
      <QtyInPackage>1</QtyInPackage>
      <ItemPrice>23.90</ItemPrice>
      <UnitOfMeasurePrice>4.78</UnitOfMeasurePrice>
      <AllowDiscount>0</AllowDiscount>
      <itemStatus>1</itemStatus>
      <LastUpdateDate />
      <LastUpdateTime />
    </Product>
    <Product>
      <PriceUpdateDate>2015/12/01 12:47</PriceUpdateDate>
      <ItemCode>7290100859162</ItemCode>
      <ItemType>1</ItemType>
      <ItemName>מאגדת זוג פרה 60%</ItemName>
      <ManufactureName>שטראוס גרופ בעמ</ManufactureName>
      <ManufactureCountry />
      <ManufactureItemDescription />
      <UnitQty>יח`</UnitQty>
      <Quantity>200</Quantity>
      <UnitMeasure>גרם</UnitMeasure>
      <BisWeighted>0</BisWeighted>
      <QtyInPackage>1</QtyInPackage>
      <ItemPrice>14.90</ItemPrice>
      <UnitOfMeasurePrice>7.45</UnitOfMeasurePrice>
      <AllowDiscount>1</AllowDiscount>
      <itemStatus>1</itemStatus>
      <LastUpdateDate />
      <LastUpdateTime />
    </Product>
    <Product>
      <PriceUpdateDate>2017/03/30 07:47</PriceUpdateDate>
      <ItemCode>7290100921418</ItemCode>
      <ItemType>1</ItemType>
      <ItemName>מרכך מועשר בקרטין הוואי (700 מל)</ItemName>
      <ManufactureName>הנקל סוד בעמ</ManufactureName>
      <ManufactureCountry />
      <ManufactureItemDescription />
      <UnitQty>יח`</UnitQty>
      <Quantity>700</Quantity>
      <UnitMeasure>מ"ל</UnitMeasure>
      <BisWeighted>0</BisWeighted>
      <QtyInPackage>1</QtyInPackage>
      <ItemPrice>8.90</ItemPrice>
      <UnitOfMeasurePrice>1.27</UnitOfMeasurePrice>
      <AllowDiscount>0</AllowDiscount>
      <itemStatus>1</itemStatus>
      <LastUpdateDate />
      <LastUpdateTime />
    </Product>
    <Product>
      <PriceUpdateDate>2016/02/04 17:02</PriceUpdateDate>
      <ItemCode>7290100921593</ItemCode>
      <ItemType>1</ItemType>
      <ItemName>סוד כדוריות נתלה לאסלה לימון</ItemName>
      <ManufactureName>גורי שיווק בעמ</ManufactureName>
      <ManufactureCountry />
      <ManufactureItemDescription />
      <UnitQty>יח`</UnitQty>
      <Quantity>1</Quantity>
      <UnitMeasure />
      <BisWeighted>0</BisWeighted>
      <QtyInPackage>1</QtyInPackage>
      <ItemPrice>8.90</ItemPrice>
      <UnitOfMeasurePrice>8.90</UnitOfMeasurePrice>
      <AllowDiscount>0</AllowDiscount>
      <itemStatus>1</itemStatus>
      <LastUpdateDate />
      <LastUpdateTime />
    </Product>
    <Product>
      <PriceUpdateDate>2016/02/04 17:02</PriceUpdateDate>
      <ItemCode>7290100921609</ItemCode>
      <ItemType>1</ItemType>
      <ItemName>סוד כדוריות נתלה לאסלה אוקינוס</ItemName>
      <ManufactureName>גורי שיווק בעמ</ManufactureName>
      <ManufactureCountry />
      <ManufactureItemDescription />
      <UnitQty>יח`</UnitQty>
      <Quantity>1</Quantity>
      <UnitMeasure />
      <BisWeighted>0</BisWeighted>
      <QtyInPackage>1</QtyInPackage>
      <ItemPrice>8.90</ItemPrice>
      <UnitOfMeasurePrice>8.90</UnitOfMeasurePrice>
      <AllowDiscount>0</AllowDiscount>
      <itemStatus>1</itemStatus>
      <LastUpdateDate />
      <LastUpdateTime />
    </Product>
    <Product>
      <PriceUpdateDate>2016/02/04 17:02</PriceUpdateDate>
      <ItemCode>7290100921623</ItemCode>
      <ItemType>1</ItemType>
      <ItemName>סוד כדוריות נתלה לאסלה אקונומיקה</ItemName>
      <ManufactureName>גורי שיווק בעמ</ManufactureName>
      <ManufactureCountry />
      <ManufactureItemDescription />
      <UnitQty>יח`</UnitQty>
      <Quantity>1</Quantity>
      <UnitMeasure />
      <BisWeighted>0</BisWeighted>
      <QtyInPackage>1</QtyInPackage>
      <ItemPrice>8.90</ItemPrice>
      <UnitOfMeasurePrice>8.90</UnitOfMeasurePrice>
      <AllowDiscount>0</AllowDiscount>
      <itemStatus>1</itemStatus>
      <LastUpdateDate />
      <LastUpdateTime />
    </Product>
    <Product>
      <PriceUpdateDate>2017/03/30 07:47</PriceUpdateDate>
      <ItemCode>7290100921760</ItemCode>
      <ItemType>1</ItemType>
      <ItemName>שמפו לשיער ולגוף ספורט הוואי (700 מל)</ItemName>
      <ManufactureName>הנקל סוד בעמ</ManufactureName>
      <ManufactureCountry />
      <ManufactureItemDescription />
      <UnitQty>יח`</UnitQty>
      <Quantity>700</Quantity>
      <UnitMeasure>מ"ל</UnitMeasure>
      <BisWeighted>0</BisWeighted>
      <QtyInPackage>1</QtyInPackage>
      <ItemPrice>8.90</ItemPrice>
      <UnitOfMeasurePrice>1.27</UnitOfMeasurePrice>
      <AllowDiscount>0</AllowDiscount>
      <itemStatus>1</itemStatus>
      <LastUpdateDate />
      <LastUpdateTime />
    </Product>
    <Product>
      <PriceUpdateDate>2017/12/13 08:50</PriceUpdateDate>
      <ItemCode>7290100922651</ItemCode>
      <ItemType>1</ItemType>
      <ItemName>הוואי סבון מוצק מי קוקוס 100  גר`רביעייה</ItemName>
      <ManufactureName>הנקל סוד בעמ</ManufactureName>
      <ManufactureCountry />
      <ManufactureItemDescription />
      <UnitQty>יח`</UnitQty>
      <Quantity>400</Quantity>
      <UnitMeasure>גרם</UnitMeasure>
      <BisWeighted>0</BisWeighted>
      <QtyInPackage>1</QtyInPackage>
      <ItemPrice>11.90</ItemPrice>
      <UnitOfMeasurePrice>2.98</UnitOfMeasurePrice>
      <AllowDiscount>0</AllowDiscount>
      <itemStatus>1</itemStatus>
      <LastUpdateDate />
      <LastUpdateTime />
    </Product>
    <Product>
      <PriceUpdateDate>2016/07/07 10:24</PriceUpdateDate>
      <ItemCode>7290100924631</ItemCode>
      <ItemType>1</ItemType>
      <ItemName>מרכך כביסה מרוכז בייבי סוד (900 מל)</ItemName>
      <ManufactureName>גורי שיווק בעמ</ManufactureName>
      <ManufactureCountry />
      <ManufactureItemDescription />
      <UnitQty>יח`</UnitQty>
      <Quantity>900</Quantity>
      <UnitMeasure>מ"ל</UnitMeasure>
      <BisWeighted>0</BisWeighted>
      <QtyInPackage>1</QtyInPackage>
      <ItemPrice>12.90</ItemPrice>
      <UnitOfMeasurePrice>1.43</UnitOfMeasurePrice>
      <AllowDiscount>1</AllowDiscount>
      <itemStatus>1</itemStatus>
      <LastUpdateDate />
      <LastUpdateTime />
    </Product>
    <Product>
      <PriceUpdateDate>2016/04/06 10:14</PriceUpdateDate>
      <ItemCode>7290100926109</ItemCode>
      <ItemType>1</ItemType>
      <ItemName>מרכך כביסה סוד סופט 4 ליטר</ItemName>
      <ManufactureName>גורי שיווק בעמ</ManufactureName>
      <ManufactureCountry />
      <ManufactureItemDescription />
      <UnitQty>יח`</UnitQty>
      <Quantity>4000</Quantity>
      <UnitMeasure>מ"ל</UnitMeasure>
      <BisWeighted>0</BisWeighted>
      <QtyInPackage>1</QtyInPackage>
      <ItemPrice>17.90</ItemPrice>
      <UnitOfMeasurePrice>0.45</UnitOfMeasurePrice>
      <AllowDiscount>1</AllowDiscount>
      <itemStatus>1</itemStatus>
      <LastUpdateDate />
      <LastUpdateTime />
    </Product>
    <Product>
      <PriceUpdateDate>2017/06/06 08:31</PriceUpdateDate>
      <ItemCode>7290100926598</ItemCode>
      <ItemType>1</ItemType>
      <ItemName>אבקת כביסה פרסיל 5 קג`</ItemName>
      <ManufactureName>גורי שיווק בעמ</ManufactureName>
      <ManufactureCountry />
      <ManufactureItemDescription />
      <UnitQty>יח`</UnitQty>
      <Quantity>5000</Quantity>
      <UnitMeasure>גרם</UnitMeasure>
      <BisWeighted>0</BisWeighted>
      <QtyInPackage>1</QtyInPackage>
      <ItemPrice>42.90</ItemPrice>
      <UnitOfMeasurePrice>0.86</UnitOfMeasurePrice>
      <AllowDiscount>0</AllowDiscount>
      <itemStatus>1</itemStatus>
      <LastUpdateDate />
      <LastUpdateTime />
    </Product>
    <Product>
      <PriceUpdateDate>2016/02/01 09:07</PriceUpdateDate>
      <ItemCode>7290100928561</ItemCode>
      <ItemType>1</ItemType>
      <ItemName>אבקת כביסה סוד 5 קג`</ItemName>
      <ManufactureName>גורי שיווק בעמ</ManufactureName>
      <ManufactureCountry />
      <ManufactureItemDescription />
      <UnitQty>יח`</UnitQty>
      <Quantity>5000</Quantity>
      <UnitMeasure>גרם</UnitMeasure>
      <BisWeighted>0</BisWeighted>
      <QtyInPackage>1</QtyInPackage>
      <ItemPrice>29.90</ItemPrice>
      <UnitOfMeasurePrice>0.60</UnitOfMeasurePrice>
      <AllowDiscount>0</AllowDiscount>
      <itemStatus>1</itemStatus>
      <LastUpdateDate />
      <LastUpdateTime />
    </Product>
    <Product>
      <PriceUpdateDate>2016/02/04 17:02</PriceUpdateDate>
      <ItemCode>7290100928639</ItemCode>
      <ItemType>1</ItemType>
      <ItemName>נוזל רצפות סוד 2 ליטר כחול</ItemName>
      <ManufactureName>גורי שיווק בעמ</ManufactureName>
      <ManufactureCountry />
      <ManufactureItemDescription />
      <UnitQty>יח`</UnitQty>
      <Quantity>2000</Quantity>
      <UnitMeasure>מ"ל</UnitMeasure>
      <BisWeighted>0</BisWeighted>
      <QtyInPackage>1</QtyInPackage>
      <ItemPrice>17.90</ItemPrice>
      <UnitOfMeasurePrice>0.90</UnitOfMeasurePrice>
      <AllowDiscount>0</AllowDiscount>
      <itemStatus>1</itemStatus>
      <LastUpdateDate />
      <LastUpdateTime />
    </Product>
    <Product>
      <PriceUpdateDate>2016/02/04 17:02</PriceUpdateDate>
      <ItemCode>7290100928646</ItemCode>
      <ItemType>1</ItemType>
      <ItemName>נוזל רצפות סוד 2 ליטר ורוד</ItemName>
      <ManufactureName>גורי שיווק בעמ</ManufactureName>
      <ManufactureCountry />
      <ManufactureItemDescription />
      <UnitQty>יח`</UnitQty>
      <Quantity>2000</Quantity>
      <UnitMeasure>מ"ל</UnitMeasure>
      <BisWeighted>0</BisWeighted>
      <QtyInPackage>1</QtyInPackage>
      <ItemPrice>17.90</ItemPrice>
      <UnitOfMeasurePrice>0.90</UnitOfMeasurePrice>
      <AllowDiscount>0</AllowDiscount>
      <itemStatus>1</itemStatus>
      <LastUpdateDate />
      <LastUpdateTime />
    </Product>
    <Product>
      <PriceUpdateDate>2020/02/25 10:24</PriceUpdateDate>
      <ItemCode>7290101110163</ItemCode>
      <ItemType>1</ItemType>
      <ItemName>בליסימו 1.3 וניל עוגיות</ItemName>
      <ManufactureName>פלקו בעמ</ManufactureName>
      <ManufactureCountry />
      <ManufactureItemDescription />
      <UnitQty>יח`</UnitQty>
      <Quantity>1</Quantity>
      <UnitMeasure />
      <BisWeighted>0</BisWeighted>
      <QtyInPackage>1</QtyInPackage>
      <ItemPrice>17.90</ItemPrice>
      <UnitOfMeasurePrice>17.90</UnitOfMeasurePrice>
      <AllowDiscount>0</AllowDiscount>
      <itemStatus>1</itemStatus>
      <LastUpdateDate />
      <LastUpdateTime />
    </Product>
    <Product>
      <PriceUpdateDate>2014/01/01 08:37</PriceUpdateDate>
      <ItemCode>7290101110262</ItemCode>
      <ItemType>1</ItemType>
      <ItemName>מלבי 1.8</ItemName>
      <ManufactureName>פלקו בעמ</ManufactureName>
      <ManufactureCountry />
      <ManufactureItemDescription />
      <UnitQty>יח`</UnitQty>
      <Quantity>1.80</Quantity>
      <UnitMeasure>1 ליטר</UnitMeasure>
      <BisWeighted>0</BisWeighted>
      <QtyInPackage>1</QtyInPackage>
      <ItemPrice>25</ItemPrice>
      <UnitOfMeasurePrice>13.89</UnitOfMeasurePrice>
      <AllowDiscount>0</AllowDiscount>
      <itemStatus>1</itemStatus>
      <LastUpdateDate />
      <LastUpdateTime />
    </Product>
    <Product>
      <PriceUpdateDate>2020/02/25 10:24</PriceUpdateDate>
      <ItemCode>7290101110279</ItemCode>
      <ItemType>1</ItemType>
      <ItemName>בליסימו שוקולד 1.3 ליטר פאג`ג פקאן</ItemName>
      <ManufactureName>פלקו בעמ</ManufactureName>
      <ManufactureCountry />
      <ManufactureItemDescription />
      <UnitQty>יח`</UnitQty>
      <Quantity>1.30</Quantity>
      <UnitMeasure>1 ליטר</UnitMeasure>
      <BisWeighted>0</BisWeighted>
      <QtyInPackage>1</QtyInPackage>
      <ItemPrice>17.90</ItemPrice>
      <UnitOfMeasurePrice>13.77</UnitOfMeasurePrice>
      <AllowDiscount>0</AllowDiscount>
      <itemStatus>1</itemStatus>
      <LastUpdateDate />
      <LastUpdateTime />
    </Product>
    <Product>
      <PriceUpdateDate>2020/02/25 10:24</PriceUpdateDate>
      <ItemCode>7290101110460</ItemCode>
      <ItemType>1</ItemType>
      <ItemName>בליסימו 1.3 וניל צרפתי</ItemName>
      <ManufactureName>פלקו בעמ</ManufactureName>
      <ManufactureCountry />
      <ManufactureItemDescription />
      <UnitQty>יח`</UnitQty>
      <Quantity>1</Quantity>
      <UnitMeasure />
      <BisWeighted>0</BisWeighted>
      <QtyInPackage>1</QtyInPackage>
      <ItemPrice>17.90</ItemPrice>
      <UnitOfMeasurePrice>17.90</UnitOfMeasurePrice>
      <AllowDiscount>0</AllowDiscount>
      <itemStatus>1</itemStatus>
      <LastUpdateDate />
      <LastUpdateTime />
    </Product>
    <Product>
      <PriceUpdateDate>2014/01/01 08:37</PriceUpdateDate>
      <ItemCode>7290101110477</ItemCode>
      <ItemType>1</ItemType>
      <ItemName>בקלאווה 1.8</ItemName>
      <ManufactureName>פלקו בעמ</ManufactureName>
      <ManufactureCountry />
      <ManufactureItemDescription />
      <UnitQty>יח`</UnitQty>
      <Quantity>1.80</Quantity>
      <UnitMeasure>1 ליטר</UnitMeasure>
      <BisWeighted>0</BisWeighted>
      <QtyInPackage>1</QtyInPackage>
      <ItemPrice>25</ItemPrice>
      <UnitOfMeasurePrice>13.89</UnitOfMeasurePrice>
      <AllowDiscount>0</AllowDiscount>
      <itemStatus>1</itemStatus>
      <LastUpdateDate />
      <LastUpdateTime />
    </Product>
    <Product>
      <PriceUpdateDate>2014/01/01 08:37</PriceUpdateDate>
      <ItemCode>7290101110811</ItemCode>
      <ItemType>1</ItemType>
      <ItemName>מאגדת מצופה דיאט שמינייה</ItemName>
      <ManufactureName>פלקו בעמ</ManufactureName>
      <ManufactureCountry />
      <ManufactureItemDescription />
      <UnitQty>יח`</UnitQty>
      <Quantity>640</Quantity>
      <UnitMeasure>גרם</UnitMeasure>
      <BisWeighted>0</BisWeighted>
      <QtyInPackage>1</QtyInPackage>
      <ItemPrice>27</ItemPrice>
      <UnitOfMeasurePrice>4.22</UnitOfMeasurePrice>
      <AllowDiscount>0</AllowDiscount>
      <itemStatus>1</itemStatus>
      <LastUpdateDate />
      <LastUpdateTime />
    </Product>
    <Product>
      <PriceUpdateDate>2020/02/25 10:24</PriceUpdateDate>
      <ItemCode>7290101111085</ItemCode>
      <ItemType>1</ItemType>
      <ItemName>בליסימו שוקולד 1.3 ליטר מריר נוגט</ItemName>
      <ManufactureName>פלקו בעמ</ManufactureName>
      <ManufactureCountry />
      <ManufactureItemDescription />
      <UnitQty>יח`</UnitQty>
      <Quantity>1.30</Quantity>
      <UnitMeasure>1 ליטר</UnitMeasure>
      <BisWeighted>0</BisWeighted>
      <QtyInPackage>1</QtyInPackage>
      <ItemPrice>17.90</ItemPrice>
      <UnitOfMeasurePrice>13.77</UnitOfMeasurePrice>
      <AllowDiscount>0</AllowDiscount>
      <itemStatus>1</itemStatus>
      <LastUpdateDate />
      <LastUpdateTime />
    </Product>
    <Product>
      <PriceUpdateDate>2014/01/01 08:37</PriceUpdateDate>
      <ItemCode>7290101111269</ItemCode>
      <ItemType>1</ItemType>
      <ItemName>פונטש בננה 1.8 ליטר</ItemName>
      <ManufactureName>פלקו בעמ</ManufactureName>
      <ManufactureCountry />
      <ManufactureItemDescription />
      <UnitQty>יח`</UnitQty>
      <Quantity>1.80</Quantity>
      <UnitMeasure>1 ליטר</UnitMeasure>
      <BisWeighted>0</BisWeighted>
      <QtyInPackage>1</QtyInPackage>
      <ItemPrice>17</ItemPrice>
      <UnitOfMeasurePrice>9.44</UnitOfMeasurePrice>
      <AllowDiscount>0</AllowDiscount>
      <itemStatus>1</itemStatus>
      <LastUpdateDate />
      <LastUpdateTime />
    </Product>
    <Product>
      <PriceUpdateDate>2014/01/01 08:37</PriceUpdateDate>
      <ItemCode>7290101111351</ItemCode>
      <ItemType>1</ItemType>
      <ItemName>שוקו מוקה 1.8 ליטר</ItemName>
      <ManufactureName>פלקו בעמ</ManufactureName>
      <ManufactureCountry />
      <ManufactureItemDescription />
      <UnitQty>יח`</UnitQty>
      <Quantity>1.80</Quantity>
      <UnitMeasure>1 ליטר</UnitMeasure>
      <BisWeighted>0</BisWeighted>
      <QtyInPackage>1</QtyInPackage>
      <ItemPrice>17</ItemPrice>
      <UnitOfMeasurePrice>9.44</UnitOfMeasurePrice>
      <AllowDiscount>0</AllowDiscount>
      <itemStatus>1</itemStatus>
      <LastUpdateDate />
      <LastUpdateTime />
    </Product>
    <Product>
      <PriceUpdateDate>2014/01/01 08:37</PriceUpdateDate>
      <ItemCode>7290101111597</ItemCode>
      <ItemType>1</ItemType>
      <ItemName>מאגדת שלגון יוגורט שישייה</ItemName>
      <ManufactureName>פלקו בעמ</ManufactureName>
      <ManufactureCountry />
      <ManufactureItemDescription />
      <UnitQty>יח`</UnitQty>
      <Quantity>1</Quantity>
      <UnitMeasure />
      <BisWeighted>0</BisWeighted>
      <QtyInPackage>1</QtyInPackage>
      <ItemPrice>20</ItemPrice>
      <UnitOfMeasurePrice>20</UnitOfMeasurePrice>
      <AllowDiscount>0</AllowDiscount>
      <itemStatus>1</itemStatus>
      <LastUpdateDate />
      <LastUpdateTime />
    </Product>
    <Product>
      <PriceUpdateDate>2014/08/13 07:17</PriceUpdateDate>
      <ItemCode>7290101112112</ItemCode>
      <ItemType>1</ItemType>
      <ItemName>גלידה חגיגה טעם טרמיסו</ItemName>
      <ManufactureName>פלקו בעמ</ManufactureName>
      <ManufactureCountry />
      <ManufactureItemDescription />
      <UnitQty>יח`</UnitQty>
      <Quantity>1.80</Quantity>
      <UnitMeasure>1 ליטר</UnitMeasure>
      <BisWeighted>0</BisWeighted>
      <QtyInPackage>1</QtyInPackage>
      <ItemPrice>25</ItemPrice>
      <UnitOfMeasurePrice>13.89</UnitOfMeasurePrice>
      <AllowDiscount>0</AllowDiscount>
      <itemStatus>1</itemStatus>
      <LastUpdateDate />
      <LastUpdateTime />
    </Product>
    <Product>
      <PriceUpdateDate>2016/08/18 08:43</PriceUpdateDate>
      <ItemCode>7290101112228</ItemCode>
      <ItemType>1</ItemType>
      <ItemName>מאגדת גלידה פרי שמיניה אננס 8יח</ItemName>
      <ManufactureName>פלקו בעמ</ManufactureName>
      <ManufactureCountry />
      <ManufactureItemDescription />
      <UnitQty>יח`</UnitQty>
      <Quantity>800</Quantity>
      <UnitMeasure>גרם</UnitMeasure>
      <BisWeighted>0</BisWeighted>
      <QtyInPackage>1</QtyInPackage>
      <ItemPrice>22</ItemPrice>
      <UnitOfMeasurePrice>2.75</UnitOfMeasurePrice>
      <AllowDiscount>0</AllowDiscount>
      <itemStatus>1</itemStatus>
      <LastUpdateDate />
      <LastUpdateTime />
    </Product>
    <Product>
      <PriceUpdateDate>2016/08/18 08:43</PriceUpdateDate>
      <ItemCode>7290101112518</ItemCode>
      <ItemType>1</ItemType>
      <ItemName>מאגדת אייס קפה 6יח פלדמן</ItemName>
      <ManufactureName>פלקו בעמ</ManufactureName>
      <ManufactureCountry />
      <ManufactureItemDescription />
      <UnitQty>יח`</UnitQty>
      <Quantity>1</Quantity>
      <UnitMeasure />
      <BisWeighted>0</BisWeighted>
      <QtyInPackage>1</QtyInPackage>
      <ItemPrice>24.90</ItemPrice>
      <UnitOfMeasurePrice>24.90</UnitOfMeasurePrice>
      <AllowDiscount>0</AllowDiscount>
      <itemStatus>1</itemStatus>
      <LastUpdateDate />
      <LastUpdateTime />
    </Product>
    <Product>
      <PriceUpdateDate>2020/02/25 10:24</PriceUpdateDate>
      <ItemCode>7290101112594</ItemCode>
      <ItemType>1</ItemType>
      <ItemName>בליסימו מילקשייק שוקולטה וניל 1.3</ItemName>
      <ManufactureName>פלקו בעמ</ManufactureName>
      <ManufactureCountry />
      <ManufactureItemDescription />
      <UnitQty>יח`</UnitQty>
      <Quantity>1.30</Quantity>
      <UnitMeasure>1 ליטר</UnitMeasure>
      <BisWeighted>0</BisWeighted>
      <QtyInPackage>1</QtyInPackage>
      <ItemPrice>17.90</ItemPrice>
      <UnitOfMeasurePrice>13.77</UnitOfMeasurePrice>
      <AllowDiscount>0</AllowDiscount>
      <itemStatus>1</itemStatus>
      <LastUpdateDate />
      <LastUpdateTime />
    </Product>
    <Product>
      <PriceUpdateDate>2017/11/30 08:51</PriceUpdateDate>
      <ItemCode>7290101112808</ItemCode>
      <ItemType>1</ItemType>
      <ItemName>מאגדת גלידל פרי מרגריטה אשכולית 8 יח</ItemName>
      <ManufactureName>פלקו בעמ</ManufactureName>
      <ManufactureCountry />
      <ManufactureItemDescription />
      <UnitQty>יח`</UnitQty>
      <Quantity>800</Quantity>
      <UnitMeasure>גרם</UnitMeasure>
      <BisWeighted>0</BisWeighted>
      <QtyInPackage>1</QtyInPackage>
      <ItemPrice>22</ItemPrice>
      <UnitOfMeasurePrice>2.75</UnitOfMeasurePrice>
      <AllowDiscount>0</AllowDiscount>
      <itemStatus>1</itemStatus>
      <LastUpdateDate />
      <LastUpdateTime />
    </Product>
    <Product>
      <PriceUpdateDate>2019/04/09 12:40</PriceUpdateDate>
      <ItemCode>7290101113096</ItemCode>
      <ItemType>1</ItemType>
      <ItemName>מאגדת גרניטה דובדבן 6 יח</ItemName>
      <ManufactureName>פלקו בעמ</ManufactureName>
      <ManufactureCountry />
      <ManufactureItemDescription />
      <UnitQty>יח`</UnitQty>
      <Quantity>1</Quantity>
      <UnitMeasure />
      <BisWeighted>0</BisWeighted>
      <QtyInPackage>1</QtyInPackage>
      <ItemPrice>19.90</ItemPrice>
      <UnitOfMeasurePrice>19.90</UnitOfMeasurePrice>
      <AllowDiscount>0</AllowDiscount>
      <itemStatus>1</itemStatus>
      <LastUpdateDate />
      <LastUpdateTime />
    </Product>
    <Product>
      <PriceUpdateDate>2019/04/30 07:25</PriceUpdateDate>
      <ItemCode>7290101412946</ItemCode>
      <ItemType>1</ItemType>
      <ItemName>מנגל נירוסטה גדול על רגל</ItemName>
      <ManufactureName>אוהב ציון בעמ (מבצעים)</ManufactureName>
      <ManufactureCountry />
      <ManufactureItemDescription />
      <UnitQty>יח`</UnitQty>
      <Quantity>1</Quantity>
      <UnitMeasure />
      <BisWeighted>0</BisWeighted>
      <QtyInPackage>1</QtyInPackage>
      <ItemPrice>79.90</ItemPrice>
      <UnitOfMeasurePrice>79.90</UnitOfMeasurePrice>
      <AllowDiscount>0</AllowDiscount>
      <itemStatus>1</itemStatus>
      <LastUpdateDate />
      <LastUpdateTime />
    </Product>
    <Product>
      <PriceUpdateDate>2017/08/10 08:49</PriceUpdateDate>
      <ItemCode>7290101455264</ItemCode>
      <ItemType>1</ItemType>
      <ItemName>בקבוק שתייה דגם  שקוף-700  מל-מפרץ ההרפ</ItemName>
      <ManufactureName>שמחה זה אנחנו בעמ</ManufactureName>
      <ManufactureCountry />
      <ManufactureItemDescription />
      <UnitQty>יח`</UnitQty>
      <Quantity>1</Quantity>
      <UnitMeasure />
      <BisWeighted>0</BisWeighted>
      <QtyInPackage>1</QtyInPackage>
      <ItemPrice>24.90</ItemPrice>
      <UnitOfMeasurePrice>24.90</UnitOfMeasurePrice>
      <AllowDiscount>0</AllowDiscount>
      <itemStatus>1</itemStatus>
      <LastUpdateDate />
      <LastUpdateTime />
    </Product>
    <Product>
      <PriceUpdateDate>2015/12/29 08:29</PriceUpdateDate>
      <ItemCode>7290101486688</ItemCode>
      <ItemType>1</ItemType>
      <ItemName>פרי חטיפי בריאות מארז 5 דגנים עם שוקולד</ItemName>
      <ManufactureName>ש.שסטוביץ בעמ</ManufactureName>
      <ManufactureCountry />
      <ManufactureItemDescription />
      <UnitQty>יח`</UnitQty>
      <Quantity>90</Quantity>
      <UnitMeasure>גרם</UnitMeasure>
      <BisWeighted>0</BisWeighted>
      <QtyInPackage>1</QtyInPackage>
      <ItemPrice>17.90</ItemPrice>
      <UnitOfMeasurePrice>19.89</UnitOfMeasurePrice>
      <AllowDiscount>0</AllowDiscount>
      <itemStatus>1</itemStatus>
      <LastUpdateDate />
      <LastUpdateTime />
    </Product>
    <Product>
      <PriceUpdateDate>2015/12/28 08:17</PriceUpdateDate>
      <ItemCode>7290101488323</ItemCode>
      <ItemType>1</ItemType>
      <ItemName>ליידי ספיד סטיק ללא סימן ירוק חדש</ItemName>
      <ManufactureName>ש.שסטוביץ בעמ</ManufactureName>
      <ManufactureCountry />
      <ManufactureItemDescription />
      <UnitQty>יח`</UnitQty>
      <Quantity>65</Quantity>
      <UnitMeasure>מ"ל</UnitMeasure>
      <BisWeighted>0</BisWeighted>
      <QtyInPackage>1</QtyInPackage>
      <ItemPrice>16.90</ItemPrice>
      <UnitOfMeasurePrice>26</UnitOfMeasurePrice>
      <AllowDiscount>0</AllowDiscount>
      <itemStatus>1</itemStatus>
      <LastUpdateDate />
      <LastUpdateTime />
    </Product>
    <Product>
      <PriceUpdateDate>2019/01/15 15:48</PriceUpdateDate>
      <ItemCode>7290101551027</ItemCode>
      <ItemType>1</ItemType>
      <ItemName>קפסולות 14 למכונות נספרו עלית (10)</ItemName>
      <ManufactureName>שטראוס גרופ בעמ</ManufactureName>
      <ManufactureCountry />
      <ManufactureItemDescription />
      <UnitQty>יח`</UnitQty>
      <Quantity>50</Quantity>
      <UnitMeasure>גרם</UnitMeasure>
      <BisWeighted>0</BisWeighted>
      <QtyInPackage>1</QtyInPackage>
      <ItemPrice>16.90</ItemPrice>
      <UnitOfMeasurePrice>33.80</UnitOfMeasurePrice>
      <AllowDiscount>1</AllowDiscount>
      <itemStatus>1</itemStatus>
      <LastUpdateDate />
      <LastUpdateTime />
    </Product>
    <Product>
      <PriceUpdateDate>2018/10/07 08:19</PriceUpdateDate>
      <ItemCode>7290101551263</ItemCode>
      <ItemType>1</ItemType>
      <ItemName>סילאן טבעי 700 גר` יד מרדכי</ItemName>
      <ManufactureName>שטראוס גרופ בעמ</ManufactureName>
      <ManufactureCountry />
      <ManufactureItemDescription />
      <UnitQty>יח`</UnitQty>
      <Quantity>700</Quantity>
      <UnitMeasure>גרם</UnitMeasure>
      <BisWeighted>0</BisWeighted>
      <QtyInPackage>1</QtyInPackage>
      <ItemPrice>21.90</ItemPrice>
      <UnitOfMeasurePrice>3.13</UnitOfMeasurePrice>
      <AllowDiscount>0</AllowDiscount>
      <itemStatus>1</itemStatus>
      <LastUpdateDate />
      <LastUpdateTime />
    </Product>
    <Product>
      <PriceUpdateDate>2018/10/07 08:19</PriceUpdateDate>
      <ItemCode>7290101551300</ItemCode>
      <ItemType>1</ItemType>
      <ItemName>סילאן טבעי לחיץ 380  גר`יד מרדכי</ItemName>
      <ManufactureName>שטראוס גרופ בעמ</ManufactureName>
      <ManufactureCountry />
      <ManufactureItemDescription />
      <UnitQty>יח`</UnitQty>
      <Quantity>380</Quantity>
      <UnitMeasure>גרם</UnitMeasure>
      <BisWeighted>0</BisWeighted>
      <QtyInPackage>1</QtyInPackage>
      <ItemPrice>14.90</ItemPrice>
      <UnitOfMeasurePrice>3.92</UnitOfMeasurePrice>
      <AllowDiscount>0</AllowDiscount>
      <itemStatus>1</itemStatus>
      <LastUpdateDate />
      <LastUpdateTime />
    </Product>
    <Product>
      <PriceUpdateDate>2018/10/08 08:59</PriceUpdateDate>
      <ItemCode>7290101551539</ItemCode>
      <ItemType>1</ItemType>
      <ItemName>דנונה פרו 20 גר` אפרסק</ItemName>
      <ManufactureName>שטראוס גרופ בעמ/מצונן</ManufactureName>
      <ManufactureCountry />
      <ManufactureItemDescription />
      <UnitQty>יח`</UnitQty>
      <Quantity>200</Quantity>
      <UnitMeasure>גרם</UnitMeasure>
      <BisWeighted>0</BisWeighted>
      <QtyInPackage>1</QtyInPackage>
      <ItemPrice>5.90</ItemPrice>
      <UnitOfMeasurePrice>2.95</UnitOfMeasurePrice>
      <AllowDiscount>0</AllowDiscount>
      <itemStatus>1</itemStatus>
      <LastUpdateDate />
      <LastUpdateTime />
    </Product>
    <Product>
      <PriceUpdateDate>2018/10/11 10:43</PriceUpdateDate>
      <ItemCode>7290101551584</ItemCode>
      <ItemType>1</ItemType>
      <ItemName>חטיף צ`יפס קידס תפוצ`יפס (10*20)</ItemName>
      <ManufactureName>שטראוס פריטו ליי בעמ</ManufactureName>
      <ManufactureCountry />
      <ManufactureItemDescription />
      <UnitQty>יח`</UnitQty>
      <Quantity>200</Quantity>
      <UnitMeasure>גרם</UnitMeasure>
      <BisWeighted>0</BisWeighted>
      <QtyInPackage>1</QtyInPackage>
      <ItemPrice>12.90</ItemPrice>
      <UnitOfMeasurePrice>6.45</UnitOfMeasurePrice>
      <AllowDiscount>0</AllowDiscount>
      <itemStatus>1</itemStatus>
      <LastUpdateDate />
      <LastUpdateTime />
    </Product>
    <Product>
      <PriceUpdateDate>2018/10/11 10:43</PriceUpdateDate>
      <ItemCode>7290101551607</ItemCode>
      <ItemType>1</ItemType>
      <ItemName>שוש אפוי חטיף בוטנים עלית (25X10)</ItemName>
      <ManufactureName>שטראוס פריטו ליי בעמ</ManufactureName>
      <ManufactureCountry />
      <ManufactureItemDescription />
      <UnitQty>יח`</UnitQty>
      <Quantity>250</Quantity>
      <UnitMeasure>גרם</UnitMeasure>
      <BisWeighted>0</BisWeighted>
      <QtyInPackage>1</QtyInPackage>
      <ItemPrice>12.90</ItemPrice>
      <UnitOfMeasurePrice>5.16</UnitOfMeasurePrice>
      <AllowDiscount>0</AllowDiscount>
      <itemStatus>1</itemStatus>
      <LastUpdateDate />
      <LastUpdateTime />
    </Product>
    <Product>
      <PriceUpdateDate>2018/10/11 10:43</PriceUpdateDate>
      <ItemCode>7290101551614</ItemCode>
      <ItemType>1</ItemType>
      <ItemName>מארז צ`יטוס קראנצ` גבינה</ItemName>
      <ManufactureName>שטראוס פריטו ליי בעמ</ManufactureName>
      <ManufactureCountry />
      <ManufactureItemDescription />
      <UnitQty>יח`</UnitQty>
      <Quantity>240</Quantity>
      <UnitMeasure>גרם</UnitMeasure>
      <BisWeighted>0</BisWeighted>
      <QtyInPackage>1</QtyInPackage>
      <ItemPrice>13.90</ItemPrice>
      <UnitOfMeasurePrice>5.79</UnitOfMeasurePrice>
      <AllowDiscount>0</AllowDiscount>
      <itemStatus>1</itemStatus>
      <LastUpdateDate />
      <LastUpdateTime />
    </Product>
    <Product>
      <PriceUpdateDate>2018/10/07 08:19</PriceUpdateDate>
      <ItemCode>7290101551621</ItemCode>
      <ItemType>1</ItemType>
      <ItemName>מארז ציטוס דולפינים עשרייה עלית</ItemName>
      <ManufactureName>שטראוס פריטו ליי בעמ</ManufactureName>
      <ManufactureCountry />
      <ManufactureItemDescription />
      <UnitQty>יח`</UnitQty>
      <Quantity>200</Quantity>
      <UnitMeasure>גרם</UnitMeasure>
      <BisWeighted>0</BisWeighted>
      <QtyInPackage>1</QtyInPackage>
      <ItemPrice>12.90</ItemPrice>
      <UnitOfMeasurePrice>6.45</UnitOfMeasurePrice>
      <AllowDiscount>0</AllowDiscount>
      <itemStatus>1</itemStatus>
      <LastUpdateDate />
      <LastUpdateTime />
    </Product>
    <Product>
      <PriceUpdateDate>2018/10/11 10:43</PriceUpdateDate>
      <ItemCode>7290101551645</ItemCode>
      <ItemType>1</ItemType>
      <ItemName>מארז צ`יטוס איקס עיגול</ItemName>
      <ManufactureName>שטראוס פריטו ליי בעמ</ManufactureName>
      <ManufactureCountry />
      <ManufactureItemDescription />
      <UnitQty>יח`</UnitQty>
      <Quantity>200</Quantity>
      <UnitMeasure>גרם</UnitMeasure>
      <BisWeighted>0</BisWeighted>
      <QtyInPackage>1</QtyInPackage>
      <ItemPrice>12.90</ItemPrice>
      <UnitOfMeasurePrice>6.45</UnitOfMeasurePrice>
      <AllowDiscount>0</AllowDiscount>
      <itemStatus>1</itemStatus>
      <LastUpdateDate />
      <LastUpdateTime />
    </Product>
    <Product>
      <PriceUpdateDate>2018/12/18 11:00</PriceUpdateDate>
      <ItemCode>7290101557609</ItemCode>
      <ItemType>1</ItemType>
      <ItemName>דניאלה מעדן בטעם מנגו שטראוס (88 גרם)</ItemName>
      <ManufactureName>שטראוס גרופ בעמ/מצונן</ManufactureName>
      <ManufactureCountry />
      <ManufactureItemDescription />
      <UnitQty>יח`</UnitQty>
      <Quantity>88</Quantity>
      <UnitMeasure>מ"ל</UnitMeasure>
      <BisWeighted>0</BisWeighted>
      <QtyInPackage>1</QtyInPackage>
      <ItemPrice>4</ItemPrice>
      <UnitOfMeasurePrice>4.55</UnitOfMeasurePrice>
      <AllowDiscount>0</AllowDiscount>
      <itemStatus>1</itemStatus>
      <LastUpdateDate />
      <LastUpdateTime />
    </Product>
    <Product>
      <PriceUpdateDate>2020/01/27 09:06</PriceUpdateDate>
      <ItemCode>7290101860914</ItemCode>
      <ItemType>1</ItemType>
      <ItemName>קולון 101 אבקת כביסה 6 קג</ItemName>
      <ManufactureName>רקיט בנקיזר (ניר איסט) בעמ</ManufactureName>
      <ManufactureCountry />
      <ManufactureItemDescription />
      <UnitQty>יח`</UnitQty>
      <Quantity>6</Quantity>
      <UnitMeasure>ק"ג</UnitMeasure>
      <BisWeighted>0</BisWeighted>
      <QtyInPackage>1</QtyInPackage>
      <ItemPrice>34.90</ItemPrice>
      <UnitOfMeasurePrice>5.82</UnitOfMeasurePrice>
      <AllowDiscount>0</AllowDiscount>
      <itemStatus>1</itemStatus>
      <LastUpdateDate />
      <LastUpdateTime />
    </Product>
    <Product>
      <PriceUpdateDate>2020/03/02 12:06</PriceUpdateDate>
      <ItemCode>7290101863410</ItemCode>
      <ItemType>1</ItemType>
      <ItemName>סיליט באנג אקונומיקה 750 מל</ItemName>
      <ManufactureName>רקיט בנקיזר (ניר איסט) בעמ</ManufactureName>
      <ManufactureCountry />
      <ManufactureItemDescription />
      <UnitQty>יח`</UnitQty>
      <Quantity>750</Quantity>
      <UnitMeasure>מ"ל</UnitMeasure>
      <BisWeighted>0</BisWeighted>
      <QtyInPackage>1</QtyInPackage>
      <ItemPrice>9.90</ItemPrice>
      <UnitOfMeasurePrice>1.32</UnitOfMeasurePrice>
      <AllowDiscount>0</AllowDiscount>
      <itemStatus>1</itemStatus>
      <LastUpdateDate />
      <LastUpdateTime />
    </Product>
    <Product>
      <PriceUpdateDate>2019/01/30 08:52</PriceUpdateDate>
      <ItemCode>7290101864127</ItemCode>
      <ItemType>1</ItemType>
      <ItemName>ספריי להסרת כתמים וניש קליה (750 מל)</ItemName>
      <ManufactureName>רקיט בנקיזר (ניר איסט) בעמ</ManufactureName>
      <ManufactureCountry />
      <ManufactureItemDescription />
      <UnitQty>יח`</UnitQty>
      <Quantity>750</Quantity>
      <UnitMeasure>מ"ל</UnitMeasure>
      <BisWeighted>0</BisWeighted>
      <QtyInPackage>1</QtyInPackage>
      <ItemPrice>18.90</ItemPrice>
      <UnitOfMeasurePrice>2.52</UnitOfMeasurePrice>
      <AllowDiscount>1</AllowDiscount>
      <itemStatus>1</itemStatus>
      <LastUpdateDate />
      <LastUpdateTime />
    </Product>
    <Product>
      <PriceUpdateDate>2017/05/03 09:36</PriceUpdateDate>
      <ItemCode>7290101865261</ItemCode>
      <ItemType>1</ItemType>
      <ItemName>נוזל הברקה למדיח כלים פיניש (800 מל)</ItemName>
      <ManufactureName>רקיט בנקיזר (ניר איסט) בעמ</ManufactureName>
      <ManufactureCountry />
      <ManufactureItemDescription />
      <UnitQty>יח`</UnitQty>
      <Quantity>800</Quantity>
      <UnitMeasure>מ"ל</UnitMeasure>
      <BisWeighted>0</BisWeighted>
      <QtyInPackage>1</QtyInPackage>
      <ItemPrice>30.90</ItemPrice>
      <UnitOfMeasurePrice>3.86</UnitOfMeasurePrice>
      <AllowDiscount>1</AllowDiscount>
      <itemStatus>1</itemStatus>
      <LastUpdateDate />
      <LastUpdateTime />
    </Product>
    <Product>
      <PriceUpdateDate>2017/06/04 10:57</PriceUpdateDate>
      <ItemCode>7290101866633</ItemCode>
      <ItemType>1</ItemType>
      <ItemName>ג`ל להסרת כתמים וניש קליה (3 ליטר)</ItemName>
      <ManufactureName>רקיט בנקיזר (ניר איסט) בעמ</ManufactureName>
      <ManufactureCountry />
      <ManufactureItemDescription />
      <UnitQty>יח`</UnitQty>
      <Quantity>3</Quantity>
      <UnitMeasure>1 ליטר</UnitMeasure>
      <BisWeighted>0</BisWeighted>
      <QtyInPackage>1</QtyInPackage>
      <ItemPrice>39.90</ItemPrice>
      <UnitOfMeasurePrice>13.30</UnitOfMeasurePrice>
      <AllowDiscount>1</AllowDiscount>
      <itemStatus>1</itemStatus>
      <LastUpdateDate />
      <LastUpdateTime />
    </Product>
    <Product>
      <PriceUpdateDate>2017/06/04 10:57</PriceUpdateDate>
      <ItemCode>7290101866787</ItemCode>
      <ItemType>1</ItemType>
      <ItemName>קליה ג`ל 3 ליטר</ItemName>
      <ManufactureName>רקיט בנקיזר (ניר איסט) בעמ</ManufactureName>
      <ManufactureCountry />
      <ManufactureItemDescription />
      <UnitQty>יח`</UnitQty>
      <Quantity>3000</Quantity>
      <UnitMeasure>מ"ל</UnitMeasure>
      <BisWeighted>0</BisWeighted>
      <QtyInPackage>1</QtyInPackage>
      <ItemPrice>39.90</ItemPrice>
      <UnitOfMeasurePrice>1.33</UnitOfMeasurePrice>
      <AllowDiscount>1</AllowDiscount>
      <itemStatus>1</itemStatus>
      <LastUpdateDate />
      <LastUpdateTime />
    </Product>
    <Product>
      <PriceUpdateDate>2017/06/04 10:57</PriceUpdateDate>
      <ItemCode>7290101868958</ItemCode>
      <ItemType>1</ItemType>
      <ItemName>פיניש נוזל הברקה 800 מל לימון</ItemName>
      <ManufactureName>רקיט בנקיזר (ניר איסט) בעמ</ManufactureName>
      <ManufactureCountry />
      <ManufactureItemDescription />
      <UnitQty>יח`</UnitQty>
      <Quantity>800</Quantity>
      <UnitMeasure>מ"ל</UnitMeasure>
      <BisWeighted>0</BisWeighted>
      <QtyInPackage>1</QtyInPackage>
      <ItemPrice>30.90</ItemPrice>
      <UnitOfMeasurePrice>3.86</UnitOfMeasurePrice>
      <AllowDiscount>1</AllowDiscount>
      <itemStatus>1</itemStatus>
      <LastUpdateDate />
      <LastUpdateTime />
    </Product>
    <Product>
      <PriceUpdateDate>2017/03/06 09:05</PriceUpdateDate>
      <ItemCode>7290101869702</ItemCode>
      <ItemType>1</ItemType>
      <ItemName>ג`ל למדיח כלים All in 1 פיניש (600 מל)</ItemName>
      <ManufactureName>רקיט בנקיזר (ניר איסט) בעמ</ManufactureName>
      <ManufactureCountry />
      <ManufactureItemDescription />
      <UnitQty>יח`</UnitQty>
      <Quantity>600</Quantity>
      <UnitMeasure>מ"ל</UnitMeasure>
      <BisWeighted>0</BisWeighted>
      <QtyInPackage>1</QtyInPackage>
      <ItemPrice>34.90</ItemPrice>
      <UnitOfMeasurePrice>5.82</UnitOfMeasurePrice>
      <AllowDiscount>1</AllowDiscount>
      <itemStatus>1</itemStatus>
      <LastUpdateDate />
      <LastUpdateTime />
    </Product>
    <Product>
      <PriceUpdateDate>2017/03/06 09:05</PriceUpdateDate>
      <ItemCode>7290101869726</ItemCode>
      <ItemType>1</ItemType>
      <ItemName>ג`ל למדיח כלים All in 1 פיניש (1 ליטר)</ItemName>
      <ManufactureName>רקיט בנקיזר (ניר איסט) בעמ</ManufactureName>
      <ManufactureCountry />
      <ManufactureItemDescription />
      <UnitQty>יח`</UnitQty>
      <Quantity>1000</Quantity>
      <UnitMeasure>מ"ל</UnitMeasure>
      <BisWeighted>0</BisWeighted>
      <QtyInPackage>1</QtyInPackage>
      <ItemPrice>44.90</ItemPrice>
      <UnitOfMeasurePrice>4.49</UnitOfMeasurePrice>
      <AllowDiscount>1</AllowDiscount>
      <itemStatus>1</itemStatus>
      <LastUpdateDate />
      <LastUpdateTime />
    </Product>
    <Product>
      <PriceUpdateDate>2017/04/30 09:37</PriceUpdateDate>
      <ItemCode>7290101869795</ItemCode>
      <ItemType>1</ItemType>
      <ItemName>מילוי מבשם אויר אוטומטי חלום ליל קיץ</ItemName>
      <ManufactureName>רקיט בנקיזר (ניר איסט) בעמ</ManufactureName>
      <ManufactureCountry />
      <ManufactureItemDescription />
      <UnitQty>יח`</UnitQty>
      <Quantity>250</Quantity>
      <UnitMeasure>מ"ל</UnitMeasure>
      <BisWeighted>0</BisWeighted>
      <QtyInPackage>1</QtyInPackage>
      <ItemPrice>26.90</ItemPrice>
      <UnitOfMeasurePrice>10.76</UnitOfMeasurePrice>
      <AllowDiscount>1</AllowDiscount>
      <itemStatus>1</itemStatus>
      <LastUpdateDate />
      <LastUpdateTime />
    </Product>
    <Product>
      <PriceUpdateDate>2015/05/19 10:32</PriceUpdateDate>
      <ItemCode>7290101869818</ItemCode>
      <ItemType>1</ItemType>
      <ItemName>מבשם אוויר חשמלי מכשיר חלום ליל קיץ</ItemName>
      <ManufactureName>רקיט בנקיזר (ניר איסט) בעמ</ManufactureName>
      <ManufactureCountry />
      <ManufactureItemDescription />
      <UnitQty>יח`</UnitQty>
      <Quantity>1</Quantity>
      <UnitMeasure />
      <BisWeighted>0</BisWeighted>
      <QtyInPackage>1</QtyInPackage>
      <ItemPrice>29.90</ItemPrice>
      <UnitOfMeasurePrice>29.90</UnitOfMeasurePrice>
      <AllowDiscount>1</AllowDiscount>
      <itemStatus>1</itemStatus>
      <LastUpdateDate />
      <LastUpdateTime />
    </Product>
    <Product>
      <PriceUpdateDate>2017/04/30 09:37</PriceUpdateDate>
      <ItemCode>7290101869825</ItemCode>
      <ItemType>1</ItemType>
      <ItemName>מילוי מבשם אויר חשמלי אואזיס</ItemName>
      <ManufactureName>רקיט בנקיזר (ניר איסט) בעמ</ManufactureName>
      <ManufactureCountry />
      <ManufactureItemDescription />
      <UnitQty>יח`</UnitQty>
      <Quantity>1</Quantity>
      <UnitMeasure />
      <BisWeighted>0</BisWeighted>
      <QtyInPackage>1</QtyInPackage>
      <ItemPrice>26.90</ItemPrice>
      <UnitOfMeasurePrice>26.90</UnitOfMeasurePrice>
      <AllowDiscount>1</AllowDiscount>
      <itemStatus>1</itemStatus>
      <LastUpdateDate />
      <LastUpdateTime />
    </Product>
    <Product>
      <PriceUpdateDate>2017/04/30 09:37</PriceUpdateDate>
      <ItemCode>7290101869849</ItemCode>
      <ItemType>1</ItemType>
      <ItemName>מילוי מבשם אויר חשמלי חטאים מתוקים</ItemName>
      <ManufactureName>רקיט בנקיזר (ניר איסט) בעמ</ManufactureName>
      <ManufactureCountry />
      <ManufactureItemDescription />
      <UnitQty>יח`</UnitQty>
      <Quantity>1</Quantity>
      <UnitMeasure />
      <BisWeighted>0</BisWeighted>
      <QtyInPackage>1</QtyInPackage>
      <ItemPrice>26.90</ItemPrice>
      <UnitOfMeasurePrice>26.90</UnitOfMeasurePrice>
      <AllowDiscount>1</AllowDiscount>
      <itemStatus>1</itemStatus>
      <LastUpdateDate />
      <LastUpdateTime />
    </Product>
    <Product>
      <PriceUpdateDate>2015/11/30 12:38</PriceUpdateDate>
      <ItemCode>7290101981787</ItemCode>
      <ItemType>1</ItemType>
      <ItemName>צלחת פולי מבחר מותגים שמחה זה אנחנו</ItemName>
      <ManufactureName>שמחה זה אנחנו בעמ</ManufactureName>
      <ManufactureCountry />
      <ManufactureItemDescription />
      <UnitQty>יח`</UnitQty>
      <Quantity>1</Quantity>
      <UnitMeasure />
      <BisWeighted>0</BisWeighted>
      <QtyInPackage>1</QtyInPackage>
      <ItemPrice>9.90</ItemPrice>
      <UnitOfMeasurePrice>9.90</UnitOfMeasurePrice>
      <AllowDiscount>0</AllowDiscount>
      <itemStatus>1</itemStatus>
      <LastUpdateDate />
      <LastUpdateTime />
    </Product>
    <Product>
      <PriceUpdateDate>2015/12/01 11:25</PriceUpdateDate>
      <ItemCode>7290102006397</ItemCode>
      <ItemType>1</ItemType>
      <ItemName>זר יום הולדת לראש עם פרחים-אדום</ItemName>
      <ManufactureName>שמחה זה אנחנו בעמ</ManufactureName>
      <ManufactureCountry />
      <ManufactureItemDescription />
      <UnitQty>יח`</UnitQty>
      <Quantity>1</Quantity>
      <UnitMeasure />
      <BisWeighted>0</BisWeighted>
      <QtyInPackage>1</QtyInPackage>
      <ItemPrice>10.90</ItemPrice>
      <UnitOfMeasurePrice>10.90</UnitOfMeasurePrice>
      <AllowDiscount>0</AllowDiscount>
      <itemStatus>1</itemStatus>
      <LastUpdateDate />
      <LastUpdateTime />
    </Product>
    <Product>
      <PriceUpdateDate>2013/12/18 11:59</PriceUpdateDate>
      <ItemCode>7290102030330</ItemCode>
      <ItemType>1</ItemType>
      <ItemName>תפוצ`יפס 200 גר` קראנץ` מקסיקני</ItemName>
      <ManufactureName>שטראוס פריטו ליי בעמ</ManufactureName>
      <ManufactureCountry />
      <ManufactureItemDescription />
      <UnitQty>יח`</UnitQty>
      <Quantity>200</Quantity>
      <UnitMeasure>גרם</UnitMeasure>
      <BisWeighted>0</BisWeighted>
      <QtyInPackage>1</QtyInPackage>
      <ItemPrice>10.90</ItemPrice>
      <UnitOfMeasurePrice>5.45</UnitOfMeasurePrice>
      <AllowDiscount>1</AllowDiscount>
      <itemStatus>1</itemStatus>
      <LastUpdateDate />
      <LastUpdateTime />
    </Product>
    <Product>
      <PriceUpdateDate>2019/09/03 09:09</PriceUpdateDate>
      <ItemCode>7290102031276</ItemCode>
      <ItemType>1</ItemType>
      <ItemName>שמיניית אקטימל תות בננה</ItemName>
      <ManufactureName>שטראוס גרופ בעמ/מצונן</ManufactureName>
      <ManufactureCountry />
      <ManufactureItemDescription />
      <UnitQty>יח`</UnitQty>
      <Quantity>800</Quantity>
      <UnitMeasure>מ"ל</UnitMeasure>
      <BisWeighted>0</BisWeighted>
      <QtyInPackage>1</QtyInPackage>
      <ItemPrice>19.90</ItemPrice>
      <UnitOfMeasurePrice>2.49</UnitOfMeasurePrice>
      <AllowDiscount>0</AllowDiscount>
      <itemStatus>1</itemStatus>
      <LastUpdateDate />
      <LastUpdateTime />
    </Product>
    <Product>
      <PriceUpdateDate>2019/09/04 18:51</PriceUpdateDate>
      <ItemCode>7290102032334</ItemCode>
      <ItemType>1</ItemType>
      <ItemName>קפה נמס וניל עלית (200 גרם)</ItemName>
      <ManufactureName>שטראוס גרופ בעמ</ManufactureName>
      <ManufactureCountry />
      <ManufactureItemDescription />
      <UnitQty>יח`</UnitQty>
      <Quantity>200</Quantity>
      <UnitMeasure>גרם</UnitMeasure>
      <BisWeighted>0</BisWeighted>
      <QtyInPackage>1</QtyInPackage>
      <ItemPrice>19.90</ItemPrice>
      <UnitOfMeasurePrice>9.95</UnitOfMeasurePrice>
      <AllowDiscount>0</AllowDiscount>
      <itemStatus>1</itemStatus>
      <LastUpdateDate />
      <LastUpdateTime />
    </Product>
    <Product>
      <PriceUpdateDate>2014/04/13 19:46</PriceUpdateDate>
      <ItemCode>7290102035007</ItemCode>
      <ItemType>1</ItemType>
      <ItemName>מסטיק ללא סוכר קלאסי בזוקה (28 גרם)</ItemName>
      <ManufactureName>שטראוס גרופ בעמ</ManufactureName>
      <ManufactureCountry />
      <ManufactureItemDescription />
      <UnitQty>יח`</UnitQty>
      <Quantity>28</Quantity>
      <UnitMeasure>גרם</UnitMeasure>
      <BisWeighted>0</BisWeighted>
      <QtyInPackage>1</QtyInPackage>
      <ItemPrice>4.90</ItemPrice>
      <UnitOfMeasurePrice>17.50</UnitOfMeasurePrice>
      <AllowDiscount>0</AllowDiscount>
      <itemStatus>1</itemStatus>
      <LastUpdateDate />
      <LastUpdateTime />
    </Product>
    <Product>
      <PriceUpdateDate>2017/05/01 09:06</PriceUpdateDate>
      <ItemCode>7290102300815</ItemCode>
      <ItemType>1</ItemType>
      <ItemName>גבינת צ`דר אנגלית כתומה פרוס 200גר</ItemName>
      <ManufactureName>נטו מלינדה סחר בעמ</ManufactureName>
      <ManufactureCountry />
      <ManufactureItemDescription />
      <UnitQty>יח`</UnitQty>
      <Quantity>200</Quantity>
      <UnitMeasure>גרם</UnitMeasure>
      <BisWeighted>0</BisWeighted>
      <QtyInPackage>1</QtyInPackage>
      <ItemPrice>22.70</ItemPrice>
      <UnitOfMeasurePrice>11.35</UnitOfMeasurePrice>
      <AllowDiscount>1</AllowDiscount>
      <itemStatus>1</itemStatus>
      <LastUpdateDate />
      <LastUpdateTime />
    </Product>
    <Product>
      <PriceUpdateDate>2017/05/01 09:06</PriceUpdateDate>
      <ItemCode>7290102300822</ItemCode>
      <ItemType>1</ItemType>
      <ItemName>גבינת צ`דר אנגלית כתומה 200 גרם</ItemName>
      <ManufactureName>נטו מלינדה סחר בעמ</ManufactureName>
      <ManufactureCountry />
      <ManufactureItemDescription />
      <UnitQty>יח`</UnitQty>
      <Quantity>200</Quantity>
      <UnitMeasure>גרם</UnitMeasure>
      <BisWeighted>0</BisWeighted>
      <QtyInPackage>1</QtyInPackage>
      <ItemPrice>21.70</ItemPrice>
      <UnitOfMeasurePrice>10.85</UnitOfMeasurePrice>
      <AllowDiscount>1</AllowDiscount>
      <itemStatus>1</itemStatus>
      <LastUpdateDate />
      <LastUpdateTime />
    </Product>
    <Product>
      <PriceUpdateDate>2015/01/20 08:19</PriceUpdateDate>
      <ItemCode>7290102300860</ItemCode>
      <ItemType>1</ItemType>
      <ItemName>גבינת צ`דר אנגלית 200 גרם</ItemName>
      <ManufactureName>נטו מלינדה סחר בעמ</ManufactureName>
      <ManufactureCountry />
      <ManufactureItemDescription />
      <UnitQty>יח`</UnitQty>
      <Quantity>200</Quantity>
      <UnitMeasure>גרם</UnitMeasure>
      <BisWeighted>0</BisWeighted>
      <QtyInPackage>1</QtyInPackage>
      <ItemPrice>19.90</ItemPrice>
      <UnitOfMeasurePrice>9.95</UnitOfMeasurePrice>
      <AllowDiscount>1</AllowDiscount>
      <itemStatus>1</itemStatus>
      <LastUpdateDate />
      <LastUpdateTime />
    </Product>
    <Product>
      <PriceUpdateDate>2018/01/08 16:37</PriceUpdateDate>
      <ItemCode>7290102302253</ItemCode>
      <ItemType>1</ItemType>
      <ItemName>גאודה עיזים 200 גר`</ItemName>
      <ManufactureName>נטו מלינדה סחר בעמ</ManufactureName>
      <ManufactureCountry />
      <ManufactureItemDescription />
      <UnitQty>יח`</UnitQty>
      <Quantity>200</Quantity>
      <UnitMeasure>גרם</UnitMeasure>
      <BisWeighted>0</BisWeighted>
      <QtyInPackage>1</QtyInPackage>
      <ItemPrice>34.90</ItemPrice>
      <UnitOfMeasurePrice>17.45</UnitOfMeasurePrice>
      <AllowDiscount>0</AllowDiscount>
      <itemStatus>1</itemStatus>
      <LastUpdateDate />
      <LastUpdateTime />
    </Product>
    <Product>
      <PriceUpdateDate>2019/11/13 10:05</PriceUpdateDate>
      <ItemCode>7290102302871</ItemCode>
      <ItemType>1</ItemType>
      <ItemName>גבינה גאודה פסטו אדום 200 גר`</ItemName>
      <ManufactureName>נטו מלינדה סחר בעמ</ManufactureName>
      <ManufactureCountry />
      <ManufactureItemDescription />
      <UnitQty>יח`</UnitQty>
      <Quantity>200</Quantity>
      <UnitMeasure>גרם</UnitMeasure>
      <BisWeighted>0</BisWeighted>
      <QtyInPackage>1</QtyInPackage>
      <ItemPrice>34.90</ItemPrice>
      <UnitOfMeasurePrice>17.45</UnitOfMeasurePrice>
      <AllowDiscount>1</AllowDiscount>
      <itemStatus>1</itemStatus>
      <LastUpdateDate />
      <LastUpdateTime />
    </Product>
    <Product>
      <PriceUpdateDate>2014/01/01 08:37</PriceUpdateDate>
      <ItemCode>7290102390427</ItemCode>
      <ItemType>1</ItemType>
      <ItemName>יוגורט ביו פרופ 3% תות מולר (150 גרם)</ItemName>
      <ManufactureName>החב` המרכזית - טרה</ManufactureName>
      <ManufactureCountry />
      <ManufactureItemDescription />
      <UnitQty>יח`</UnitQty>
      <Quantity>150</Quantity>
      <UnitMeasure>מ"ל</UnitMeasure>
      <BisWeighted>0</BisWeighted>
      <QtyInPackage>1</QtyInPackage>
      <ItemPrice>5</ItemPrice>
      <UnitOfMeasurePrice>3.33</UnitOfMeasurePrice>
      <AllowDiscount>0</AllowDiscount>
      <itemStatus>1</itemStatus>
      <LastUpdateDate />
      <LastUpdateTime />
    </Product>
    <Product>
      <PriceUpdateDate>2014/01/01 08:37</PriceUpdateDate>
      <ItemCode>7290102390465</ItemCode>
      <ItemType>1</ItemType>
      <ItemName>מולר מעדן אפרסק 150 מל</ItemName>
      <ManufactureName>החב` המרכזית - טרה</ManufactureName>
      <ManufactureCountry />
      <ManufactureItemDescription />
      <UnitQty>יח`</UnitQty>
      <Quantity>150</Quantity>
      <UnitMeasure>מ"ל</UnitMeasure>
      <BisWeighted>0</BisWeighted>
      <QtyInPackage>1</QtyInPackage>
      <ItemPrice>5</ItemPrice>
      <UnitOfMeasurePrice>3.33</UnitOfMeasurePrice>
      <AllowDiscount>0</AllowDiscount>
      <itemStatus>1</itemStatus>
      <LastUpdateDate />
      <LastUpdateTime />
    </Product>
    <Product>
      <PriceUpdateDate>2014/01/01 08:37</PriceUpdateDate>
      <ItemCode>7290102390489</ItemCode>
      <ItemType>1</ItemType>
      <ItemName>יוגורט ביו פרופ 3% לימון מולר (150 גרם)</ItemName>
      <ManufactureName>החב` המרכזית - טרה</ManufactureName>
      <ManufactureCountry />
      <ManufactureItemDescription />
      <UnitQty>יח`</UnitQty>
      <Quantity>150</Quantity>
      <UnitMeasure>מ"ל</UnitMeasure>
      <BisWeighted>0</BisWeighted>
      <QtyInPackage>1</QtyInPackage>
      <ItemPrice>5</ItemPrice>
      <UnitOfMeasurePrice>3.33</UnitOfMeasurePrice>
      <AllowDiscount>0</AllowDiscount>
      <itemStatus>1</itemStatus>
      <LastUpdateDate />
      <LastUpdateTime />
    </Product>
    <Product>
      <PriceUpdateDate>2014/01/01 08:37</PriceUpdateDate>
      <ItemCode>7290102391844</ItemCode>
      <ItemType>1</ItemType>
      <ItemName>מולר יוגורט פרי פרופ יער 150 מל</ItemName>
      <ManufactureName>החב` המרכזית - טרה</ManufactureName>
      <ManufactureCountry />
      <ManufactureItemDescription />
      <UnitQty>יח`</UnitQty>
      <Quantity>150</Quantity>
      <UnitMeasure>מ"ל</UnitMeasure>
      <BisWeighted>0</BisWeighted>
      <QtyInPackage>1</QtyInPackage>
      <ItemPrice>5</ItemPrice>
      <UnitOfMeasurePrice>3.33</UnitOfMeasurePrice>
      <AllowDiscount>0</AllowDiscount>
      <itemStatus>1</itemStatus>
      <LastUpdateDate />
      <LastUpdateTime />
    </Product>
    <Product>
      <PriceUpdateDate>2014/10/29 12:06</PriceUpdateDate>
      <ItemCode>7290102392094</ItemCode>
      <ItemType>1</ItemType>
      <ItemName>חלב עיזים מלא 4.1% משק צוריאל (1 ליטר)</ItemName>
      <ManufactureName>החב` המרכזית - טרה</ManufactureName>
      <ManufactureCountry />
      <ManufactureItemDescription />
      <UnitQty>יח`</UnitQty>
      <Quantity>1</Quantity>
      <UnitMeasure>1 ליטר</UnitMeasure>
      <BisWeighted>0</BisWeighted>
      <QtyInPackage>1</QtyInPackage>
      <ItemPrice>16.50</ItemPrice>
      <UnitOfMeasurePrice>16.50</UnitOfMeasurePrice>
      <AllowDiscount>0</AllowDiscount>
      <itemStatus>1</itemStatus>
      <LastUpdateDate />
      <LastUpdateTime />
    </Product>
    <Product>
      <PriceUpdateDate>2019/06/16 10:51</PriceUpdateDate>
      <ItemCode>7290102392254</ItemCode>
      <ItemType>1</ItemType>
      <ItemName>חלב 1% בקרטון טרה (2 ליטר)</ItemName>
      <ManufactureName>החב` המרכזית - טרה</ManufactureName>
      <ManufactureCountry />
      <ManufactureItemDescription />
      <UnitQty>יח`</UnitQty>
      <Quantity>2</Quantity>
      <UnitMeasure>1 ליטר</UnitMeasure>
      <BisWeighted>0</BisWeighted>
      <QtyInPackage>1</QtyInPackage>
      <ItemPrice>11.18</ItemPrice>
      <UnitOfMeasurePrice>5.59</UnitOfMeasurePrice>
      <AllowDiscount>0</AllowDiscount>
      <itemStatus>1</itemStatus>
      <LastUpdateDate />
      <LastUpdateTime />
    </Product>
    <Product>
      <PriceUpdateDate>2014/12/28 17:03</PriceUpdateDate>
      <ItemCode>7290102392711</ItemCode>
      <ItemType>1</ItemType>
      <ItemName>יוגורט ביו ביאנקו 1.7% מולר (200 גרם)</ItemName>
      <ManufactureName>החב` המרכזית - טרה</ManufactureName>
      <ManufactureCountry />
      <ManufactureItemDescription />
      <UnitQty>יח`</UnitQty>
      <Quantity>200</Quantity>
      <UnitMeasure>גרם</UnitMeasure>
      <BisWeighted>0</BisWeighted>
      <QtyInPackage>1</QtyInPackage>
      <ItemPrice>3.80</ItemPrice>
      <UnitOfMeasurePrice>1.90</UnitOfMeasurePrice>
      <AllowDiscount>0</AllowDiscount>
      <itemStatus>1</itemStatus>
      <LastUpdateDate />
      <LastUpdateTime />
    </Product>
    <Product>
      <PriceUpdateDate>2014/12/28 17:03</PriceUpdateDate>
      <ItemCode>7290102392728</ItemCode>
      <ItemType>1</ItemType>
      <ItemName>יוגורט ביו ביאנקו 2.8% מולר (200 גרם)</ItemName>
      <ManufactureName>החב` המרכזית - טרה</ManufactureName>
      <ManufactureCountry />
      <ManufactureItemDescription />
      <UnitQty>יח`</UnitQty>
      <Quantity>200</Quantity>
      <UnitMeasure>גרם</UnitMeasure>
      <BisWeighted>0</BisWeighted>
      <QtyInPackage>1</QtyInPackage>
      <ItemPrice>3.80</ItemPrice>
      <UnitOfMeasurePrice>1.90</UnitOfMeasurePrice>
      <AllowDiscount>0</AllowDiscount>
      <itemStatus>1</itemStatus>
      <LastUpdateDate />
      <LastUpdateTime />
    </Product>
    <Product>
      <PriceUpdateDate>2014/01/01 08:37</PriceUpdateDate>
      <ItemCode>7290102393039</ItemCode>
      <ItemType>1</ItemType>
      <ItemName>מולר מיקס יוגורט קרמי</ItemName>
      <ManufactureName>החב` המרכזית - טרה</ManufactureName>
      <ManufactureCountry />
      <ManufactureItemDescription />
      <UnitQty>יח`</UnitQty>
      <Quantity>170</Quantity>
      <UnitMeasure>גרם</UnitMeasure>
      <BisWeighted>0</BisWeighted>
      <QtyInPackage>1</QtyInPackage>
      <ItemPrice>5.90</ItemPrice>
      <UnitOfMeasurePrice>3.47</UnitOfMeasurePrice>
      <AllowDiscount>0</AllowDiscount>
      <itemStatus>1</itemStatus>
      <LastUpdateDate />
      <LastUpdateTime />
    </Product>
    <Product>
      <PriceUpdateDate>2014/01/01 08:37</PriceUpdateDate>
      <ItemCode>7290102393060</ItemCode>
      <ItemType>1</ItemType>
      <ItemName>מולר מיקס יוגורט קרמי</ItemName>
      <ManufactureName>החב` המרכזית - טרה</ManufactureName>
      <ManufactureCountry />
      <ManufactureItemDescription />
      <UnitQty>יח`</UnitQty>
      <Quantity>170</Quantity>
      <UnitMeasure>מ"ל</UnitMeasure>
      <BisWeighted>0</BisWeighted>
      <QtyInPackage>1</QtyInPackage>
      <ItemPrice>5.90</ItemPrice>
      <UnitOfMeasurePrice>3.47</UnitOfMeasurePrice>
      <AllowDiscount>0</AllowDiscount>
      <itemStatus>1</itemStatus>
      <LastUpdateDate />
      <LastUpdateTime />
    </Product>
    <Product>
      <PriceUpdateDate>2018/10/07 20:11</PriceUpdateDate>
      <ItemCode>7290102393169</ItemCode>
      <ItemType>1</ItemType>
      <ItemName>מולר סימפלי פרויט תות שדה</ItemName>
      <ManufactureName>החב` המרכזית - טרה</ManufactureName>
      <ManufactureCountry />
      <ManufactureItemDescription />
      <UnitQty>יח`</UnitQty>
      <Quantity>150</Quantity>
      <UnitMeasure>גרם</UnitMeasure>
      <BisWeighted>0</BisWeighted>
      <QtyInPackage>1</QtyInPackage>
      <ItemPrice>5</ItemPrice>
      <UnitOfMeasurePrice>3.33</UnitOfMeasurePrice>
      <AllowDiscount>0</AllowDiscount>
      <itemStatus>1</itemStatus>
      <LastUpdateDate />
      <LastUpdateTime />
    </Product>
    <Product>
      <PriceUpdateDate>2018/10/07 20:11</PriceUpdateDate>
      <ItemCode>7290102393176</ItemCode>
      <ItemType>1</ItemType>
      <ItemName>מולר סימפלי פרויט אפרסק</ItemName>
      <ManufactureName>החב` המרכזית - טרה</ManufactureName>
      <ManufactureCountry />
      <ManufactureItemDescription />
      <UnitQty>יח`</UnitQty>
      <Quantity>150</Quantity>
      <UnitMeasure>גרם</UnitMeasure>
      <BisWeighted>0</BisWeighted>
      <QtyInPackage>1</QtyInPackage>
      <ItemPrice>5</ItemPrice>
      <UnitOfMeasurePrice>3.33</UnitOfMeasurePrice>
      <AllowDiscount>0</AllowDiscount>
      <itemStatus>1</itemStatus>
      <LastUpdateDate />
      <LastUpdateTime />
    </Product>
    <Product>
      <PriceUpdateDate>2018/10/07 20:11</PriceUpdateDate>
      <ItemCode>7290102393190</ItemCode>
      <ItemType>1</ItemType>
      <ItemName>מולר סימפלי פרויט פירות היער</ItemName>
      <ManufactureName>החב` המרכזית - טרה</ManufactureName>
      <ManufactureCountry />
      <ManufactureItemDescription />
      <UnitQty>יח`</UnitQty>
      <Quantity>150</Quantity>
      <UnitMeasure>גרם</UnitMeasure>
      <BisWeighted>0</BisWeighted>
      <QtyInPackage>1</QtyInPackage>
      <ItemPrice>5</ItemPrice>
      <UnitOfMeasurePrice>3.33</UnitOfMeasurePrice>
      <AllowDiscount>0</AllowDiscount>
      <itemStatus>1</itemStatus>
      <LastUpdateDate />
      <LastUpdateTime />
    </Product>
    <Product>
      <PriceUpdateDate>2019/06/16 10:51</PriceUpdateDate>
      <ItemCode>7290102393268</ItemCode>
      <ItemType>1</ItemType>
      <ItemName>גבינה לבנה 5% 750 גר` פיקוח</ItemName>
      <ManufactureName>החב` המרכזית - טרה</ManufactureName>
      <ManufactureCountry />
      <ManufactureItemDescription />
      <UnitQty>יח`</UnitQty>
      <Quantity>750</Quantity>
      <UnitMeasure>גרם</UnitMeasure>
      <BisWeighted>0</BisWeighted>
      <QtyInPackage>1</QtyInPackage>
      <ItemPrice>14.25</ItemPrice>
      <UnitOfMeasurePrice>1.90</UnitOfMeasurePrice>
      <AllowDiscount>0</AllowDiscount>
      <itemStatus>1</itemStatus>
      <LastUpdateDate />
      <LastUpdateTime />
    </Product>
    <Product>
      <PriceUpdateDate>2018/10/07 20:11</PriceUpdateDate>
      <ItemCode>7290102393947</ItemCode>
      <ItemType>1</ItemType>
      <ItemName>מולר סימפלי פרויט קיווי</ItemName>
      <ManufactureName>החב` המרכזית - טרה</ManufactureName>
      <ManufactureCountry />
      <ManufactureItemDescription />
      <UnitQty>יח`</UnitQty>
      <Quantity>150</Quantity>
      <UnitMeasure>מ"ל</UnitMeasure>
      <BisWeighted>0</BisWeighted>
      <QtyInPackage>1</QtyInPackage>
      <ItemPrice>5</ItemPrice>
      <UnitOfMeasurePrice>3.33</UnitOfMeasurePrice>
      <AllowDiscount>0</AllowDiscount>
      <itemStatus>1</itemStatus>
      <LastUpdateDate />
      <LastUpdateTime />
    </Product>
    <Product>
      <PriceUpdateDate>2014/01/01 08:37</PriceUpdateDate>
      <ItemCode>7290102394081</ItemCode>
      <ItemType>1</ItemType>
      <ItemName>מולר מיקס קרמי בתוספת קורנפלקס</ItemName>
      <ManufactureName>החב` המרכזית - טרה</ManufactureName>
      <ManufactureCountry />
      <ManufactureItemDescription />
      <UnitQty>יח`</UnitQty>
      <Quantity>150</Quantity>
      <UnitMeasure>מ"ל</UnitMeasure>
      <BisWeighted>0</BisWeighted>
      <QtyInPackage>1</QtyInPackage>
      <ItemPrice>5.90</ItemPrice>
      <UnitOfMeasurePrice>3.93</UnitOfMeasurePrice>
      <AllowDiscount>0</AllowDiscount>
      <itemStatus>1</itemStatus>
      <LastUpdateDate />
      <LastUpdateTime />
    </Product>
    <Product>
      <PriceUpdateDate>2018/10/07 20:11</PriceUpdateDate>
      <ItemCode>7290102394258</ItemCode>
      <ItemType>1</ItemType>
      <ItemName>מה עז 180 גר` 9%</ItemName>
      <ManufactureName>החב` המרכזית - טרה</ManufactureName>
      <ManufactureCountry />
      <ManufactureItemDescription />
      <UnitQty>יח`</UnitQty>
      <Quantity>180</Quantity>
      <UnitMeasure>גרם</UnitMeasure>
      <BisWeighted>0</BisWeighted>
      <QtyInPackage>1</QtyInPackage>
      <ItemPrice>22.50</ItemPrice>
      <UnitOfMeasurePrice>12.50</UnitOfMeasurePrice>
      <AllowDiscount>1</AllowDiscount>
      <itemStatus>1</itemStatus>
      <LastUpdateDate />
      <LastUpdateTime />
    </Product>
    <Product>
      <PriceUpdateDate>2018/10/07 20:11</PriceUpdateDate>
      <ItemCode>7290102394463</ItemCode>
      <ItemType>1</ItemType>
      <ItemName>גבינה צהובה ואקום 28%</ItemName>
      <ManufactureName>החב` המרכזית - טרה</ManufactureName>
      <ManufactureCountry />
      <ManufactureItemDescription />
      <UnitQty>יח`</UnitQty>
      <Quantity>500</Quantity>
      <UnitMeasure>גרם</UnitMeasure>
      <BisWeighted>0</BisWeighted>
      <QtyInPackage>1</QtyInPackage>
      <ItemPrice>28</ItemPrice>
      <UnitOfMeasurePrice>5.60</UnitOfMeasurePrice>
      <AllowDiscount>0</AllowDiscount>
      <itemStatus>1</itemStatus>
      <LastUpdateDate />
      <LastUpdateTime />
    </Product>
    <Product>
      <PriceUpdateDate>2018/10/07 20:11</PriceUpdateDate>
      <ItemCode>7290102394821</ItemCode>
      <ItemType>1</ItemType>
      <ItemName>גבינה צהובה דק דק 28% אדם</ItemName>
      <ManufactureName>החב` המרכזית - טרה</ManufactureName>
      <ManufactureCountry />
      <ManufactureItemDescription />
      <UnitQty>יח`</UnitQty>
      <Quantity>200</Quantity>
      <UnitMeasure>גרם</UnitMeasure>
      <BisWeighted>0</BisWeighted>
      <QtyInPackage>1</QtyInPackage>
      <ItemPrice>16.50</ItemPrice>
      <UnitOfMeasurePrice>8.25</UnitOfMeasurePrice>
      <AllowDiscount>1</AllowDiscount>
      <itemStatus>1</itemStatus>
      <LastUpdateDate />
      <LastUpdateTime />
    </Product>
    <Product>
      <PriceUpdateDate>2019/01/30 08:34</PriceUpdateDate>
      <ItemCode>7290102394845</ItemCode>
      <ItemType>1</ItemType>
      <ItemName>גבינה צהובה דק דק 9%</ItemName>
      <ManufactureName>החב` המרכזית - טרה</ManufactureName>
      <ManufactureCountry />
      <ManufactureItemDescription />
      <UnitQty>יח`</UnitQty>
      <Quantity>200</Quantity>
      <UnitMeasure>גרם</UnitMeasure>
      <BisWeighted>0</BisWeighted>
      <QtyInPackage>1</QtyInPackage>
      <ItemPrice>16.90</ItemPrice>
      <UnitOfMeasurePrice>8.45</UnitOfMeasurePrice>
      <AllowDiscount>0</AllowDiscount>
      <itemStatus>1</itemStatus>
      <LastUpdateDate />
      <LastUpdateTime />
    </Product>
    <Product>
      <PriceUpdateDate>2018/10/07 20:11</PriceUpdateDate>
      <ItemCode>7290102395224</ItemCode>
      <ItemType>1</ItemType>
      <ItemName>יוגורט ביו נטורל 1.7% מולר (150x8 גרם)</ItemName>
      <ManufactureName>החב` המרכזית - טרה</ManufactureName>
      <ManufactureCountry />
      <ManufactureItemDescription />
      <UnitQty>יח`</UnitQty>
      <Quantity>1200</Quantity>
      <UnitMeasure>גרם</UnitMeasure>
      <BisWeighted>0</BisWeighted>
      <QtyInPackage>1</QtyInPackage>
      <ItemPrice>17.90</ItemPrice>
      <UnitOfMeasurePrice>1.49</UnitOfMeasurePrice>
      <AllowDiscount>0</AllowDiscount>
      <itemStatus>1</itemStatus>
      <LastUpdateDate />
      <LastUpdateTime />
    </Product>
    <Product>
      <PriceUpdateDate>2018/10/07 20:11</PriceUpdateDate>
      <ItemCode>7290102395231</ItemCode>
      <ItemType>1</ItemType>
      <ItemName>יוגורט ביו נטורל 2.8% מולר (150x8 גרם)</ItemName>
      <ManufactureName>החב` המרכזית - טרה</ManufactureName>
      <ManufactureCountry />
      <ManufactureItemDescription />
      <UnitQty>יח`</UnitQty>
      <Quantity>1</Quantity>
      <UnitMeasure />
      <BisWeighted>0</BisWeighted>
      <QtyInPackage>1</QtyInPackage>
      <ItemPrice>17.90</ItemPrice>
      <UnitOfMeasurePrice>17.90</UnitOfMeasurePrice>
      <AllowDiscount>0</AllowDiscount>
      <itemStatus>1</itemStatus>
      <LastUpdateDate />
      <LastUpdateTime />
    </Product>
    <Product>
      <PriceUpdateDate>2018/10/07 20:11</PriceUpdateDate>
      <ItemCode>7290102395262</ItemCode>
      <ItemType>1</ItemType>
      <ItemName>מאגדת שמינייה מולר סיפלי תות</ItemName>
      <ManufactureName>החב` המרכזית - טרה</ManufactureName>
      <ManufactureCountry />
      <ManufactureItemDescription />
      <UnitQty>יח`</UnitQty>
      <Quantity>1</Quantity>
      <UnitMeasure />
      <BisWeighted>0</BisWeighted>
      <QtyInPackage>1</QtyInPackage>
      <ItemPrice>29.90</ItemPrice>
      <UnitOfMeasurePrice>29.90</UnitOfMeasurePrice>
      <AllowDiscount>0</AllowDiscount>
      <itemStatus>1</itemStatus>
      <LastUpdateDate />
      <LastUpdateTime />
    </Product>
    <Product>
      <PriceUpdateDate>2018/10/07 20:11</PriceUpdateDate>
      <ItemCode>7290102395378</ItemCode>
      <ItemType>1</ItemType>
      <ItemName>גבינה צהובה קלאסית 28% נעם (360 גרם)</ItemName>
      <ManufactureName>החב` המרכזית - טרה</ManufactureName>
      <ManufactureCountry />
      <ManufactureItemDescription />
      <UnitQty>יח`</UnitQty>
      <Quantity>360</Quantity>
      <UnitMeasure>גרם</UnitMeasure>
      <BisWeighted>0</BisWeighted>
      <QtyInPackage>1</QtyInPackage>
      <ItemPrice>19.90</ItemPrice>
      <UnitOfMeasurePrice>5.53</UnitOfMeasurePrice>
      <AllowDiscount>0</AllowDiscount>
      <itemStatus>1</itemStatus>
      <LastUpdateDate />
      <LastUpdateTime />
    </Product>
    <Product>
      <PriceUpdateDate>2018/10/07 20:11</PriceUpdateDate>
      <ItemCode>7290102395439</ItemCode>
      <ItemType>1</ItemType>
      <ItemName>מאגדת שמינייה מולר סיפלי פרוט</ItemName>
      <ManufactureName>החב` המרכזית - טרה</ManufactureName>
      <ManufactureCountry />
      <ManufactureItemDescription />
      <UnitQty>יח`</UnitQty>
      <Quantity>1</Quantity>
      <UnitMeasure />
      <BisWeighted>0</BisWeighted>
      <QtyInPackage>1</QtyInPackage>
      <ItemPrice>29.90</ItemPrice>
      <UnitOfMeasurePrice>29.90</UnitOfMeasurePrice>
      <AllowDiscount>0</AllowDiscount>
      <itemStatus>1</itemStatus>
      <LastUpdateDate />
      <LastUpdateTime />
    </Product>
    <Product>
      <PriceUpdateDate>2018/10/07 20:11</PriceUpdateDate>
      <ItemCode>7290102395446</ItemCode>
      <ItemType>1</ItemType>
      <ItemName>מעדן בטעם וניל עם קצפת מוו (123 גרם)</ItemName>
      <ManufactureName>החב` המרכזית - טרה</ManufactureName>
      <ManufactureCountry />
      <ManufactureItemDescription />
      <UnitQty>יח`</UnitQty>
      <Quantity>1</Quantity>
      <UnitMeasure />
      <BisWeighted>0</BisWeighted>
      <QtyInPackage>1</QtyInPackage>
      <ItemPrice>2.80</ItemPrice>
      <UnitOfMeasurePrice>2.80</UnitOfMeasurePrice>
      <AllowDiscount>0</AllowDiscount>
      <itemStatus>1</itemStatus>
      <LastUpdateDate />
      <LastUpdateTime />
    </Product>
    <Product>
      <PriceUpdateDate>2018/10/07 20:11</PriceUpdateDate>
      <ItemCode>7290102395477</ItemCode>
      <ItemType>1</ItemType>
      <ItemName>מעדן בטעם שוקולד קצפת מוו (123 גרם)</ItemName>
      <ManufactureName>החב` המרכזית - טרה</ManufactureName>
      <ManufactureCountry />
      <ManufactureItemDescription />
      <UnitQty>יח`</UnitQty>
      <Quantity>1</Quantity>
      <UnitMeasure />
      <BisWeighted>0</BisWeighted>
      <QtyInPackage>1</QtyInPackage>
      <ItemPrice>2.80</ItemPrice>
      <UnitOfMeasurePrice>2.80</UnitOfMeasurePrice>
      <AllowDiscount>0</AllowDiscount>
      <itemStatus>1</itemStatus>
      <LastUpdateDate />
      <LastUpdateTime />
    </Product>
    <Product>
      <PriceUpdateDate>2018/10/07 20:11</PriceUpdateDate>
      <ItemCode>7290102396047</ItemCode>
      <ItemType>1</ItemType>
      <ItemName>מולר סימפלי פרויט אננס</ItemName>
      <ManufactureName>החב` המרכזית - טרה</ManufactureName>
      <ManufactureCountry />
      <ManufactureItemDescription />
      <UnitQty>יח`</UnitQty>
      <Quantity>150</Quantity>
      <UnitMeasure>גרם</UnitMeasure>
      <BisWeighted>0</BisWeighted>
      <QtyInPackage>1</QtyInPackage>
      <ItemPrice>5</ItemPrice>
      <UnitOfMeasurePrice>3.33</UnitOfMeasurePrice>
      <AllowDiscount>0</AllowDiscount>
      <itemStatus>1</itemStatus>
      <LastUpdateDate />
      <LastUpdateTime />
    </Product>
    <Product>
      <PriceUpdateDate>2018/10/07 20:11</PriceUpdateDate>
      <ItemCode>7290102396399</ItemCode>
      <ItemType>1</ItemType>
      <ItemName>מעדן בטעם שוקולד מוו (100x8 גרם)</ItemName>
      <ManufactureName>החב` המרכזית - טרה</ManufactureName>
      <ManufactureCountry />
      <ManufactureItemDescription />
      <UnitQty>יח`</UnitQty>
      <Quantity>800</Quantity>
      <UnitMeasure>גרם</UnitMeasure>
      <BisWeighted>0</BisWeighted>
      <QtyInPackage>1</QtyInPackage>
      <ItemPrice>13.50</ItemPrice>
      <UnitOfMeasurePrice>1.69</UnitOfMeasurePrice>
      <AllowDiscount>1</AllowDiscount>
      <itemStatus>1</itemStatus>
      <LastUpdateDate />
      <LastUpdateTime />
    </Product>
    <Product>
      <PriceUpdateDate>2018/10/07 20:11</PriceUpdateDate>
      <ItemCode>7290102396405</ItemCode>
      <ItemType>1</ItemType>
      <ItemName>מעדן בטעם וניל מוו (100x8 גרם)</ItemName>
      <ManufactureName>החב` המרכזית - טרה</ManufactureName>
      <ManufactureCountry />
      <ManufactureItemDescription />
      <UnitQty>יח`</UnitQty>
      <Quantity>800</Quantity>
      <UnitMeasure>גרם</UnitMeasure>
      <BisWeighted>0</BisWeighted>
      <QtyInPackage>1</QtyInPackage>
      <ItemPrice>13.50</ItemPrice>
      <UnitOfMeasurePrice>1.69</UnitOfMeasurePrice>
      <AllowDiscount>1</AllowDiscount>
      <itemStatus>1</itemStatus>
      <LastUpdateDate />
      <LastUpdateTime />
    </Product>
    <Product>
      <PriceUpdateDate>2018/10/07 20:11</PriceUpdateDate>
      <ItemCode>7290102396443</ItemCode>
      <ItemType>1</ItemType>
      <ItemName>מעדן בטעם וניל 1.5% שומן מוו (125 גרם)</ItemName>
      <ManufactureName>החב` המרכזית - טרה</ManufactureName>
      <ManufactureCountry />
      <ManufactureItemDescription />
      <UnitQty>יח`</UnitQty>
      <Quantity>125</Quantity>
      <UnitMeasure>גרם</UnitMeasure>
      <BisWeighted>0</BisWeighted>
      <QtyInPackage>1</QtyInPackage>
      <ItemPrice>2.70</ItemPrice>
      <UnitOfMeasurePrice>2.16</UnitOfMeasurePrice>
      <AllowDiscount>0</AllowDiscount>
      <itemStatus>1</itemStatus>
      <LastUpdateDate />
      <LastUpdateTime />
    </Product>
    <Product>
      <PriceUpdateDate>2018/10/07 20:11</PriceUpdateDate>
      <ItemCode>7290102396498</ItemCode>
      <ItemType>1</ItemType>
      <ItemName>יוגורט תות 3% שומן מוו (125 גרם)</ItemName>
      <ManufactureName>החב` המרכזית - טרה</ManufactureName>
      <ManufactureCountry />
      <ManufactureItemDescription />
      <UnitQty>יח`</UnitQty>
      <Quantity>1</Quantity>
      <UnitMeasure />
      <BisWeighted>0</BisWeighted>
      <QtyInPackage>1</QtyInPackage>
      <ItemPrice>2.80</ItemPrice>
      <UnitOfMeasurePrice>2.80</UnitOfMeasurePrice>
      <AllowDiscount>0</AllowDiscount>
      <itemStatus>1</itemStatus>
      <LastUpdateDate />
      <LastUpdateTime />
    </Product>
    <Product>
      <PriceUpdateDate>2018/10/07 20:11</PriceUpdateDate>
      <ItemCode>7290102396580</ItemCode>
      <ItemType>1</ItemType>
      <ItemName>מעדן מוו שוקולד ומוס שוקולד</ItemName>
      <ManufactureName>החב` המרכזית - טרה</ManufactureName>
      <ManufactureCountry />
      <ManufactureItemDescription />
      <UnitQty>יח`</UnitQty>
      <Quantity>123</Quantity>
      <UnitMeasure>גרם</UnitMeasure>
      <BisWeighted>0</BisWeighted>
      <QtyInPackage>1</QtyInPackage>
      <ItemPrice>2.80</ItemPrice>
      <UnitOfMeasurePrice>2.28</UnitOfMeasurePrice>
      <AllowDiscount>0</AllowDiscount>
      <itemStatus>1</itemStatus>
      <LastUpdateDate />
      <LastUpdateTime />
    </Product>
    <Product>
      <PriceUpdateDate>2018/10/07 20:11</PriceUpdateDate>
      <ItemCode>7290102396597</ItemCode>
      <ItemType>1</ItemType>
      <ItemName>מעדן מוו וניל ומוס שוקולד</ItemName>
      <ManufactureName>החב` המרכזית - טרה</ManufactureName>
      <ManufactureCountry />
      <ManufactureItemDescription />
      <UnitQty>יח`</UnitQty>
      <Quantity>123</Quantity>
      <UnitMeasure>גרם</UnitMeasure>
      <BisWeighted>0</BisWeighted>
      <QtyInPackage>1</QtyInPackage>
      <ItemPrice>2.80</ItemPrice>
      <UnitOfMeasurePrice>2.28</UnitOfMeasurePrice>
      <AllowDiscount>0</AllowDiscount>
      <itemStatus>1</itemStatus>
      <LastUpdateDate />
      <LastUpdateTime />
    </Product>
    <Product>
      <PriceUpdateDate>2018/10/07 20:11</PriceUpdateDate>
      <ItemCode>7290102396665</ItemCode>
      <ItemType>1</ItemType>
      <ItemName>גבינה צהובה דקה דקה 15% נעם (200 גרם)</ItemName>
      <ManufactureName>החב` המרכזית - טרה</ManufactureName>
      <ManufactureCountry />
      <ManufactureItemDescription />
      <UnitQty>יח`</UnitQty>
      <Quantity>200</Quantity>
      <UnitMeasure>גרם</UnitMeasure>
      <BisWeighted>0</BisWeighted>
      <QtyInPackage>1</QtyInPackage>
      <ItemPrice>16.90</ItemPrice>
      <UnitOfMeasurePrice>8.45</UnitOfMeasurePrice>
      <AllowDiscount>1</AllowDiscount>
      <itemStatus>1</itemStatus>
      <LastUpdateDate />
      <LastUpdateTime />
    </Product>
    <Product>
      <PriceUpdateDate>2018/10/07 20:11</PriceUpdateDate>
      <ItemCode>7290102396672</ItemCode>
      <ItemType>1</ItemType>
      <ItemName>גבינה צהובה נעם דק דק 9% פתח סגור 360 ג</ItemName>
      <ManufactureName>החב` המרכזית - טרה</ManufactureName>
      <ManufactureCountry />
      <ManufactureItemDescription />
      <UnitQty>יח`</UnitQty>
      <Quantity>360</Quantity>
      <UnitMeasure>גרם</UnitMeasure>
      <BisWeighted>0</BisWeighted>
      <QtyInPackage>1</QtyInPackage>
      <ItemPrice>25.90</ItemPrice>
      <UnitOfMeasurePrice>7.19</UnitOfMeasurePrice>
      <AllowDiscount>0</AllowDiscount>
      <itemStatus>1</itemStatus>
      <LastUpdateDate />
      <LastUpdateTime />
    </Product>
    <Product>
      <PriceUpdateDate>2018/10/07 20:11</PriceUpdateDate>
      <ItemCode>7290102396719</ItemCode>
      <ItemType>1</ItemType>
      <ItemName>יוגורט 0% תות סימפלי מולר (150 גרם)</ItemName>
      <ManufactureName>החב` המרכזית - טרה</ManufactureName>
      <ManufactureCountry />
      <ManufactureItemDescription />
      <UnitQty>יח`</UnitQty>
      <Quantity>150</Quantity>
      <UnitMeasure>גרם</UnitMeasure>
      <BisWeighted>0</BisWeighted>
      <QtyInPackage>1</QtyInPackage>
      <ItemPrice>5</ItemPrice>
      <UnitOfMeasurePrice>3.33</UnitOfMeasurePrice>
      <AllowDiscount>0</AllowDiscount>
      <itemStatus>1</itemStatus>
      <LastUpdateDate />
      <LastUpdateTime />
    </Product>
    <Product>
      <PriceUpdateDate>2018/10/07 20:11</PriceUpdateDate>
      <ItemCode>7290102396726</ItemCode>
      <ItemType>1</ItemType>
      <ItemName>יוגורט 0% אפרסק סימפלי מולר (150 גרם)</ItemName>
      <ManufactureName>החב` המרכזית - טרה</ManufactureName>
      <ManufactureCountry />
      <ManufactureItemDescription />
      <UnitQty>יח`</UnitQty>
      <Quantity>150</Quantity>
      <UnitMeasure>גרם</UnitMeasure>
      <BisWeighted>0</BisWeighted>
      <QtyInPackage>1</QtyInPackage>
      <ItemPrice>5</ItemPrice>
      <UnitOfMeasurePrice>3.33</UnitOfMeasurePrice>
      <AllowDiscount>0</AllowDiscount>
      <itemStatus>1</itemStatus>
      <LastUpdateDate />
      <LastUpdateTime />
    </Product>
    <Product>
      <PriceUpdateDate>2018/10/07 20:11</PriceUpdateDate>
      <ItemCode>7290102396740</ItemCode>
      <ItemType>1</ItemType>
      <ItemName>מאגדת שמינייה מולר סיפלי 0%</ItemName>
      <ManufactureName>החב` המרכזית - טרה</ManufactureName>
      <ManufactureCountry />
      <ManufactureItemDescription />
      <UnitQty>יח`</UnitQty>
      <Quantity>1</Quantity>
      <UnitMeasure />
      <BisWeighted>0</BisWeighted>
      <QtyInPackage>1</QtyInPackage>
      <ItemPrice>29.90</ItemPrice>
      <UnitOfMeasurePrice>29.90</UnitOfMeasurePrice>
      <AllowDiscount>0</AllowDiscount>
      <itemStatus>1</itemStatus>
      <LastUpdateDate />
      <LastUpdateTime />
    </Product>
    <Product>
      <PriceUpdateDate>2018/10/07 20:11</PriceUpdateDate>
      <ItemCode>7290102396979</ItemCode>
      <ItemType>1</ItemType>
      <ItemName>יוגורט 0% אננס סימפלי מולר (150 גרם)</ItemName>
      <ManufactureName>החב` המרכזית - טרה</ManufactureName>
      <ManufactureCountry />
      <ManufactureItemDescription />
      <UnitQty>יח`</UnitQty>
      <Quantity>150</Quantity>
      <UnitMeasure>גרם</UnitMeasure>
      <BisWeighted>0</BisWeighted>
      <QtyInPackage>1</QtyInPackage>
      <ItemPrice>5</ItemPrice>
      <UnitOfMeasurePrice>3.33</UnitOfMeasurePrice>
      <AllowDiscount>0</AllowDiscount>
      <itemStatus>1</itemStatus>
      <LastUpdateDate />
      <LastUpdateTime />
    </Product>
    <Product>
      <PriceUpdateDate>2018/10/07 20:11</PriceUpdateDate>
      <ItemCode>7290102397204</ItemCode>
      <ItemType>1</ItemType>
      <ItemName>גבינה צהובה נעם דק דק פתח סגור 200 גר</ItemName>
      <ManufactureName>החב` המרכזית - טרה</ManufactureName>
      <ManufactureCountry />
      <ManufactureItemDescription />
      <UnitQty>יח`</UnitQty>
      <Quantity>200</Quantity>
      <UnitMeasure>גרם</UnitMeasure>
      <BisWeighted>0</BisWeighted>
      <QtyInPackage>1</QtyInPackage>
      <ItemPrice>16.90</ItemPrice>
      <UnitOfMeasurePrice>8.45</UnitOfMeasurePrice>
      <AllowDiscount>1</AllowDiscount>
      <itemStatus>1</itemStatus>
      <LastUpdateDate />
      <LastUpdateTime />
    </Product>
    <Product>
      <PriceUpdateDate>2017/04/07 10:22</PriceUpdateDate>
      <ItemCode>7290102397464</ItemCode>
      <ItemType>1</ItemType>
      <ItemName>מולר נטורל+ פקאן גרעינים וחמוציות 150</ItemName>
      <ManufactureName>החב` המרכזית - טרה</ManufactureName>
      <ManufactureCountry />
      <ManufactureItemDescription />
      <UnitQty>יח`</UnitQty>
      <Quantity>150</Quantity>
      <UnitMeasure>גרם</UnitMeasure>
      <BisWeighted>0</BisWeighted>
      <QtyInPackage>1</QtyInPackage>
      <ItemPrice>5.90</ItemPrice>
      <UnitOfMeasurePrice>3.93</UnitOfMeasurePrice>
      <AllowDiscount>0</AllowDiscount>
      <itemStatus>1</itemStatus>
      <LastUpdateDate />
      <LastUpdateTime />
    </Product>
    <Product>
      <PriceUpdateDate>2016/07/17 08:06</PriceUpdateDate>
      <ItemCode>7290102397600</ItemCode>
      <ItemType>1</ItemType>
      <ItemName>מולר מיקס שקדים ובוטנים בקרמל 170 גרם</ItemName>
      <ManufactureName>החב` המרכזית - טרה</ManufactureName>
      <ManufactureCountry />
      <ManufactureItemDescription />
      <UnitQty>יח`</UnitQty>
      <Quantity>170</Quantity>
      <UnitMeasure>גרם</UnitMeasure>
      <BisWeighted>0</BisWeighted>
      <QtyInPackage>1</QtyInPackage>
      <ItemPrice>5.90</ItemPrice>
      <UnitOfMeasurePrice>3.47</UnitOfMeasurePrice>
      <AllowDiscount>0</AllowDiscount>
      <itemStatus>1</itemStatus>
      <LastUpdateDate />
      <LastUpdateTime />
    </Product>
    <Product>
      <PriceUpdateDate>2016/07/17 08:06</PriceUpdateDate>
      <ItemCode>7290102397617</ItemCode>
      <ItemType>1</ItemType>
      <ItemName>מולר מיקס קליק 170 גרם</ItemName>
      <ManufactureName>החב` המרכזית - טרה</ManufactureName>
      <ManufactureCountry />
      <ManufactureItemDescription />
      <UnitQty>יח`</UnitQty>
      <Quantity>170</Quantity>
      <UnitMeasure>גרם</UnitMeasure>
      <BisWeighted>0</BisWeighted>
      <QtyInPackage>1</QtyInPackage>
      <ItemPrice>5.90</ItemPrice>
      <UnitOfMeasurePrice>3.47</UnitOfMeasurePrice>
      <AllowDiscount>0</AllowDiscount>
      <itemStatus>1</itemStatus>
      <LastUpdateDate />
      <LastUpdateTime />
    </Product>
    <Product>
      <PriceUpdateDate>2017/06/04 09:37</PriceUpdateDate>
      <ItemCode>7290102397679</ItemCode>
      <ItemType>1</ItemType>
      <ItemName> קוטג`וחצי 5% 375 גר</ItemName>
      <ManufactureName>החב` המרכזית - טרה</ManufactureName>
      <ManufactureCountry />
      <ManufactureItemDescription />
      <UnitQty>יח`</UnitQty>
      <Quantity>375</Quantity>
      <UnitMeasure>גרם</UnitMeasure>
      <BisWeighted>0</BisWeighted>
      <QtyInPackage>1</QtyInPackage>
      <ItemPrice>7.90</ItemPrice>
      <UnitOfMeasurePrice>2.11</UnitOfMeasurePrice>
      <AllowDiscount>0</AllowDiscount>
      <itemStatus>1</itemStatus>
      <LastUpdateDate />
      <LastUpdateTime />
    </Product>
    <Product>
      <PriceUpdateDate>2018/10/07 20:11</PriceUpdateDate>
      <ItemCode>7290102397730</ItemCode>
      <ItemType>1</ItemType>
      <ItemName>גבינה צהובה אמנטל 30% נעם (200 גרם)</ItemName>
      <ManufactureName>החב` המרכזית - טרה</ManufactureName>
      <ManufactureCountry />
      <ManufactureItemDescription />
      <UnitQty>יח`</UnitQty>
      <Quantity>200</Quantity>
      <UnitMeasure>גרם</UnitMeasure>
      <BisWeighted>0</BisWeighted>
      <QtyInPackage>1</QtyInPackage>
      <ItemPrice>16.90</ItemPrice>
      <UnitOfMeasurePrice>8.45</UnitOfMeasurePrice>
      <AllowDiscount>1</AllowDiscount>
      <itemStatus>1</itemStatus>
      <LastUpdateDate />
      <LastUpdateTime />
    </Product>
    <Product>
      <PriceUpdateDate>2018/10/07 20:11</PriceUpdateDate>
      <ItemCode>7290102397747</ItemCode>
      <ItemType>1</ItemType>
      <ItemName>מוצרלה נעם פתיחה חוזרת 200 גר`</ItemName>
      <ManufactureName>החב` המרכזית - טרה</ManufactureName>
      <ManufactureCountry />
      <ManufactureItemDescription />
      <UnitQty>יח`</UnitQty>
      <Quantity>200</Quantity>
      <UnitMeasure>גרם</UnitMeasure>
      <BisWeighted>0</BisWeighted>
      <QtyInPackage>1</QtyInPackage>
      <ItemPrice>18.90</ItemPrice>
      <UnitOfMeasurePrice>9.45</UnitOfMeasurePrice>
      <AllowDiscount>1</AllowDiscount>
      <itemStatus>1</itemStatus>
      <LastUpdateDate />
      <LastUpdateTime />
    </Product>
    <Product>
      <PriceUpdateDate>2019/06/16 10:51</PriceUpdateDate>
      <ItemCode>7290102398058</ItemCode>
      <ItemType>1</ItemType>
      <ItemName>חלב שקית 3% 1 ליטר מהדרין וסט</ItemName>
      <ManufactureName>החב` המרכזית - טרה</ManufactureName>
      <ManufactureCountry />
      <ManufactureItemDescription />
      <UnitQty>יח`</UnitQty>
      <Quantity>1</Quantity>
      <UnitMeasure>1 ליטר</UnitMeasure>
      <BisWeighted>0</BisWeighted>
      <QtyInPackage>1</QtyInPackage>
      <ItemPrice>5.17</ItemPrice>
      <UnitOfMeasurePrice>5.17</UnitOfMeasurePrice>
      <AllowDiscount>0</AllowDiscount>
      <itemStatus>1</itemStatus>
      <LastUpdateDate />
      <LastUpdateTime />
    </Product>
    <Product>
      <PriceUpdateDate>2019/06/16 10:51</PriceUpdateDate>
      <ItemCode>7290102398065</ItemCode>
      <ItemType>1</ItemType>
      <ItemName>חלב קרטון 2 ליטר 3% מהדרין וסט</ItemName>
      <ManufactureName>החב` המרכזית - טרה</ManufactureName>
      <ManufactureCountry />
      <ManufactureItemDescription />
      <UnitQty>יח`</UnitQty>
      <Quantity>2</Quantity>
      <UnitMeasure>1 ליטר</UnitMeasure>
      <BisWeighted>0</BisWeighted>
      <QtyInPackage>1</QtyInPackage>
      <ItemPrice>11.88</ItemPrice>
      <UnitOfMeasurePrice>5.94</UnitOfMeasurePrice>
      <AllowDiscount>0</AllowDiscount>
      <itemStatus>1</itemStatus>
      <LastUpdateDate />
      <LastUpdateTime />
    </Product>
    <Product>
      <PriceUpdateDate>2019/06/16 10:51</PriceUpdateDate>
      <ItemCode>7290102398072</ItemCode>
      <ItemType>1</ItemType>
      <ItemName>חלב הומוגני 3% 1 ליטר מהדרין וסט</ItemName>
      <ManufactureName>החב` המרכזית - טרה</ManufactureName>
      <ManufactureCountry />
      <ManufactureItemDescription />
      <UnitQty>יח`</UnitQty>
      <Quantity>1</Quantity>
      <UnitMeasure>1 ליטר</UnitMeasure>
      <BisWeighted>0</BisWeighted>
      <QtyInPackage>1</QtyInPackage>
      <ItemPrice>5.94</ItemPrice>
      <UnitOfMeasurePrice>5.94</UnitOfMeasurePrice>
      <AllowDiscount>0</AllowDiscount>
      <itemStatus>1</itemStatus>
      <LastUpdateDate />
      <LastUpdateTime />
    </Product>
    <Product>
      <PriceUpdateDate>2018/05/15 06:39</PriceUpdateDate>
      <ItemCode>7290102398140</ItemCode>
      <ItemType>1</ItemType>
      <ItemName>מולר רייס בטעם במתיקות עדינה 170 גר`</ItemName>
      <ManufactureName>החב` המרכזית - טרה</ManufactureName>
      <ManufactureCountry />
      <ManufactureItemDescription />
      <UnitQty>יח`</UnitQty>
      <Quantity>170</Quantity>
      <UnitMeasure>גרם</UnitMeasure>
      <BisWeighted>0</BisWeighted>
      <QtyInPackage>1</QtyInPackage>
      <ItemPrice>4.90</ItemPrice>
      <UnitOfMeasurePrice>2.88</UnitOfMeasurePrice>
      <AllowDiscount>1</AllowDiscount>
      <itemStatus>1</itemStatus>
      <LastUpdateDate />
      <LastUpdateTime />
    </Product>
    <Product>
      <PriceUpdateDate>2018/05/15 06:39</PriceUpdateDate>
      <ItemCode>7290102398188</ItemCode>
      <ItemType>1</ItemType>
      <ItemName>מולר רייס בטעם תות 170 גר`</ItemName>
      <ManufactureName>החב` המרכזית - טרה</ManufactureName>
      <ManufactureCountry />
      <ManufactureItemDescription />
      <UnitQty>יח`</UnitQty>
      <Quantity>170</Quantity>
      <UnitMeasure>גרם</UnitMeasure>
      <BisWeighted>0</BisWeighted>
      <QtyInPackage>1</QtyInPackage>
      <ItemPrice>4.90</ItemPrice>
      <UnitOfMeasurePrice>2.88</UnitOfMeasurePrice>
      <AllowDiscount>1</AllowDiscount>
      <itemStatus>1</itemStatus>
      <LastUpdateDate />
      <LastUpdateTime />
    </Product>
    <Product>
      <PriceUpdateDate>2018/01/11 19:41</PriceUpdateDate>
      <ItemCode>7290102398287</ItemCode>
      <ItemType>1</ItemType>
      <ItemName>יוגורט ביו פרופ 0.9% תות מולר (150 גרם)</ItemName>
      <ManufactureName>החב` המרכזית - טרה</ManufactureName>
      <ManufactureCountry />
      <ManufactureItemDescription />
      <UnitQty>יח`</UnitQty>
      <Quantity>150</Quantity>
      <UnitMeasure>מ"ל</UnitMeasure>
      <BisWeighted>0</BisWeighted>
      <QtyInPackage>1</QtyInPackage>
      <ItemPrice>5</ItemPrice>
      <UnitOfMeasurePrice>3.33</UnitOfMeasurePrice>
      <AllowDiscount>0</AllowDiscount>
      <itemStatus>1</itemStatus>
      <LastUpdateDate />
      <LastUpdateTime />
    </Product>
    <Product>
      <PriceUpdateDate>2018/01/11 19:41</PriceUpdateDate>
      <ItemCode>7290102398294</ItemCode>
      <ItemType>1</ItemType>
      <ItemName>יוגורט ביו פרופ 0.9% מנגו מולר (150 גרם)</ItemName>
      <ManufactureName>החב` המרכזית - טרה</ManufactureName>
      <ManufactureCountry />
      <ManufactureItemDescription />
      <UnitQty>יח`</UnitQty>
      <Quantity>150</Quantity>
      <UnitMeasure>מ"ל</UnitMeasure>
      <BisWeighted>0</BisWeighted>
      <QtyInPackage>1</QtyInPackage>
      <ItemPrice>5</ItemPrice>
      <UnitOfMeasurePrice>3.33</UnitOfMeasurePrice>
      <AllowDiscount>0</AllowDiscount>
      <itemStatus>1</itemStatus>
      <LastUpdateDate />
      <LastUpdateTime />
    </Product>
    <Product>
      <PriceUpdateDate>2018/10/07 20:11</PriceUpdateDate>
      <ItemCode>7290102398331</ItemCode>
      <ItemType>1</ItemType>
      <ItemName>חלב מועשר דל לקטוז 1 ליטר טרה</ItemName>
      <ManufactureName>החב` המרכזית - טרה</ManufactureName>
      <ManufactureCountry />
      <ManufactureItemDescription />
      <UnitQty>יח`</UnitQty>
      <Quantity>1</Quantity>
      <UnitMeasure>1 ליטר</UnitMeasure>
      <BisWeighted>0</BisWeighted>
      <QtyInPackage>1</QtyInPackage>
      <ItemPrice>7.10</ItemPrice>
      <UnitOfMeasurePrice>7.10</UnitOfMeasurePrice>
      <AllowDiscount>0</AllowDiscount>
      <itemStatus>1</itemStatus>
      <LastUpdateDate />
      <LastUpdateTime />
    </Product>
    <Product>
      <PriceUpdateDate>2018/05/15 06:39</PriceUpdateDate>
      <ItemCode>7290102398393</ItemCode>
      <ItemType>1</ItemType>
      <ItemName>מולר רייס בטעם תפוח קינמון 170 גר`</ItemName>
      <ManufactureName>החב` המרכזית - טרה</ManufactureName>
      <ManufactureCountry />
      <ManufactureItemDescription />
      <UnitQty>יח`</UnitQty>
      <Quantity>170</Quantity>
      <UnitMeasure>גרם</UnitMeasure>
      <BisWeighted>0</BisWeighted>
      <QtyInPackage>1</QtyInPackage>
      <ItemPrice>4.90</ItemPrice>
      <UnitOfMeasurePrice>2.88</UnitOfMeasurePrice>
      <AllowDiscount>1</AllowDiscount>
      <itemStatus>1</itemStatus>
      <LastUpdateDate />
      <LastUpdateTime />
    </Product>
    <Product>
      <PriceUpdateDate>2020/02/05 09:09</PriceUpdateDate>
      <ItemCode>7290102398553</ItemCode>
      <ItemType>1</ItemType>
      <ItemName>משקה שוקו בקבוק 1.5 ליטר בבקבוק</ItemName>
      <ManufactureName>החב` המרכזית - טרה</ManufactureName>
      <ManufactureCountry />
      <ManufactureItemDescription />
      <UnitQty>יח`</UnitQty>
      <Quantity>1</Quantity>
      <UnitMeasure />
      <BisWeighted>0</BisWeighted>
      <QtyInPackage>1</QtyInPackage>
      <ItemPrice>15.90</ItemPrice>
      <UnitOfMeasurePrice>15.90</UnitOfMeasurePrice>
      <AllowDiscount>1</AllowDiscount>
      <itemStatus>1</itemStatus>
      <LastUpdateDate />
      <LastUpdateTime />
    </Product>
    <Product>
      <PriceUpdateDate>2018/07/19 16:40</PriceUpdateDate>
      <ItemCode>7290102398560</ItemCode>
      <ItemType>1</ItemType>
      <ItemName>משקה שוקו מועשר בבקבוק 1 ליטר טרה</ItemName>
      <ManufactureName>החב` המרכזית - טרה</ManufactureName>
      <ManufactureCountry />
      <ManufactureItemDescription />
      <UnitQty>יח`</UnitQty>
      <Quantity>1</Quantity>
      <UnitMeasure />
      <BisWeighted>0</BisWeighted>
      <QtyInPackage>1</QtyInPackage>
      <ItemPrice>11.50</ItemPrice>
      <UnitOfMeasurePrice>11.50</UnitOfMeasurePrice>
      <AllowDiscount>0</AllowDiscount>
      <itemStatus>1</itemStatus>
      <LastUpdateDate />
      <LastUpdateTime />
    </Product>
    <Product>
      <PriceUpdateDate>2018/07/19 16:40</PriceUpdateDate>
      <ItemCode>7290102398577</ItemCode>
      <ItemType>1</ItemType>
      <ItemName>שוקו מעושר בבקבוק 250 מל טרה</ItemName>
      <ManufactureName>החב` המרכזית - טרה</ManufactureName>
      <ManufactureCountry />
      <ManufactureItemDescription />
      <UnitQty>יח`</UnitQty>
      <Quantity>1</Quantity>
      <UnitMeasure />
      <BisWeighted>0</BisWeighted>
      <QtyInPackage>1</QtyInPackage>
      <ItemPrice>4.90</ItemPrice>
      <UnitOfMeasurePrice>4.90</UnitOfMeasurePrice>
      <AllowDiscount>0</AllowDiscount>
      <itemStatus>1</itemStatus>
      <LastUpdateDate />
      <LastUpdateTime />
    </Product>
    <Product>
      <PriceUpdateDate>2018/07/19 16:40</PriceUpdateDate>
      <ItemCode>7290102398614</ItemCode>
      <ItemType>1</ItemType>
      <ItemName>משקה חלב בטעם בננה 1 ליטר טרה</ItemName>
      <ManufactureName>החב` המרכזית - טרה</ManufactureName>
      <ManufactureCountry />
      <ManufactureItemDescription />
      <UnitQty>יח`</UnitQty>
      <Quantity>1</Quantity>
      <UnitMeasure />
      <BisWeighted>0</BisWeighted>
      <QtyInPackage>1</QtyInPackage>
      <ItemPrice>11.50</ItemPrice>
      <UnitOfMeasurePrice>11.50</UnitOfMeasurePrice>
      <AllowDiscount>1</AllowDiscount>
      <itemStatus>1</itemStatus>
      <LastUpdateDate />
      <LastUpdateTime />
    </Product>
    <Product>
      <PriceUpdateDate>2018/07/19 16:40</PriceUpdateDate>
      <ItemCode>7290102398638</ItemCode>
      <ItemType>1</ItemType>
      <ItemName>משקה חלב בטעם מוקה 1 ליטר טרה</ItemName>
      <ManufactureName>החב` המרכזית - טרה</ManufactureName>
      <ManufactureCountry />
      <ManufactureItemDescription />
      <UnitQty>יח`</UnitQty>
      <Quantity>1</Quantity>
      <UnitMeasure />
      <BisWeighted>0</BisWeighted>
      <QtyInPackage>1</QtyInPackage>
      <ItemPrice>11.50</ItemPrice>
      <UnitOfMeasurePrice>11.50</UnitOfMeasurePrice>
      <AllowDiscount>1</AllowDiscount>
      <itemStatus>1</itemStatus>
      <LastUpdateDate />
      <LastUpdateTime />
    </Product>
    <Product>
      <PriceUpdateDate>2019/06/12 08:58</PriceUpdateDate>
      <ItemCode>7290102398652</ItemCode>
      <ItemType>1</ItemType>
      <ItemName>משקה חלב בטעם שוקולד אגוזים 1 ליטר טרה</ItemName>
      <ManufactureName>החב` המרכזית - טרה</ManufactureName>
      <ManufactureCountry />
      <ManufactureItemDescription />
      <UnitQty>יח`</UnitQty>
      <Quantity>1</Quantity>
      <UnitMeasure />
      <BisWeighted>0</BisWeighted>
      <QtyInPackage>1</QtyInPackage>
      <ItemPrice>11.50</ItemPrice>
      <UnitOfMeasurePrice>11.50</UnitOfMeasurePrice>
      <AllowDiscount>1</AllowDiscount>
      <itemStatus>1</itemStatus>
      <LastUpdateDate />
      <LastUpdateTime />
    </Product>
    <Product>
      <PriceUpdateDate>2019/11/04 11:42</PriceUpdateDate>
      <ItemCode>7290102398782</ItemCode>
      <ItemType>1</ItemType>
      <ItemName>משקה סויה קלאסי 1 ליטר משק צוריאל</ItemName>
      <ManufactureName>החב` המרכזית - טרה</ManufactureName>
      <ManufactureCountry />
      <ManufactureItemDescription />
      <UnitQty>יח`</UnitQty>
      <Quantity>1</Quantity>
      <UnitMeasure />
      <BisWeighted>0</BisWeighted>
      <QtyInPackage>1</QtyInPackage>
      <ItemPrice>9.90</ItemPrice>
      <UnitOfMeasurePrice>9.90</UnitOfMeasurePrice>
      <AllowDiscount>1</AllowDiscount>
      <itemStatus>1</itemStatus>
      <LastUpdateDate />
      <LastUpdateTime />
    </Product>
    <Product>
      <PriceUpdateDate>2019/11/04 11:42</PriceUpdateDate>
      <ItemCode>7290102398805</ItemCode>
      <ItemType>1</ItemType>
      <ItemName>משקה סויה בטעם וניל 1 ליטר משק צוריאל</ItemName>
      <ManufactureName>החב` המרכזית - טרה</ManufactureName>
      <ManufactureCountry />
      <ManufactureItemDescription />
      <UnitQty>יח`</UnitQty>
      <Quantity>1000</Quantity>
      <UnitMeasure>1 ליטר</UnitMeasure>
      <BisWeighted>0</BisWeighted>
      <QtyInPackage>1</QtyInPackage>
      <ItemPrice>9.90</ItemPrice>
      <UnitOfMeasurePrice>0.01</UnitOfMeasurePrice>
      <AllowDiscount>1</AllowDiscount>
      <itemStatus>1</itemStatus>
      <LastUpdateDate />
      <LastUpdateTime />
    </Product>
    <Product>
      <PriceUpdateDate>2019/11/04 11:42</PriceUpdateDate>
      <ItemCode>7290102398812</ItemCode>
      <ItemType>1</ItemType>
      <ItemName>משקה סויה לייט 1 ליטר משק צוריאל</ItemName>
      <ManufactureName>החב` המרכזית - טרה</ManufactureName>
      <ManufactureCountry />
      <ManufactureItemDescription />
      <UnitQty>יח`</UnitQty>
      <Quantity>1000</Quantity>
      <UnitMeasure>1 ליטר</UnitMeasure>
      <BisWeighted>0</BisWeighted>
      <QtyInPackage>1</QtyInPackage>
      <ItemPrice>9.90</ItemPrice>
      <UnitOfMeasurePrice>0.01</UnitOfMeasurePrice>
      <AllowDiscount>1</AllowDiscount>
      <itemStatus>1</itemStatus>
      <LastUpdateDate />
      <LastUpdateTime />
    </Product>
    <Product>
      <PriceUpdateDate>2019/11/04 11:42</PriceUpdateDate>
      <ItemCode>7290102398836</ItemCode>
      <ItemType>1</ItemType>
      <ItemName>משקה שקדים קלאסי 1 ליטר משק צוריאל</ItemName>
      <ManufactureName>החב` המרכזית - טרה</ManufactureName>
      <ManufactureCountry />
      <ManufactureItemDescription />
      <UnitQty>יח`</UnitQty>
      <Quantity>1</Quantity>
      <UnitMeasure />
      <BisWeighted>0</BisWeighted>
      <QtyInPackage>1</QtyInPackage>
      <ItemPrice>11.90</ItemPrice>
      <UnitOfMeasurePrice>11.90</UnitOfMeasurePrice>
      <AllowDiscount>1</AllowDiscount>
      <itemStatus>1</itemStatus>
      <LastUpdateDate />
      <LastUpdateTime />
    </Product>
    <Product>
      <PriceUpdateDate>2019/06/24 08:36</PriceUpdateDate>
      <ItemCode>7290102399123</ItemCode>
      <ItemType>1</ItemType>
      <ItemName>משקה מעושר בחלבון תות בננה (268 מל) אקט</ItemName>
      <ManufactureName>החב` המרכזית - טרה</ManufactureName>
      <ManufactureCountry />
      <ManufactureItemDescription />
      <UnitQty>יח`</UnitQty>
      <Quantity>268</Quantity>
      <UnitMeasure>מ"ל</UnitMeasure>
      <BisWeighted>0</BisWeighted>
      <QtyInPackage>1</QtyInPackage>
      <ItemPrice>6.90</ItemPrice>
      <UnitOfMeasurePrice>2.57</UnitOfMeasurePrice>
      <AllowDiscount>1</AllowDiscount>
      <itemStatus>1</itemStatus>
      <LastUpdateDate />
      <LastUpdateTime />
    </Product>
    <Product>
      <PriceUpdateDate>2019/06/10 09:38</PriceUpdateDate>
      <ItemCode>7290102399130</ItemCode>
      <ItemType>1</ItemType>
      <ItemName>משקה מעושר בחלבון בננה מלון תמר(268 מל)</ItemName>
      <ManufactureName>החב` המרכזית - טרה</ManufactureName>
      <ManufactureCountry />
      <ManufactureItemDescription />
      <UnitQty>יח`</UnitQty>
      <Quantity>268</Quantity>
      <UnitMeasure>מ"ל</UnitMeasure>
      <BisWeighted>0</BisWeighted>
      <QtyInPackage>1</QtyInPackage>
      <ItemPrice>6.90</ItemPrice>
      <UnitOfMeasurePrice>2.57</UnitOfMeasurePrice>
      <AllowDiscount>1</AllowDiscount>
      <itemStatus>1</itemStatus>
      <LastUpdateDate />
      <LastUpdateTime />
    </Product>
    <Product>
      <PriceUpdateDate>2019/09/25 08:51</PriceUpdateDate>
      <ItemCode>7290102399703</ItemCode>
      <ItemType>1</ItemType>
      <ItemName>מאגדת שמינייה מולר סיפלי מנגו ואננס 1.5%</ItemName>
      <ManufactureName>החב` המרכזית - טרה</ManufactureName>
      <ManufactureCountry />
      <ManufactureItemDescription />
      <UnitQty>יח`</UnitQty>
      <Quantity>1</Quantity>
      <UnitMeasure />
      <BisWeighted>0</BisWeighted>
      <QtyInPackage>1</QtyInPackage>
      <ItemPrice>29.90</ItemPrice>
      <UnitOfMeasurePrice>29.90</UnitOfMeasurePrice>
      <AllowDiscount>0</AllowDiscount>
      <itemStatus>1</itemStatus>
      <LastUpdateDate />
      <LastUpdateTime />
    </Product>
    <Product>
      <PriceUpdateDate>2019/03/20 07:32</PriceUpdateDate>
      <ItemCode>7290102448791</ItemCode>
      <ItemType>1</ItemType>
      <ItemName>קומקום זכוכית סגול 1.8 ליטר</ItemName>
      <ManufactureName>אוהב ציון בעמ (מבצעים)</ManufactureName>
      <ManufactureCountry />
      <ManufactureItemDescription />
      <UnitQty>יח`</UnitQty>
      <Quantity>1</Quantity>
      <UnitMeasure />
      <BisWeighted>0</BisWeighted>
      <QtyInPackage>1</QtyInPackage>
      <ItemPrice>79.90</ItemPrice>
      <UnitOfMeasurePrice>79.90</UnitOfMeasurePrice>
      <AllowDiscount>0</AllowDiscount>
      <itemStatus>1</itemStatus>
      <LastUpdateDate />
      <LastUpdateTime />
    </Product>
    <Product>
      <PriceUpdateDate>2015/12/17 08:34</PriceUpdateDate>
      <ItemCode>7290102840175</ItemCode>
      <ItemType>1</ItemType>
      <ItemName>אינסטנט פודינג בטעם וניל מיה (85 גרם)</ItemName>
      <ManufactureName>מיה תעשיות מזון מ.ת.מ. בעמ</ManufactureName>
      <ManufactureCountry />
      <ManufactureItemDescription />
      <UnitQty>יח`</UnitQty>
      <Quantity>85</Quantity>
      <UnitMeasure>גרם</UnitMeasure>
      <BisWeighted>0</BisWeighted>
      <QtyInPackage>1</QtyInPackage>
      <ItemPrice>3.90</ItemPrice>
      <UnitOfMeasurePrice>4.59</UnitOfMeasurePrice>
      <AllowDiscount>1</AllowDiscount>
      <itemStatus>1</itemStatus>
      <LastUpdateDate />
      <LastUpdateTime />
    </Product>
    <Product>
      <PriceUpdateDate>2015/12/17 08:34</PriceUpdateDate>
      <ItemCode>7290102840205</ItemCode>
      <ItemType>1</ItemType>
      <ItemName>ג`לי בטעם תות 90 גר` מיה</ItemName>
      <ManufactureName>מיה תעשיות מזון מ.ת.מ. בעמ</ManufactureName>
      <ManufactureCountry />
      <ManufactureItemDescription />
      <UnitQty>יח`</UnitQty>
      <Quantity>90</Quantity>
      <UnitMeasure>גרם</UnitMeasure>
      <BisWeighted>0</BisWeighted>
      <QtyInPackage>1</QtyInPackage>
      <ItemPrice>3.90</ItemPrice>
      <UnitOfMeasurePrice>4.33</UnitOfMeasurePrice>
      <AllowDiscount>1</AllowDiscount>
      <itemStatus>1</itemStatus>
      <LastUpdateDate />
      <LastUpdateTime />
    </Product>
    <Product>
      <PriceUpdateDate>2018/04/17 13:10</PriceUpdateDate>
      <ItemCode>7290103120658</ItemCode>
      <ItemType>1</ItemType>
      <ItemName>ספיד סטיק 24/7 גל שחור</ItemName>
      <ManufactureName>ש.שסטוביץ בעמ</ManufactureName>
      <ManufactureCountry />
      <ManufactureItemDescription />
      <UnitQty>יח`</UnitQty>
      <Quantity>85</Quantity>
      <UnitMeasure>גרם</UnitMeasure>
      <BisWeighted>0</BisWeighted>
      <QtyInPackage>1</QtyInPackage>
      <ItemPrice>17.90</ItemPrice>
      <UnitOfMeasurePrice>21.06</UnitOfMeasurePrice>
      <AllowDiscount>0</AllowDiscount>
      <itemStatus>1</itemStatus>
      <LastUpdateDate />
      <LastUpdateTime />
    </Product>
    <Product>
      <PriceUpdateDate>2016/01/20 09:22</PriceUpdateDate>
      <ItemCode>7290103126797</ItemCode>
      <ItemType>1</ItemType>
      <ItemName>קולגייט סנסיטיב פרו ריליף 75 מל</ItemName>
      <ManufactureName>ש.שסטוביץ בעמ</ManufactureName>
      <ManufactureCountry />
      <ManufactureItemDescription />
      <UnitQty>יח`</UnitQty>
      <Quantity>110</Quantity>
      <UnitMeasure>גרם</UnitMeasure>
      <BisWeighted>0</BisWeighted>
      <QtyInPackage>1</QtyInPackage>
      <ItemPrice>20</ItemPrice>
      <UnitOfMeasurePrice>18.18</UnitOfMeasurePrice>
      <AllowDiscount>1</AllowDiscount>
      <itemStatus>1</itemStatus>
      <LastUpdateDate />
      <LastUpdateTime />
    </Product>
    <Product>
      <PriceUpdateDate>2018/02/06 08:41</PriceUpdateDate>
      <ItemCode>7290103128739</ItemCode>
      <ItemType>1</ItemType>
      <ItemName>צמרונים לתינוק בלונס) (50</ItemName>
      <ManufactureName>ש.שסטוביץ בעמ</ManufactureName>
      <ManufactureCountry />
      <ManufactureItemDescription />
      <UnitQty>יח`</UnitQty>
      <Quantity>1</Quantity>
      <UnitMeasure>יח`</UnitMeasure>
      <BisWeighted>0</BisWeighted>
      <QtyInPackage>1</QtyInPackage>
      <ItemPrice>5.90</ItemPrice>
      <UnitOfMeasurePrice>5.90</UnitOfMeasurePrice>
      <AllowDiscount>0</AllowDiscount>
      <itemStatus>1</itemStatus>
      <LastUpdateDate />
      <LastUpdateTime />
    </Product>
    <Product>
      <PriceUpdateDate>2020/05/03 12:53</PriceUpdateDate>
      <ItemCode>7290103129378</ItemCode>
      <ItemType>1</ItemType>
      <ItemName>ספיד סטיק ג`ל אי</ItemName>
      <ManufactureName>ש.שסטוביץ בעמ</ManufactureName>
      <ManufactureCountry />
      <ManufactureItemDescription />
      <UnitQty>יח`</UnitQty>
      <Quantity>85</Quantity>
      <UnitMeasure>גרם</UnitMeasure>
      <BisWeighted>0</BisWeighted>
      <QtyInPackage>1</QtyInPackage>
      <ItemPrice>17.90</ItemPrice>
      <UnitOfMeasurePrice>21.06</UnitOfMeasurePrice>
      <AllowDiscount>0</AllowDiscount>
      <itemStatus>1</itemStatus>
      <LastUpdateDate />
      <LastUpdateTime />
    </Product>
    <Product>
      <PriceUpdateDate>2014/12/31 10:00</PriceUpdateDate>
      <ItemCode>7290103150129</ItemCode>
      <ItemType>1</ItemType>
      <ItemName>צלחות אובליות לסלט חד פעמיות לפיד (50)</ItemName>
      <ManufactureName>פאלאס תעשיות נטו (2014) בעמ</ManufactureName>
      <ManufactureCountry />
      <ManufactureItemDescription />
      <UnitQty>יח`</UnitQty>
      <Quantity>1</Quantity>
      <UnitMeasure />
      <BisWeighted>0</BisWeighted>
      <QtyInPackage>1</QtyInPackage>
      <ItemPrice>7.90</ItemPrice>
      <UnitOfMeasurePrice>7.90</UnitOfMeasurePrice>
      <AllowDiscount>1</AllowDiscount>
      <itemStatus>1</itemStatus>
      <LastUpdateDate />
      <LastUpdateTime />
    </Product>
    <Product>
      <PriceUpdateDate>2017/11/12 08:08</PriceUpdateDate>
      <ItemCode>7290103150952</ItemCode>
      <ItemType>1</ItemType>
      <ItemName>מפות שולחן עבה במיוחד 135/300 לפיד) (6</ItemName>
      <ManufactureName>פאלאס תעשיות נטו (2014) בעמ</ManufactureName>
      <ManufactureCountry />
      <ManufactureItemDescription />
      <UnitQty>יח`</UnitQty>
      <Quantity>1</Quantity>
      <UnitMeasure />
      <BisWeighted>0</BisWeighted>
      <QtyInPackage>1</QtyInPackage>
      <ItemPrice>11.90</ItemPrice>
      <UnitOfMeasurePrice>11.90</UnitOfMeasurePrice>
      <AllowDiscount>0</AllowDiscount>
      <itemStatus>1</itemStatus>
      <LastUpdateDate />
      <LastUpdateTime />
    </Product>
    <Product>
      <PriceUpdateDate>2017/11/12 08:08</PriceUpdateDate>
      <ItemCode>7290103150969</ItemCode>
      <ItemType>1</ItemType>
      <ItemName>מפות שולחן עבה במיוחד 135/240 לפיד) (8</ItemName>
      <ManufactureName>פאלאס תעשיות נטו (2014) בעמ</ManufactureName>
      <ManufactureCountry />
      <ManufactureItemDescription />
      <UnitQty>יח`</UnitQty>
      <Quantity>1</Quantity>
      <UnitMeasure />
      <BisWeighted>0</BisWeighted>
      <QtyInPackage>1</QtyInPackage>
      <ItemPrice>11.90</ItemPrice>
      <UnitOfMeasurePrice>11.90</UnitOfMeasurePrice>
      <AllowDiscount>0</AllowDiscount>
      <itemStatus>1</itemStatus>
      <LastUpdateDate />
      <LastUpdateTime />
    </Product>
    <Product>
      <PriceUpdateDate>2019/08/02 12:57</PriceUpdateDate>
      <ItemCode>7290103151423</ItemCode>
      <ItemType>1</ItemType>
      <ItemName>שקית אשפה קרם+ידית 75/90 לפיד 40 יח</ItemName>
      <ManufactureName>פאלאס תעשיות נטו (2014) בעמ</ManufactureName>
      <ManufactureCountry />
      <ManufactureItemDescription />
      <UnitQty>יח`</UnitQty>
      <Quantity>1</Quantity>
      <UnitMeasure />
      <BisWeighted>0</BisWeighted>
      <QtyInPackage>1</QtyInPackage>
      <ItemPrice>12.90</ItemPrice>
      <UnitOfMeasurePrice>12.90</UnitOfMeasurePrice>
      <AllowDiscount>1</AllowDiscount>
      <itemStatus>1</itemStatus>
      <LastUpdateDate />
      <LastUpdateTime />
    </Product>
    <Product>
      <PriceUpdateDate>2015/01/02 06:13</PriceUpdateDate>
      <ItemCode>7290103151485</ItemCode>
      <ItemType>1</ItemType>
      <ItemName>גביעי איחסון 1/2 ליטר לפיד) (15</ItemName>
      <ManufactureName>פאלאס תעשיות נטו (2014) בעמ</ManufactureName>
      <ManufactureCountry />
      <ManufactureItemDescription />
      <UnitQty>יח`</UnitQty>
      <Quantity>1</Quantity>
      <UnitMeasure />
      <BisWeighted>0</BisWeighted>
      <QtyInPackage>1</QtyInPackage>
      <ItemPrice>9.90</ItemPrice>
      <UnitOfMeasurePrice>9.90</UnitOfMeasurePrice>
      <AllowDiscount>0</AllowDiscount>
      <itemStatus>1</itemStatus>
      <LastUpdateDate />
      <LastUpdateTime />
    </Product>
    <Product>
      <PriceUpdateDate>2015/01/02 06:13</PriceUpdateDate>
      <ItemCode>7290103151492</ItemCode>
      <ItemType>1</ItemType>
      <ItemName>גביע אחסון 1  ליטר- 10 יח`</ItemName>
      <ManufactureName>פאלאס תעשיות נטו (2014) בעמ</ManufactureName>
      <ManufactureCountry />
      <ManufactureItemDescription />
      <UnitQty>יח`</UnitQty>
      <Quantity>1</Quantity>
      <UnitMeasure />
      <BisWeighted>0</BisWeighted>
      <QtyInPackage>1</QtyInPackage>
      <ItemPrice>9.90</ItemPrice>
      <UnitOfMeasurePrice>9.90</UnitOfMeasurePrice>
      <AllowDiscount>0</AllowDiscount>
      <itemStatus>1</itemStatus>
      <LastUpdateDate />
      <LastUpdateTime />
    </Product>
    <Product>
      <PriceUpdateDate>2015/01/02 06:13</PriceUpdateDate>
      <ItemCode>7290103151508</ItemCode>
      <ItemType>1</ItemType>
      <ItemName>מיכל אחסון 1 ליטר לפיד (5)</ItemName>
      <ManufactureName>פאלאס תעשיות נטו (2014) בעמ</ManufactureName>
      <ManufactureCountry />
      <ManufactureItemDescription />
      <UnitQty>יח`</UnitQty>
      <Quantity>1</Quantity>
      <UnitMeasure />
      <BisWeighted>0</BisWeighted>
      <QtyInPackage>1</QtyInPackage>
      <ItemPrice>9.90</ItemPrice>
      <UnitOfMeasurePrice>9.90</UnitOfMeasurePrice>
      <AllowDiscount>0</AllowDiscount>
      <itemStatus>1</itemStatus>
      <LastUpdateDate />
      <LastUpdateTime />
    </Product>
    <Product>
      <PriceUpdateDate>2015/01/02 06:13</PriceUpdateDate>
      <ItemCode>7290103151515</ItemCode>
      <ItemType>1</ItemType>
      <ItemName>מיכל אחסון 2 ליטר לפיד (4)</ItemName>
      <ManufactureName>פאלאס תעשיות נטו (2014) בעמ</ManufactureName>
      <ManufactureCountry />
      <ManufactureItemDescription />
      <UnitQty>יח`</UnitQty>
      <Quantity>1</Quantity>
      <UnitMeasure />
      <BisWeighted>0</BisWeighted>
      <QtyInPackage>1</QtyInPackage>
      <ItemPrice>9.90</ItemPrice>
      <UnitOfMeasurePrice>9.90</UnitOfMeasurePrice>
      <AllowDiscount>0</AllowDiscount>
      <itemStatus>1</itemStatus>
      <LastUpdateDate />
      <LastUpdateTime />
    </Product>
    <Product>
      <PriceUpdateDate>2015/01/02 06:13</PriceUpdateDate>
      <ItemCode>7290103152802</ItemCode>
      <ItemType>1</ItemType>
      <ItemName>כוס מרובע לפיד) (18</ItemName>
      <ManufactureName>פאלאס תעשיות נטו (2014) בעמ</ManufactureName>
      <ManufactureCountry />
      <ManufactureItemDescription />
      <UnitQty>יח`</UnitQty>
      <Quantity>1</Quantity>
      <UnitMeasure />
      <BisWeighted>0</BisWeighted>
      <QtyInPackage>1</QtyInPackage>
      <ItemPrice>11.90</ItemPrice>
      <UnitOfMeasurePrice>11.90</UnitOfMeasurePrice>
      <AllowDiscount>0</AllowDiscount>
      <itemStatus>1</itemStatus>
      <LastUpdateDate />
      <LastUpdateTime />
    </Product>
    <Product>
      <PriceUpdateDate>2017/03/02 08:50</PriceUpdateDate>
      <ItemCode>7290103152949</ItemCode>
      <ItemType>1</ItemType>
      <ItemName>תבניות אלומניום גדול 105</ItemName>
      <ManufactureName>פאלאס תעשיות נטו (2014) בעמ</ManufactureName>
      <ManufactureCountry />
      <ManufactureItemDescription />
      <UnitQty>יח`</UnitQty>
      <Quantity>1</Quantity>
      <UnitMeasure />
      <BisWeighted>0</BisWeighted>
      <QtyInPackage>1</QtyInPackage>
      <ItemPrice>1.50</ItemPrice>
      <UnitOfMeasurePrice>1.50</UnitOfMeasurePrice>
      <AllowDiscount>1</AllowDiscount>
      <itemStatus>1</itemStatus>
      <LastUpdateDate />
      <LastUpdateTime />
    </Product>
    <Product>
      <PriceUpdateDate>2015/11/30 12:18</PriceUpdateDate>
      <ItemCode>7290103152970</ItemCode>
      <ItemType>1</ItemType>
      <ItemName>תבניות אלומניום קטן 29</ItemName>
      <ManufactureName>פאלאס תעשיות נטו (2014) בעמ</ManufactureName>
      <ManufactureCountry />
      <ManufactureItemDescription />
      <UnitQty>יח`</UnitQty>
      <Quantity>1</Quantity>
      <UnitMeasure />
      <BisWeighted>0</BisWeighted>
      <QtyInPackage>1</QtyInPackage>
      <ItemPrice>0.90</ItemPrice>
      <UnitOfMeasurePrice>0.90</UnitOfMeasurePrice>
      <AllowDiscount>1</AllowDiscount>
      <itemStatus>1</itemStatus>
      <LastUpdateDate />
      <LastUpdateTime />
    </Product>
    <Product>
      <PriceUpdateDate>2017/03/02 08:50</PriceUpdateDate>
      <ItemCode>7290103153007</ItemCode>
      <ItemType>1</ItemType>
      <ItemName>תבניות אלומניום עגולות 10</ItemName>
      <ManufactureName>פאלאס תעשיות נטו (2014) בעמ</ManufactureName>
      <ManufactureCountry />
      <ManufactureItemDescription />
      <UnitQty>יח`</UnitQty>
      <Quantity>1</Quantity>
      <UnitMeasure />
      <BisWeighted>0</BisWeighted>
      <QtyInPackage>1</QtyInPackage>
      <ItemPrice>1.50</ItemPrice>
      <UnitOfMeasurePrice>1.50</UnitOfMeasurePrice>
      <AllowDiscount>1</AllowDiscount>
      <itemStatus>1</itemStatus>
      <LastUpdateDate />
      <LastUpdateTime />
    </Product>
    <Product>
      <PriceUpdateDate>2016/06/07 08:22</PriceUpdateDate>
      <ItemCode>7290103156312</ItemCode>
      <ItemType>1</ItemType>
      <ItemName>כף צבעונית לפיד (100)</ItemName>
      <ManufactureName>פאלאס תעשיות נטו (2014) בעמ</ManufactureName>
      <ManufactureCountry />
      <ManufactureItemDescription />
      <UnitQty>יח`</UnitQty>
      <Quantity>1</Quantity>
      <UnitMeasure />
      <BisWeighted>0</BisWeighted>
      <QtyInPackage>1</QtyInPackage>
      <ItemPrice>9.90</ItemPrice>
      <UnitOfMeasurePrice>9.90</UnitOfMeasurePrice>
      <AllowDiscount>1</AllowDiscount>
      <itemStatus>1</itemStatus>
      <LastUpdateDate />
      <LastUpdateTime />
    </Product>
    <Product>
      <PriceUpdateDate>2016/06/07 08:22</PriceUpdateDate>
      <ItemCode>7290103156329</ItemCode>
      <ItemType>1</ItemType>
      <ItemName>כפית צבעונית לפיד (100)</ItemName>
      <ManufactureName>פאלאס תעשיות נטו (2014) בעמ</ManufactureName>
      <ManufactureCountry />
      <ManufactureItemDescription />
      <UnitQty>יח`</UnitQty>
      <Quantity>1</Quantity>
      <UnitMeasure />
      <BisWeighted>0</BisWeighted>
      <QtyInPackage>1</QtyInPackage>
      <ItemPrice>9.90</ItemPrice>
      <UnitOfMeasurePrice>9.90</UnitOfMeasurePrice>
      <AllowDiscount>1</AllowDiscount>
      <itemStatus>1</itemStatus>
      <LastUpdateDate />
      <LastUpdateTime />
    </Product>
    <Product>
      <PriceUpdateDate>2016/06/07 08:22</PriceUpdateDate>
      <ItemCode>7290103156336</ItemCode>
      <ItemType>1</ItemType>
      <ItemName>מזלג צבעוני לפיד (100)</ItemName>
      <ManufactureName>פאלאס תעשיות נטו (2014) בעמ</ManufactureName>
      <ManufactureCountry />
      <ManufactureItemDescription />
      <UnitQty>יח`</UnitQty>
      <Quantity>1</Quantity>
      <UnitMeasure />
      <BisWeighted>0</BisWeighted>
      <QtyInPackage>1</QtyInPackage>
      <ItemPrice>9.90</ItemPrice>
      <UnitOfMeasurePrice>9.90</UnitOfMeasurePrice>
      <AllowDiscount>1</AllowDiscount>
      <itemStatus>1</itemStatus>
      <LastUpdateDate />
      <LastUpdateTime />
    </Product>
    <Product>
      <PriceUpdateDate>2016/06/07 08:22</PriceUpdateDate>
      <ItemCode>7290103156343</ItemCode>
      <ItemType>1</ItemType>
      <ItemName>סכין צבעוני לפיד (100)</ItemName>
      <ManufactureName>פאלאס תעשיות נטו (2014) בעמ</ManufactureName>
      <ManufactureCountry />
      <ManufactureItemDescription />
      <UnitQty>יח`</UnitQty>
      <Quantity>1</Quantity>
      <UnitMeasure />
      <BisWeighted>0</BisWeighted>
      <QtyInPackage>1</QtyInPackage>
      <ItemPrice>9.90</ItemPrice>
      <UnitOfMeasurePrice>9.90</UnitOfMeasurePrice>
      <AllowDiscount>1</AllowDiscount>
      <itemStatus>1</itemStatus>
      <LastUpdateDate />
      <LastUpdateTime />
    </Product>
    <Product>
      <PriceUpdateDate>2016/02/22 08:25</PriceUpdateDate>
      <ItemCode>7290103156466</ItemCode>
      <ItemType>1</ItemType>
      <ItemName>כפות חד פעמיות לפיד (100)</ItemName>
      <ManufactureName>פאלאס תעשיות נטו (2014) בעמ</ManufactureName>
      <ManufactureCountry />
      <ManufactureItemDescription />
      <UnitQty>יח`</UnitQty>
      <Quantity>1</Quantity>
      <UnitMeasure />
      <BisWeighted>0</BisWeighted>
      <QtyInPackage>1</QtyInPackage>
      <ItemPrice>5.90</ItemPrice>
      <UnitOfMeasurePrice>5.90</UnitOfMeasurePrice>
      <AllowDiscount>1</AllowDiscount>
      <itemStatus>1</itemStatus>
      <LastUpdateDate />
      <LastUpdateTime />
    </Product>
    <Product>
      <PriceUpdateDate>2016/02/22 08:25</PriceUpdateDate>
      <ItemCode>7290103156473</ItemCode>
      <ItemType>1</ItemType>
      <ItemName>כפיות לפיד) (100</ItemName>
      <ManufactureName>פאלאס תעשיות נטו (2014) בעמ</ManufactureName>
      <ManufactureCountry />
      <ManufactureItemDescription />
      <UnitQty>יח`</UnitQty>
      <Quantity>1</Quantity>
      <UnitMeasure />
      <BisWeighted>0</BisWeighted>
      <QtyInPackage>1</QtyInPackage>
      <ItemPrice>5.90</ItemPrice>
      <UnitOfMeasurePrice>5.90</UnitOfMeasurePrice>
      <AllowDiscount>1</AllowDiscount>
      <itemStatus>1</itemStatus>
      <LastUpdateDate />
      <LastUpdateTime />
    </Product>
    <Product>
      <PriceUpdateDate>2016/02/22 08:25</PriceUpdateDate>
      <ItemCode>7290103156480</ItemCode>
      <ItemType>1</ItemType>
      <ItemName>מזלג חד פעמי לפיד (100)</ItemName>
      <ManufactureName>פאלאס תעשיות נטו (2014) בעמ</ManufactureName>
      <ManufactureCountry />
      <ManufactureItemDescription />
      <UnitQty>יח`</UnitQty>
      <Quantity>1</Quantity>
      <UnitMeasure />
      <BisWeighted>0</BisWeighted>
      <QtyInPackage>1</QtyInPackage>
      <ItemPrice>5.90</ItemPrice>
      <UnitOfMeasurePrice>5.90</UnitOfMeasurePrice>
      <AllowDiscount>1</AllowDiscount>
      <itemStatus>1</itemStatus>
      <LastUpdateDate />
      <LastUpdateTime />
    </Product>
    <Product>
      <PriceUpdateDate>2015/04/27 08:30</PriceUpdateDate>
      <ItemCode>7290103156930</ItemCode>
      <ItemType>1</ItemType>
      <ItemName>כוס יהלום לפיד (40)</ItemName>
      <ManufactureName>פאלאס תעשיות נטו (2014) בעמ</ManufactureName>
      <ManufactureCountry />
      <ManufactureItemDescription />
      <UnitQty>יח`</UnitQty>
      <Quantity>1</Quantity>
      <UnitMeasure />
      <BisWeighted>0</BisWeighted>
      <QtyInPackage>1</QtyInPackage>
      <ItemPrice>9.90</ItemPrice>
      <UnitOfMeasurePrice>9.90</UnitOfMeasurePrice>
      <AllowDiscount>1</AllowDiscount>
      <itemStatus>1</itemStatus>
      <LastUpdateDate />
      <LastUpdateTime />
    </Product>
    <Product>
      <PriceUpdateDate>2015/12/30 09:51</PriceUpdateDate>
      <ItemCode>7290103157678</ItemCode>
      <ItemType>1</ItemType>
      <ItemName>צלחות גדולות 1 קילו -פאלאס</ItemName>
      <ManufactureName>פאלאס תעשיות נטו (2014) בעמ</ManufactureName>
      <ManufactureCountry />
      <ManufactureItemDescription />
      <UnitQty>יח`</UnitQty>
      <Quantity>1</Quantity>
      <UnitMeasure />
      <BisWeighted>0</BisWeighted>
      <QtyInPackage>1</QtyInPackage>
      <ItemPrice>19.90</ItemPrice>
      <UnitOfMeasurePrice>19.90</UnitOfMeasurePrice>
      <AllowDiscount>1</AllowDiscount>
      <itemStatus>1</itemStatus>
      <LastUpdateDate />
      <LastUpdateTime />
    </Product>
    <Product>
      <PriceUpdateDate>2016/09/04 07:25</PriceUpdateDate>
      <ItemCode>7290103243302</ItemCode>
      <ItemType>1</ItemType>
      <ItemName>עוגה בטעם שוקולד 450 גר</ItemName>
      <ManufactureName>בני פאוזי שמשום (2009) בעמ</ManufactureName>
      <ManufactureCountry />
      <ManufactureItemDescription />
      <UnitQty>יח`</UnitQty>
      <Quantity>450</Quantity>
      <UnitMeasure>גרם</UnitMeasure>
      <BisWeighted>0</BisWeighted>
      <QtyInPackage>1</QtyInPackage>
      <ItemPrice>5.90</ItemPrice>
      <UnitOfMeasurePrice>1.31</UnitOfMeasurePrice>
      <AllowDiscount>1</AllowDiscount>
      <itemStatus>1</itemStatus>
      <LastUpdateDate />
      <LastUpdateTime />
    </Product>
    <Product>
      <PriceUpdateDate>2015/11/30 09:59</PriceUpdateDate>
      <ItemCode>7290103400194</ItemCode>
      <ItemType>1</ItemType>
      <ItemName>כרוב לבן 400 ג בדצ ירקות שטראוס טעם הטבע</ItemName>
      <ManufactureName>שטראוס גרופ בעמ/מצונן</ManufactureName>
      <ManufactureCountry />
      <ManufactureItemDescription />
      <UnitQty>יח`</UnitQty>
      <Quantity>400</Quantity>
      <UnitMeasure>גרם</UnitMeasure>
      <BisWeighted>0</BisWeighted>
      <QtyInPackage>1</QtyInPackage>
      <ItemPrice>8.50</ItemPrice>
      <UnitOfMeasurePrice>2.13</UnitOfMeasurePrice>
      <AllowDiscount>0</AllowDiscount>
      <itemStatus>1</itemStatus>
      <LastUpdateDate />
      <LastUpdateTime />
    </Product>
    <Product>
      <PriceUpdateDate>2016/02/28 09:19</PriceUpdateDate>
      <ItemCode>7290103401382</ItemCode>
      <ItemType>1</ItemType>
      <ItemName>קפה PLATINUM אפריקאי 200 גר</ItemName>
      <ManufactureName>שטראוס גרופ בעמ</ManufactureName>
      <ManufactureCountry />
      <ManufactureItemDescription />
      <UnitQty>יח`</UnitQty>
      <Quantity>200</Quantity>
      <UnitMeasure>גרם</UnitMeasure>
      <BisWeighted>0</BisWeighted>
      <QtyInPackage>1</QtyInPackage>
      <ItemPrice>25.90</ItemPrice>
      <UnitOfMeasurePrice>12.95</UnitOfMeasurePrice>
      <AllowDiscount>0</AllowDiscount>
      <itemStatus>1</itemStatus>
      <LastUpdateDate />
      <LastUpdateTime />
    </Product>
    <Product>
      <PriceUpdateDate>2019/10/23 09:26</PriceUpdateDate>
      <ItemCode>7290103401429</ItemCode>
      <ItemType>1</ItemType>
      <ItemName>קפה PLATINUM ברזילאי 200 גר</ItemName>
      <ManufactureName>שטראוס גרופ בעמ</ManufactureName>
      <ManufactureCountry />
      <ManufactureItemDescription />
      <UnitQty>יח`</UnitQty>
      <Quantity>200</Quantity>
      <UnitMeasure>גרם</UnitMeasure>
      <BisWeighted>0</BisWeighted>
      <QtyInPackage>1</QtyInPackage>
      <ItemPrice>21.90</ItemPrice>
      <UnitOfMeasurePrice>10.95</UnitOfMeasurePrice>
      <AllowDiscount>0</AllowDiscount>
      <itemStatus>1</itemStatus>
      <LastUpdateDate />
      <LastUpdateTime />
    </Product>
    <Product>
      <PriceUpdateDate>2015/11/30 11:02</PriceUpdateDate>
      <ItemCode>7290103402815</ItemCode>
      <ItemType>1</ItemType>
      <ItemName>אצבעות שוקולד עם קרם חלב עלית (96 גרם)</ItemName>
      <ManufactureName>שטראוס גרופ בעמ</ManufactureName>
      <ManufactureCountry />
      <ManufactureItemDescription />
      <UnitQty>יח`</UnitQty>
      <Quantity>96</Quantity>
      <UnitMeasure>גרם</UnitMeasure>
      <BisWeighted>0</BisWeighted>
      <QtyInPackage>1</QtyInPackage>
      <ItemPrice>7.90</ItemPrice>
      <UnitOfMeasurePrice>8.23</UnitOfMeasurePrice>
      <AllowDiscount>0</AllowDiscount>
      <itemStatus>1</itemStatus>
      <LastUpdateDate />
      <LastUpdateTime />
    </Product>
    <Product>
      <PriceUpdateDate>2014/01/01 08:37</PriceUpdateDate>
      <ItemCode>7290103404758</ItemCode>
      <ItemType>1</ItemType>
      <ItemName>כרוב אדום במיונז אחלה (120 גרם)</ItemName>
      <ManufactureName>שטראוס גרופ בעמ/מצונן</ManufactureName>
      <ManufactureCountry />
      <ManufactureItemDescription />
      <UnitQty>יח`</UnitQty>
      <Quantity>120</Quantity>
      <UnitMeasure>גרם</UnitMeasure>
      <BisWeighted>0</BisWeighted>
      <QtyInPackage>1</QtyInPackage>
      <ItemPrice>5</ItemPrice>
      <UnitOfMeasurePrice>4.17</UnitOfMeasurePrice>
      <AllowDiscount>0</AllowDiscount>
      <itemStatus>1</itemStatus>
      <LastUpdateDate />
      <LastUpdateTime />
    </Product>
    <Product>
      <PriceUpdateDate>2015/11/30 11:02</PriceUpdateDate>
      <ItemCode>7290103407223</ItemCode>
      <ItemType>1</ItemType>
      <ItemName>שמיניית אצבעות שוקולד מגדים סוכריות קופצ</ItemName>
      <ManufactureName>שטראוס גרופ בעמ</ManufactureName>
      <ManufactureCountry />
      <ManufactureItemDescription />
      <UnitQty>יח`</UnitQty>
      <Quantity>96</Quantity>
      <UnitMeasure>גרם</UnitMeasure>
      <BisWeighted>0</BisWeighted>
      <QtyInPackage>1</QtyInPackage>
      <ItemPrice>7.90</ItemPrice>
      <UnitOfMeasurePrice>8.23</UnitOfMeasurePrice>
      <AllowDiscount>0</AllowDiscount>
      <itemStatus>1</itemStatus>
      <LastUpdateDate />
      <LastUpdateTime />
    </Product>
    <Product>
      <PriceUpdateDate>2015/03/04 07:31</PriceUpdateDate>
      <ItemCode>7290103407506</ItemCode>
      <ItemType>1</ItemType>
      <ItemName>מקופלת XL חלבי 33 גר</ItemName>
      <ManufactureName>שטראוס גרופ בעמ</ManufactureName>
      <ManufactureCountry />
      <ManufactureItemDescription />
      <UnitQty>יח`</UnitQty>
      <Quantity>33</Quantity>
      <UnitMeasure>גרם</UnitMeasure>
      <BisWeighted>0</BisWeighted>
      <QtyInPackage>1</QtyInPackage>
      <ItemPrice>3.90</ItemPrice>
      <UnitOfMeasurePrice>11.82</UnitOfMeasurePrice>
      <AllowDiscount>1</AllowDiscount>
      <itemStatus>1</itemStatus>
      <LastUpdateDate />
      <LastUpdateTime />
    </Product>
    <Product>
      <PriceUpdateDate>2016/01/11 09:06</PriceUpdateDate>
      <ItemCode>7290103407629</ItemCode>
      <ItemType>1</ItemType>
      <ItemName>גרנולה קראנצי שילוב דגנים עם מייפל ופקאן</ItemName>
      <ManufactureName>שטראוס גרופ בעמ</ManufactureName>
      <ManufactureCountry />
      <ManufactureItemDescription />
      <UnitQty>יח`</UnitQty>
      <Quantity>400</Quantity>
      <UnitMeasure>גרם</UnitMeasure>
      <BisWeighted>0</BisWeighted>
      <QtyInPackage>1</QtyInPackage>
      <ItemPrice>17.90</ItemPrice>
      <UnitOfMeasurePrice>4.48</UnitOfMeasurePrice>
      <AllowDiscount>1</AllowDiscount>
      <itemStatus>1</itemStatus>
      <LastUpdateDate />
      <LastUpdateTime />
    </Product>
    <Product>
      <PriceUpdateDate>2016/04/19 09:24</PriceUpdateDate>
      <ItemCode>7290103408206</ItemCode>
      <ItemType>1</ItemType>
      <ItemName>עלי חסה ערבית שטופים 250 גר טעם הטבע</ItemName>
      <ManufactureName>שטראוס גרופ בעמ/מצונן</ManufactureName>
      <ManufactureCountry />
      <ManufactureItemDescription />
      <UnitQty>יח`</UnitQty>
      <Quantity>250</Quantity>
      <UnitMeasure>גרם</UnitMeasure>
      <BisWeighted>0</BisWeighted>
      <QtyInPackage>1</QtyInPackage>
      <ItemPrice>9.90</ItemPrice>
      <UnitOfMeasurePrice>3.96</UnitOfMeasurePrice>
      <AllowDiscount>1</AllowDiscount>
      <itemStatus>1</itemStatus>
      <LastUpdateDate />
      <LastUpdateTime />
    </Product>
    <Product>
      <PriceUpdateDate>2019/08/13 08:11</PriceUpdateDate>
      <ItemCode>7290103681180</ItemCode>
      <ItemType>1</ItemType>
      <ItemName>הר מרלו יין אדום 750 מל</ItemName>
      <ManufactureName>החב` המרכזית - טרה</ManufactureName>
      <ManufactureCountry />
      <ManufactureItemDescription />
      <UnitQty>יח`</UnitQty>
      <Quantity>750</Quantity>
      <UnitMeasure>מ"ל</UnitMeasure>
      <BisWeighted>0</BisWeighted>
      <QtyInPackage>1</QtyInPackage>
      <ItemPrice>36.90</ItemPrice>
      <UnitOfMeasurePrice>4.88</UnitOfMeasurePrice>
      <AllowDiscount>1</AllowDiscount>
      <itemStatus>1</itemStatus>
      <LastUpdateDate />
      <LastUpdateTime />
    </Product>
    <Product>
      <PriceUpdateDate>2019/08/13 18:20</PriceUpdateDate>
      <ItemCode>7290103681210</ItemCode>
      <ItemType>1</ItemType>
      <ItemName>הר שרדונה אדום 750 מל</ItemName>
      <ManufactureName>החב` המרכזית - טרה</ManufactureName>
      <ManufactureCountry />
      <ManufactureItemDescription />
      <UnitQty>יח`</UnitQty>
      <Quantity>750</Quantity>
      <UnitMeasure>מ"ל</UnitMeasure>
      <BisWeighted>0</BisWeighted>
      <QtyInPackage>1</QtyInPackage>
      <ItemPrice>36.90</ItemPrice>
      <UnitOfMeasurePrice>4.88</UnitOfMeasurePrice>
      <AllowDiscount>1</AllowDiscount>
      <itemStatus>1</itemStatus>
      <LastUpdateDate />
      <LastUpdateTime />
    </Product>
    <Product>
      <PriceUpdateDate>2019/08/13 18:20</PriceUpdateDate>
      <ItemCode>7290103681227</ItemCode>
      <ItemType>1</ItemType>
      <ItemName>הר גוורצטרמינר יין לבן 750 מל</ItemName>
      <ManufactureName>החב` המרכזית - טרה</ManufactureName>
      <ManufactureCountry />
      <ManufactureItemDescription />
      <UnitQty>יח`</UnitQty>
      <Quantity>750</Quantity>
      <UnitMeasure>מ"ל</UnitMeasure>
      <BisWeighted>0</BisWeighted>
      <QtyInPackage>1</QtyInPackage>
      <ItemPrice>36.90</ItemPrice>
      <UnitOfMeasurePrice>4.88</UnitOfMeasurePrice>
      <AllowDiscount>1</AllowDiscount>
      <itemStatus>1</itemStatus>
      <LastUpdateDate />
      <LastUpdateTime />
    </Product>
    <Product>
      <PriceUpdateDate>2020/03/15 16:55</PriceUpdateDate>
      <ItemCode>7290103702656</ItemCode>
      <ItemType>1</ItemType>
      <ItemName>מגבות מטבח לובלי שישייה</ItemName>
      <ManufactureName>שניב תעשיות נייר בעמ</ManufactureName>
      <ManufactureCountry />
      <ManufactureItemDescription />
      <UnitQty>יח`</UnitQty>
      <Quantity>1</Quantity>
      <UnitMeasure />
      <BisWeighted>0</BisWeighted>
      <QtyInPackage>1</QtyInPackage>
      <ItemPrice>9.90</ItemPrice>
      <UnitOfMeasurePrice>9.90</UnitOfMeasurePrice>
      <AllowDiscount>0</AllowDiscount>
      <itemStatus>1</itemStatus>
      <LastUpdateDate />
      <LastUpdateTime />
    </Product>
    <Product>
      <PriceUpdateDate>2019/08/15 09:25</PriceUpdateDate>
      <ItemCode>7290103702779</ItemCode>
      <ItemType>1</ItemType>
      <ItemName>מפיות טאצ` 150 יח</ItemName>
      <ManufactureName>שניב תעשיות נייר בעמ</ManufactureName>
      <ManufactureCountry />
      <ManufactureItemDescription />
      <UnitQty>יח`</UnitQty>
      <Quantity>1</Quantity>
      <UnitMeasure />
      <BisWeighted>0</BisWeighted>
      <QtyInPackage>1</QtyInPackage>
      <ItemPrice>6.90</ItemPrice>
      <UnitOfMeasurePrice>6.90</UnitOfMeasurePrice>
      <AllowDiscount>0</AllowDiscount>
      <itemStatus>1</itemStatus>
      <LastUpdateDate />
      <LastUpdateTime />
    </Product>
    <Product>
      <PriceUpdateDate>2019/08/05 09:39</PriceUpdateDate>
      <ItemCode>7290103746001</ItemCode>
      <ItemType>1</ItemType>
      <ItemName>ממחטות טאצ` חמישייה צבעוני 500 דף</ItemName>
      <ManufactureName>שניב תעשיות נייר בעמ</ManufactureName>
      <ManufactureCountry />
      <ManufactureItemDescription />
      <UnitQty>יח`</UnitQty>
      <Quantity>1</Quantity>
      <UnitMeasure />
      <BisWeighted>0</BisWeighted>
      <QtyInPackage>1</QtyInPackage>
      <ItemPrice>11.90</ItemPrice>
      <UnitOfMeasurePrice>11.90</UnitOfMeasurePrice>
      <AllowDiscount>1</AllowDiscount>
      <itemStatus>1</itemStatus>
      <LastUpdateDate />
      <LastUpdateTime />
    </Product>
    <Product>
      <PriceUpdateDate>2015/04/13 13:02</PriceUpdateDate>
      <ItemCode>7290104061219</ItemCode>
      <ItemType>1</ItemType>
      <ItemName>רבע לשבע אגוזים 120 גר`</ItemName>
      <ManufactureName>שטראוס גרופ בעמ</ManufactureName>
      <ManufactureCountry />
      <ManufactureItemDescription />
      <UnitQty>יח`</UnitQty>
      <Quantity>120</Quantity>
      <UnitMeasure>גרם</UnitMeasure>
      <BisWeighted>0</BisWeighted>
      <QtyInPackage>1</QtyInPackage>
      <ItemPrice>12.90</ItemPrice>
      <UnitOfMeasurePrice>10.75</UnitOfMeasurePrice>
      <AllowDiscount>1</AllowDiscount>
      <itemStatus>1</itemStatus>
      <LastUpdateDate />
      <LastUpdateTime />
    </Product>
    <Product>
      <PriceUpdateDate>2015/12/01 09:30</PriceUpdateDate>
      <ItemCode>7290104061417</ItemCode>
      <ItemType>1</ItemType>
      <ItemName>חומוס עם טחינה אחלה (400 גרם)</ItemName>
      <ManufactureName>שטראוס גרופ בעמ/מצונן</ManufactureName>
      <ManufactureCountry />
      <ManufactureItemDescription />
      <UnitQty>יח`</UnitQty>
      <Quantity>400</Quantity>
      <UnitMeasure>גרם</UnitMeasure>
      <BisWeighted>0</BisWeighted>
      <QtyInPackage>1</QtyInPackage>
      <ItemPrice>11.50</ItemPrice>
      <UnitOfMeasurePrice>2.88</UnitOfMeasurePrice>
      <AllowDiscount>0</AllowDiscount>
      <itemStatus>1</itemStatus>
      <LastUpdateDate />
      <LastUpdateTime />
    </Product>
    <Product>
      <PriceUpdateDate>2015/12/01 09:30</PriceUpdateDate>
      <ItemCode>7290104061424</ItemCode>
      <ItemType>1</ItemType>
      <ItemName>חומוס וזעתר אחלה (400 גרם)</ItemName>
      <ManufactureName>שטראוס גרופ בעמ/מצונן</ManufactureName>
      <ManufactureCountry />
      <ManufactureItemDescription />
      <UnitQty>יח`</UnitQty>
      <Quantity>400</Quantity>
      <UnitMeasure>גרם</UnitMeasure>
      <BisWeighted>0</BisWeighted>
      <QtyInPackage>1</QtyInPackage>
      <ItemPrice>11.50</ItemPrice>
      <UnitOfMeasurePrice>2.88</UnitOfMeasurePrice>
      <AllowDiscount>0</AllowDiscount>
      <itemStatus>1</itemStatus>
      <LastUpdateDate />
      <LastUpdateTime />
    </Product>
    <Product>
      <PriceUpdateDate>2015/12/01 09:30</PriceUpdateDate>
      <ItemCode>7290104061431</ItemCode>
      <ItemType>1</ItemType>
      <ItemName>חומוס עם צנובר אחלה (400 גרם)</ItemName>
      <ManufactureName>שטראוס גרופ בעמ/מצונן</ManufactureName>
      <ManufactureCountry />
      <ManufactureItemDescription />
      <UnitQty>יח`</UnitQty>
      <Quantity>400</Quantity>
      <UnitMeasure>גרם</UnitMeasure>
      <BisWeighted>0</BisWeighted>
      <QtyInPackage>1</QtyInPackage>
      <ItemPrice>11.50</ItemPrice>
      <UnitOfMeasurePrice>2.88</UnitOfMeasurePrice>
      <AllowDiscount>0</AllowDiscount>
      <itemStatus>1</itemStatus>
      <LastUpdateDate />
      <LastUpdateTime />
    </Product>
    <Product>
      <PriceUpdateDate>2015/12/01 09:30</PriceUpdateDate>
      <ItemCode>7290104061448</ItemCode>
      <ItemType>1</ItemType>
      <ItemName>חומוס וחריף אחלה (400 גרם)</ItemName>
      <ManufactureName>שטראוס גרופ בעמ/מצונן</ManufactureName>
      <ManufactureCountry />
      <ManufactureItemDescription />
      <UnitQty>יח`</UnitQty>
      <Quantity>400</Quantity>
      <UnitMeasure>גרם</UnitMeasure>
      <BisWeighted>0</BisWeighted>
      <QtyInPackage>1</QtyInPackage>
      <ItemPrice>11.50</ItemPrice>
      <UnitOfMeasurePrice>2.88</UnitOfMeasurePrice>
      <AllowDiscount>0</AllowDiscount>
      <itemStatus>1</itemStatus>
      <LastUpdateDate />
      <LastUpdateTime />
    </Product>
    <Product>
      <PriceUpdateDate>2014/01/01 08:37</PriceUpdateDate>
      <ItemCode>7290104062599</ItemCode>
      <ItemType>1</ItemType>
      <ItemName>מעדן בטעם תות בננה גמדים (100x8 גרם)</ItemName>
      <ManufactureName>שטראוס גרופ בעמ/מצונן</ManufactureName>
      <ManufactureCountry />
      <ManufactureItemDescription />
      <UnitQty>יח`</UnitQty>
      <Quantity>800</Quantity>
      <UnitMeasure>מ"ל</UnitMeasure>
      <BisWeighted>0</BisWeighted>
      <QtyInPackage>1</QtyInPackage>
      <ItemPrice>18.80</ItemPrice>
      <UnitOfMeasurePrice>2.35</UnitOfMeasurePrice>
      <AllowDiscount>0</AllowDiscount>
      <itemStatus>1</itemStatus>
      <LastUpdateDate />
      <LastUpdateTime />
    </Product>
    <Product>
      <PriceUpdateDate>2019/09/04 18:51</PriceUpdateDate>
      <ItemCode>7290104065187</ItemCode>
      <ItemType>1</ItemType>
      <ItemName>קפה נמס מוקה עלית (200 גרם)</ItemName>
      <ManufactureName>שטראוס גרופ בעמ</ManufactureName>
      <ManufactureCountry />
      <ManufactureItemDescription />
      <UnitQty>יח`</UnitQty>
      <Quantity>200</Quantity>
      <UnitMeasure>גרם</UnitMeasure>
      <BisWeighted>0</BisWeighted>
      <QtyInPackage>1</QtyInPackage>
      <ItemPrice>19.90</ItemPrice>
      <UnitOfMeasurePrice>9.95</UnitOfMeasurePrice>
      <AllowDiscount>0</AllowDiscount>
      <itemStatus>1</itemStatus>
      <LastUpdateDate />
      <LastUpdateTime />
    </Product>
    <Product>
      <PriceUpdateDate>2016/04/19 09:24</PriceUpdateDate>
      <ItemCode>7290104065934</ItemCode>
      <ItemType>1</ItemType>
      <ItemName>עלי רוקט שטראוס 150 גר`-טעם הטבע</ItemName>
      <ManufactureName>שטראוס גרופ בעמ/מצונן</ManufactureName>
      <ManufactureCountry />
      <ManufactureItemDescription />
      <UnitQty>יח`</UnitQty>
      <Quantity>150</Quantity>
      <UnitMeasure>גרם</UnitMeasure>
      <BisWeighted>0</BisWeighted>
      <QtyInPackage>1</QtyInPackage>
      <ItemPrice>9.90</ItemPrice>
      <UnitOfMeasurePrice>6.60</UnitOfMeasurePrice>
      <AllowDiscount>1</AllowDiscount>
      <itemStatus>1</itemStatus>
      <LastUpdateDate />
      <LastUpdateTime />
    </Product>
    <Product>
      <PriceUpdateDate>2014/01/01 08:37</PriceUpdateDate>
      <ItemCode>7290104066016</ItemCode>
      <ItemType>1</ItemType>
      <ItemName>מילקי טופ עדשים</ItemName>
      <ManufactureName>שטראוס גרופ בעמ/מצונן</ManufactureName>
      <ManufactureCountry />
      <ManufactureItemDescription />
      <UnitQty>יח`</UnitQty>
      <Quantity>170</Quantity>
      <UnitMeasure>מ"ל</UnitMeasure>
      <BisWeighted>0</BisWeighted>
      <QtyInPackage>1</QtyInPackage>
      <ItemPrice>4.60</ItemPrice>
      <UnitOfMeasurePrice>2.71</UnitOfMeasurePrice>
      <AllowDiscount>1</AllowDiscount>
      <itemStatus>1</itemStatus>
      <LastUpdateDate />
      <LastUpdateTime />
    </Product>
    <Product>
      <PriceUpdateDate>2015/12/01 09:30</PriceUpdateDate>
      <ItemCode>7290104066566</ItemCode>
      <ItemType>1</ItemType>
      <ItemName>טחינה משומשום מלא אחלה (500 גרם)</ItemName>
      <ManufactureName>שטראוס גרופ בעמ/מצונן</ManufactureName>
      <ManufactureCountry />
      <ManufactureItemDescription />
      <UnitQty>יח`</UnitQty>
      <Quantity>500</Quantity>
      <UnitMeasure>גרם</UnitMeasure>
      <BisWeighted>0</BisWeighted>
      <QtyInPackage>1</QtyInPackage>
      <ItemPrice>14.90</ItemPrice>
      <UnitOfMeasurePrice>2.98</UnitOfMeasurePrice>
      <AllowDiscount>0</AllowDiscount>
      <itemStatus>1</itemStatus>
      <LastUpdateDate />
      <LastUpdateTime />
    </Product>
    <Product>
      <PriceUpdateDate>2015/09/29 15:29</PriceUpdateDate>
      <ItemCode>7290104067198</ItemCode>
      <ItemType>1</ItemType>
      <ItemName>ספלנדיד תפוז בדצ</ItemName>
      <ManufactureName>שטראוס גרופ בעמ</ManufactureName>
      <ManufactureCountry />
      <ManufactureItemDescription />
      <UnitQty>יח`</UnitQty>
      <Quantity>100</Quantity>
      <UnitMeasure>גרם</UnitMeasure>
      <BisWeighted>0</BisWeighted>
      <QtyInPackage>1</QtyInPackage>
      <ItemPrice>10.90</ItemPrice>
      <UnitOfMeasurePrice>10.90</UnitOfMeasurePrice>
      <AllowDiscount>0</AllowDiscount>
      <itemStatus>1</itemStatus>
      <LastUpdateDate />
      <LastUpdateTime />
    </Product>
    <Product>
      <PriceUpdateDate>2013/11/14 11:51</PriceUpdateDate>
      <ItemCode>7290104501661</ItemCode>
      <ItemType>1</ItemType>
      <ItemName>פודינג בטעם וניל צרפתי 80  גר`אסם</ItemName>
      <ManufactureName>קבוצת אסם סחר שות. מוגבלת</ManufactureName>
      <ManufactureCountry />
      <ManufactureItemDescription />
      <UnitQty>יח`</UnitQty>
      <Quantity>80</Quantity>
      <UnitMeasure>גרם</UnitMeasure>
      <BisWeighted>0</BisWeighted>
      <QtyInPackage>1</QtyInPackage>
      <ItemPrice>5.90</ItemPrice>
      <UnitOfMeasurePrice>7.38</UnitOfMeasurePrice>
      <AllowDiscount>0</AllowDiscount>
      <itemStatus>1</itemStatus>
      <LastUpdateDate />
      <LastUpdateTime />
    </Product>
    <Product>
      <PriceUpdateDate>2018/06/03 09:08</PriceUpdateDate>
      <ItemCode>7290104501784</ItemCode>
      <ItemType>1</ItemType>
      <ItemName>מיני מאפינס שוקו צ`יפס בונז`ור</ItemName>
      <ManufactureName>קבוצת אסם סחר שות. מוגבלת</ManufactureName>
      <ManufactureCountry />
      <ManufactureItemDescription />
      <UnitQty>יח`</UnitQty>
      <Quantity>1</Quantity>
      <UnitMeasure />
      <BisWeighted>0</BisWeighted>
      <QtyInPackage>1</QtyInPackage>
      <ItemPrice>8.50</ItemPrice>
      <UnitOfMeasurePrice>8.50</UnitOfMeasurePrice>
      <AllowDiscount>0</AllowDiscount>
      <itemStatus>1</itemStatus>
      <LastUpdateDate />
      <LastUpdateTime />
    </Product>
    <Product>
      <PriceUpdateDate>2015/12/01 18:43</PriceUpdateDate>
      <ItemCode>7290104503184</ItemCode>
      <ItemType>1</ItemType>
      <ItemName>עוגת הבית בראוניס שבת שוקולד ריבת חלב 38</ItemName>
      <ManufactureName>קבוצת אסם סחר שות. מוגבלת</ManufactureName>
      <ManufactureCountry />
      <ManufactureItemDescription />
      <UnitQty>יח`</UnitQty>
      <Quantity>380</Quantity>
      <UnitMeasure>גרם</UnitMeasure>
      <BisWeighted>0</BisWeighted>
      <QtyInPackage>1</QtyInPackage>
      <ItemPrice>18.90</ItemPrice>
      <UnitOfMeasurePrice>4.97</UnitOfMeasurePrice>
      <AllowDiscount>0</AllowDiscount>
      <itemStatus>1</itemStatus>
      <LastUpdateDate />
      <LastUpdateTime />
    </Product>
    <Product>
      <PriceUpdateDate>2014/04/13 13:35</PriceUpdateDate>
      <ItemCode>7290104504228</ItemCode>
      <ItemType>1</ItemType>
      <ItemName>דובונים חטיף תפוחי אדמה אסם (20x5 גרם)</ItemName>
      <ManufactureName>קבוצת אסם סחר שות. מוגבלת</ManufactureName>
      <ManufactureCountry />
      <ManufactureItemDescription />
      <UnitQty>יח`</UnitQty>
      <Quantity>100</Quantity>
      <UnitMeasure>גרם</UnitMeasure>
      <BisWeighted>0</BisWeighted>
      <QtyInPackage>1</QtyInPackage>
      <ItemPrice>13.90</ItemPrice>
      <UnitOfMeasurePrice>13.90</UnitOfMeasurePrice>
      <AllowDiscount>1</AllowDiscount>
      <itemStatus>1</itemStatus>
      <LastUpdateDate />
      <LastUpdateTime />
    </Product>
    <Product>
      <PriceUpdateDate>2014/08/07 20:28</PriceUpdateDate>
      <ItemCode>7290104508202</ItemCode>
      <ItemType>1</ItemType>
      <ItemName>גביעי גלידה אמריקאים אסם) (24</ItemName>
      <ManufactureName>קבוצת אסם סחר שות. מוגבלת</ManufactureName>
      <ManufactureCountry />
      <ManufactureItemDescription />
      <UnitQty>יח`</UnitQty>
      <Quantity>120</Quantity>
      <UnitMeasure>גרם</UnitMeasure>
      <BisWeighted>0</BisWeighted>
      <QtyInPackage>1</QtyInPackage>
      <ItemPrice>13.90</ItemPrice>
      <UnitOfMeasurePrice>11.58</UnitOfMeasurePrice>
      <AllowDiscount>0</AllowDiscount>
      <itemStatus>1</itemStatus>
      <LastUpdateDate />
      <LastUpdateTime />
    </Product>
    <Product>
      <PriceUpdateDate>2015/12/01 08:27</PriceUpdateDate>
      <ItemCode>7290104508943</ItemCode>
      <ItemType>1</ItemType>
      <ItemName>במבה אסם (200 גרם)</ItemName>
      <ManufactureName>קבוצת אסם סחר שות. מוגבלת</ManufactureName>
      <ManufactureCountry />
      <ManufactureItemDescription />
      <UnitQty>יח`</UnitQty>
      <Quantity>200</Quantity>
      <UnitMeasure>גרם</UnitMeasure>
      <BisWeighted>0</BisWeighted>
      <QtyInPackage>1</QtyInPackage>
      <ItemPrice>9.90</ItemPrice>
      <UnitOfMeasurePrice>4.95</UnitOfMeasurePrice>
      <AllowDiscount>0</AllowDiscount>
      <itemStatus>1</itemStatus>
      <LastUpdateDate />
      <LastUpdateTime />
    </Product>
    <Product>
      <PriceUpdateDate>2018/10/25 06:57</PriceUpdateDate>
      <ItemCode>7290104570162</ItemCode>
      <ItemType>1</ItemType>
      <ItemName>תמר כבוש 500 גר` בית שאן שוקחה</ItemName>
      <ManufactureName>בני ג`ורג` שוקחה (חיפה) בעמ</ManufactureName>
      <ManufactureCountry />
      <ManufactureItemDescription />
      <UnitQty>יח`</UnitQty>
      <Quantity>500</Quantity>
      <UnitMeasure>גרם</UnitMeasure>
      <BisWeighted>0</BisWeighted>
      <QtyInPackage>1</QtyInPackage>
      <ItemPrice>12.90</ItemPrice>
      <UnitOfMeasurePrice>2.58</UnitOfMeasurePrice>
      <AllowDiscount>0</AllowDiscount>
      <itemStatus>1</itemStatus>
      <LastUpdateDate />
      <LastUpdateTime />
    </Product>
    <Product>
      <PriceUpdateDate>2015/12/01 09:30</PriceUpdateDate>
      <ItemCode>7290104721533</ItemCode>
      <ItemType>1</ItemType>
      <ItemName>רצועות פלפלים קלויים אחלה (400 גרם)</ItemName>
      <ManufactureName>שטראוס גרופ בעמ/מצונן</ManufactureName>
      <ManufactureCountry />
      <ManufactureItemDescription />
      <UnitQty>יח`</UnitQty>
      <Quantity>400</Quantity>
      <UnitMeasure>גרם</UnitMeasure>
      <BisWeighted>0</BisWeighted>
      <QtyInPackage>1</QtyInPackage>
      <ItemPrice>16.50</ItemPrice>
      <UnitOfMeasurePrice>4.13</UnitOfMeasurePrice>
      <AllowDiscount>0</AllowDiscount>
      <itemStatus>1</itemStatus>
      <LastUpdateDate />
      <LastUpdateTime />
    </Product>
    <Product>
      <PriceUpdateDate>2015/04/29 11:26</PriceUpdateDate>
      <ItemCode>7290104721762</ItemCode>
      <ItemType>1</ItemType>
      <ItemName>קפה טורקי עלית (85x3 גרם)</ItemName>
      <ManufactureName>שטראוס גרופ בעמ</ManufactureName>
      <ManufactureCountry />
      <ManufactureItemDescription />
      <UnitQty>יח`</UnitQty>
      <Quantity>255</Quantity>
      <UnitMeasure>גרם</UnitMeasure>
      <BisWeighted>0</BisWeighted>
      <QtyInPackage>1</QtyInPackage>
      <ItemPrice>19.90</ItemPrice>
      <UnitOfMeasurePrice>7.80</UnitOfMeasurePrice>
      <AllowDiscount>0</AllowDiscount>
      <itemStatus>1</itemStatus>
      <LastUpdateDate />
      <LastUpdateTime />
    </Product>
    <Product>
      <PriceUpdateDate>2018/05/13 10:35</PriceUpdateDate>
      <ItemCode>7290104722219</ItemCode>
      <ItemType>1</ItemType>
      <ItemName>עוגת שוקולד עם קרם שוקולד</ItemName>
      <ManufactureName>שטראוס גרופ בעמ</ManufactureName>
      <ManufactureCountry />
      <ManufactureItemDescription />
      <UnitQty>יח`</UnitQty>
      <Quantity>330</Quantity>
      <UnitMeasure>גרם</UnitMeasure>
      <BisWeighted>0</BisWeighted>
      <QtyInPackage>1</QtyInPackage>
      <ItemPrice>17.90</ItemPrice>
      <UnitOfMeasurePrice>5.42</UnitOfMeasurePrice>
      <AllowDiscount>1</AllowDiscount>
      <itemStatus>1</itemStatus>
      <LastUpdateDate />
      <LastUpdateTime />
    </Product>
    <Product>
      <PriceUpdateDate>2013/12/18 11:59</PriceUpdateDate>
      <ItemCode>7290104722530</ItemCode>
      <ItemType>1</ItemType>
      <ItemName>תפוצ`יפס 200 גר` שמנת בצל</ItemName>
      <ManufactureName>שטראוס פריטו ליי בעמ</ManufactureName>
      <ManufactureCountry />
      <ManufactureItemDescription />
      <UnitQty>יח`</UnitQty>
      <Quantity>200</Quantity>
      <UnitMeasure>גרם</UnitMeasure>
      <BisWeighted>0</BisWeighted>
      <QtyInPackage>1</QtyInPackage>
      <ItemPrice>10.90</ItemPrice>
      <UnitOfMeasurePrice>5.45</UnitOfMeasurePrice>
      <AllowDiscount>1</AllowDiscount>
      <itemStatus>1</itemStatus>
      <LastUpdateDate />
      <LastUpdateTime />
    </Product>
    <Product>
      <PriceUpdateDate>2015/04/13 10:34</PriceUpdateDate>
      <ItemCode>7290104726262</ItemCode>
      <ItemType>1</ItemType>
      <ItemName>מארז 4 דני לשתייה</ItemName>
      <ManufactureName>שטראוס גרופ בעמ/מצונן</ManufactureName>
      <ManufactureCountry />
      <ManufactureItemDescription />
      <UnitQty>יח`</UnitQty>
      <Quantity>500</Quantity>
      <UnitMeasure>גרם</UnitMeasure>
      <BisWeighted>0</BisWeighted>
      <QtyInPackage>1</QtyInPackage>
      <ItemPrice>11</ItemPrice>
      <UnitOfMeasurePrice>2.20</UnitOfMeasurePrice>
      <AllowDiscount>0</AllowDiscount>
      <itemStatus>1</itemStatus>
      <LastUpdateDate />
      <LastUpdateTime />
    </Product>
    <Product>
      <PriceUpdateDate>2019/09/03 09:09</PriceUpdateDate>
      <ItemCode>7290104726712</ItemCode>
      <ItemType>1</ItemType>
      <ItemName>מילקי שמיניה</ItemName>
      <ManufactureName>שטראוס גרופ בעמ/מצונן</ManufactureName>
      <ManufactureCountry />
      <ManufactureItemDescription />
      <UnitQty>יח`</UnitQty>
      <Quantity>868</Quantity>
      <UnitMeasure>מ"ל</UnitMeasure>
      <BisWeighted>0</BisWeighted>
      <QtyInPackage>1</QtyInPackage>
      <ItemPrice>19.90</ItemPrice>
      <UnitOfMeasurePrice>2.29</UnitOfMeasurePrice>
      <AllowDiscount>0</AllowDiscount>
      <itemStatus>1</itemStatus>
      <LastUpdateDate />
      <LastUpdateTime />
    </Product>
    <Product>
      <PriceUpdateDate>2015/10/06 07:56</PriceUpdateDate>
      <ItemCode>7290104727726</ItemCode>
      <ItemType>1</ItemType>
      <ItemName>שוקולד מריר עלית (100x5 גרם)</ItemName>
      <ManufactureName>שטראוס גרופ בעמ</ManufactureName>
      <ManufactureCountry />
      <ManufactureItemDescription />
      <UnitQty>יח`</UnitQty>
      <Quantity>500</Quantity>
      <UnitMeasure>גרם</UnitMeasure>
      <BisWeighted>0</BisWeighted>
      <QtyInPackage>1</QtyInPackage>
      <ItemPrice>22.90</ItemPrice>
      <UnitOfMeasurePrice>4.58</UnitOfMeasurePrice>
      <AllowDiscount>0</AllowDiscount>
      <itemStatus>1</itemStatus>
      <LastUpdateDate />
      <LastUpdateTime />
    </Product>
    <Product>
      <PriceUpdateDate>2015/12/01 12:47</PriceUpdateDate>
      <ItemCode>7290104728242</ItemCode>
      <ItemType>1</ItemType>
      <ItemName>צ`יקו להכנת משקה צ`יקוריה עלית (130 גרם)</ItemName>
      <ManufactureName>שטראוס גרופ בעמ</ManufactureName>
      <ManufactureCountry />
      <ManufactureItemDescription />
      <UnitQty>יח`</UnitQty>
      <Quantity>130</Quantity>
      <UnitMeasure>גרם</UnitMeasure>
      <BisWeighted>0</BisWeighted>
      <QtyInPackage>1</QtyInPackage>
      <ItemPrice>24.90</ItemPrice>
      <UnitOfMeasurePrice>19.15</UnitOfMeasurePrice>
      <AllowDiscount>0</AllowDiscount>
      <itemStatus>1</itemStatus>
      <LastUpdateDate />
      <LastUpdateTime />
    </Product>
    <Product>
      <PriceUpdateDate>2019/03/24 10:34</PriceUpdateDate>
      <ItemCode>7290104729003</ItemCode>
      <ItemType>1</ItemType>
      <ItemName>שמן זית כתית מעולה יד מרדכי (750 מל)</ItemName>
      <ManufactureName>שטראוס גרופ בעמ</ManufactureName>
      <ManufactureCountry />
      <ManufactureItemDescription />
      <UnitQty>יח`</UnitQty>
      <Quantity>750</Quantity>
      <UnitMeasure>מ"ל</UnitMeasure>
      <BisWeighted>0</BisWeighted>
      <QtyInPackage>1</QtyInPackage>
      <ItemPrice>32.90</ItemPrice>
      <UnitOfMeasurePrice>4.39</UnitOfMeasurePrice>
      <AllowDiscount>1</AllowDiscount>
      <itemStatus>1</itemStatus>
      <LastUpdateDate />
      <LastUpdateTime />
    </Product>
    <Product>
      <PriceUpdateDate>2015/10/06 07:56</PriceUpdateDate>
      <ItemCode>7290104729492</ItemCode>
      <ItemType>1</ItemType>
      <ItemName>שוקולד פרה חלב עלית (100x5 גרם)</ItemName>
      <ManufactureName>שטראוס גרופ בעמ</ManufactureName>
      <ManufactureCountry />
      <ManufactureItemDescription />
      <UnitQty>יח`</UnitQty>
      <Quantity>500</Quantity>
      <UnitMeasure>גרם</UnitMeasure>
      <BisWeighted>0</BisWeighted>
      <QtyInPackage>1</QtyInPackage>
      <ItemPrice>22.90</ItemPrice>
      <UnitOfMeasurePrice>4.58</UnitOfMeasurePrice>
      <AllowDiscount>0</AllowDiscount>
      <itemStatus>1</itemStatus>
      <LastUpdateDate />
      <LastUpdateTime />
    </Product>
    <Product>
      <PriceUpdateDate>2019/08/25 15:39</PriceUpdateDate>
      <ItemCode>7290104850868</ItemCode>
      <ItemType>1</ItemType>
      <ItemName>צלחות ענק קרם) (25 פאלאס</ItemName>
      <ManufactureName>פאלאס תעשיות נטו (2014) בעמ</ManufactureName>
      <ManufactureCountry />
      <ManufactureItemDescription />
      <UnitQty>יח`</UnitQty>
      <Quantity>1</Quantity>
      <UnitMeasure />
      <BisWeighted>0</BisWeighted>
      <QtyInPackage>1</QtyInPackage>
      <ItemPrice>14.90</ItemPrice>
      <UnitOfMeasurePrice>14.90</UnitOfMeasurePrice>
      <AllowDiscount>1</AllowDiscount>
      <itemStatus>1</itemStatus>
      <LastUpdateDate />
      <LastUpdateTime />
    </Product>
    <Product>
      <PriceUpdateDate>2019/08/26 12:16</PriceUpdateDate>
      <ItemCode>7290104850981</ItemCode>
      <ItemType>1</ItemType>
      <ItemName>צלחת גדולה קרם 25 יח פאלאס</ItemName>
      <ManufactureName>פאלאס תעשיות נטו (2014) בעמ</ManufactureName>
      <ManufactureCountry />
      <ManufactureItemDescription />
      <UnitQty>יח`</UnitQty>
      <Quantity>1</Quantity>
      <UnitMeasure />
      <BisWeighted>0</BisWeighted>
      <QtyInPackage>1</QtyInPackage>
      <ItemPrice>8.90</ItemPrice>
      <UnitOfMeasurePrice>8.90</UnitOfMeasurePrice>
      <AllowDiscount>1</AllowDiscount>
      <itemStatus>1</itemStatus>
      <LastUpdateDate />
      <LastUpdateTime />
    </Product>
    <Product>
      <PriceUpdateDate>2019/08/26 12:16</PriceUpdateDate>
      <ItemCode>7290104850998</ItemCode>
      <ItemType>1</ItemType>
      <ItemName>צלחת גדולה זהב 25 יח פאלאס</ItemName>
      <ManufactureName>פאלאס תעשיות נטו (2014) בעמ</ManufactureName>
      <ManufactureCountry />
      <ManufactureItemDescription />
      <UnitQty>יח`</UnitQty>
      <Quantity>1</Quantity>
      <UnitMeasure />
      <BisWeighted>0</BisWeighted>
      <QtyInPackage>1</QtyInPackage>
      <ItemPrice>8.90</ItemPrice>
      <UnitOfMeasurePrice>8.90</UnitOfMeasurePrice>
      <AllowDiscount>1</AllowDiscount>
      <itemStatus>1</itemStatus>
      <LastUpdateDate />
      <LastUpdateTime />
    </Product>
    <Product>
      <PriceUpdateDate>2019/08/26 12:16</PriceUpdateDate>
      <ItemCode>7290104851223</ItemCode>
      <ItemType>1</ItemType>
      <ItemName>צלחת מרק קרם 25 יח פאלאס</ItemName>
      <ManufactureName>פאלאס תעשיות נטו (2014) בעמ</ManufactureName>
      <ManufactureCountry />
      <ManufactureItemDescription />
      <UnitQty>יח`</UnitQty>
      <Quantity>1</Quantity>
      <UnitMeasure />
      <BisWeighted>0</BisWeighted>
      <QtyInPackage>1</QtyInPackage>
      <ItemPrice>6.90</ItemPrice>
      <UnitOfMeasurePrice>6.90</UnitOfMeasurePrice>
      <AllowDiscount>1</AllowDiscount>
      <itemStatus>1</itemStatus>
      <LastUpdateDate />
      <LastUpdateTime />
    </Product>
    <Product>
      <PriceUpdateDate>2017/02/05 09:56</PriceUpdateDate>
      <ItemCode>7290104852176</ItemCode>
      <ItemType>1</ItemType>
      <ItemName>נר נשמה בפחית פאלאס</ItemName>
      <ManufactureName>פאלאס תעשיות נטו (2014) בעמ</ManufactureName>
      <ManufactureCountry />
      <ManufactureItemDescription />
      <UnitQty>יח`</UnitQty>
      <Quantity>1</Quantity>
      <UnitMeasure />
      <BisWeighted>0</BisWeighted>
      <QtyInPackage>1</QtyInPackage>
      <ItemPrice>1.90</ItemPrice>
      <UnitOfMeasurePrice>1.90</UnitOfMeasurePrice>
      <AllowDiscount>0</AllowDiscount>
      <itemStatus>1</itemStatus>
      <LastUpdateDate />
      <LastUpdateTime />
    </Product>
    <Product>
      <PriceUpdateDate>2017/02/08 08:19</PriceUpdateDate>
      <ItemCode>7290104852442</ItemCode>
      <ItemType>1</ItemType>
      <ItemName>נרות שבת 10 יח 140 גר</ItemName>
      <ManufactureName>פאלאס תעשיות נטו (2014) בעמ</ManufactureName>
      <ManufactureCountry />
      <ManufactureItemDescription />
      <UnitQty>יח`</UnitQty>
      <Quantity>140</Quantity>
      <UnitMeasure>גרם</UnitMeasure>
      <BisWeighted>0</BisWeighted>
      <QtyInPackage>1</QtyInPackage>
      <ItemPrice>3.90</ItemPrice>
      <UnitOfMeasurePrice>2.79</UnitOfMeasurePrice>
      <AllowDiscount>0</AllowDiscount>
      <itemStatus>1</itemStatus>
      <LastUpdateDate />
      <LastUpdateTime />
    </Product>
    <Product>
      <PriceUpdateDate>2017/02/08 08:19</PriceUpdateDate>
      <ItemCode>7290104852466</ItemCode>
      <ItemType>1</ItemType>
      <ItemName>נרות שבת 16 יח 140 גר</ItemName>
      <ManufactureName>פאלאס תעשיות נטו (2014) בעמ</ManufactureName>
      <ManufactureCountry />
      <ManufactureItemDescription />
      <UnitQty>יח`</UnitQty>
      <Quantity>140</Quantity>
      <UnitMeasure>גרם</UnitMeasure>
      <BisWeighted>0</BisWeighted>
      <QtyInPackage>1</QtyInPackage>
      <ItemPrice>3.90</ItemPrice>
      <UnitOfMeasurePrice>2.79</UnitOfMeasurePrice>
      <AllowDiscount>0</AllowDiscount>
      <itemStatus>1</itemStatus>
      <LastUpdateDate />
      <LastUpdateTime />
    </Product>
    <Product>
      <PriceUpdateDate>2017/04/07 10:22</PriceUpdateDate>
      <ItemCode>7290104855122</ItemCode>
      <ItemType>1</ItemType>
      <ItemName>כוסות נייר b8 פאלאס (50)</ItemName>
      <ManufactureName>פאלאס תעשיות נטו (2014) בעמ</ManufactureName>
      <ManufactureCountry />
      <ManufactureItemDescription />
      <UnitQty>יח`</UnitQty>
      <Quantity>50</Quantity>
      <UnitMeasure>יח`</UnitMeasure>
      <BisWeighted>0</BisWeighted>
      <QtyInPackage>1</QtyInPackage>
      <ItemPrice>7.90</ItemPrice>
      <UnitOfMeasurePrice>0.16</UnitOfMeasurePrice>
      <AllowDiscount>1</AllowDiscount>
      <itemStatus>1</itemStatus>
      <LastUpdateDate />
      <LastUpdateTime />
    </Product>
    <Product>
      <PriceUpdateDate>2016/06/09 09:29</PriceUpdateDate>
      <ItemCode>7290104855504</ItemCode>
      <ItemType>1</ItemType>
      <ItemName>תבניות איגליש רחב עבות במיוחד 4 יח לפיד</ItemName>
      <ManufactureName>פאלאס תעשיות נטו (2014) בעמ</ManufactureName>
      <ManufactureCountry />
      <ManufactureItemDescription />
      <UnitQty>יח`</UnitQty>
      <Quantity>4</Quantity>
      <UnitMeasure>יח`</UnitMeasure>
      <BisWeighted>0</BisWeighted>
      <QtyInPackage>1</QtyInPackage>
      <ItemPrice>9.90</ItemPrice>
      <UnitOfMeasurePrice>2.48</UnitOfMeasurePrice>
      <AllowDiscount>0</AllowDiscount>
      <itemStatus>1</itemStatus>
      <LastUpdateDate />
      <LastUpdateTime />
    </Product>
    <Product>
      <PriceUpdateDate>2018/05/07 13:25</PriceUpdateDate>
      <ItemCode>7290104855535</ItemCode>
      <ItemType>1</ItemType>
      <ItemName>תבניות אלומיניום אפייה עבות במיוחד 2 יח</ItemName>
      <ManufactureName>פאלאס תעשיות נטו (2014) בעמ</ManufactureName>
      <ManufactureCountry />
      <ManufactureItemDescription />
      <UnitQty>יח`</UnitQty>
      <Quantity>2</Quantity>
      <UnitMeasure>יח`</UnitMeasure>
      <BisWeighted>0</BisWeighted>
      <QtyInPackage>1</QtyInPackage>
      <ItemPrice>9.90</ItemPrice>
      <UnitOfMeasurePrice>4.95</UnitOfMeasurePrice>
      <AllowDiscount>0</AllowDiscount>
      <itemStatus>1</itemStatus>
      <LastUpdateDate />
      <LastUpdateTime />
    </Product>
    <Product>
      <PriceUpdateDate>2016/06/09 09:29</PriceUpdateDate>
      <ItemCode>7290104855542</ItemCode>
      <ItemType>1</ItemType>
      <ItemName>תבניות אפייה גדולות עבות במיוחד 2 יח ל</ItemName>
      <ManufactureName>פאלאס תעשיות נטו (2014) בעמ</ManufactureName>
      <ManufactureCountry />
      <ManufactureItemDescription />
      <UnitQty>יח`</UnitQty>
      <Quantity>2</Quantity>
      <UnitMeasure>יח`</UnitMeasure>
      <BisWeighted>0</BisWeighted>
      <QtyInPackage>1</QtyInPackage>
      <ItemPrice>9.90</ItemPrice>
      <UnitOfMeasurePrice>4.95</UnitOfMeasurePrice>
      <AllowDiscount>0</AllowDiscount>
      <itemStatus>1</itemStatus>
      <LastUpdateDate />
      <LastUpdateTime />
    </Product>
    <Product>
      <PriceUpdateDate>2016/06/01 08:10</PriceUpdateDate>
      <ItemCode>7290104857041</ItemCode>
      <ItemType>1</ItemType>
      <ItemName>כוסות חד פעמיות לשתיה קרה פאלאס (100)</ItemName>
      <ManufactureName>פאלאס תעשיות נטו (2014) בעמ</ManufactureName>
      <ManufactureCountry />
      <ManufactureItemDescription />
      <UnitQty>יח`</UnitQty>
      <Quantity>1</Quantity>
      <UnitMeasure />
      <BisWeighted>0</BisWeighted>
      <QtyInPackage>1</QtyInPackage>
      <ItemPrice>3.90</ItemPrice>
      <UnitOfMeasurePrice>3.90</UnitOfMeasurePrice>
      <AllowDiscount>1</AllowDiscount>
      <itemStatus>1</itemStatus>
      <LastUpdateDate />
      <LastUpdateTime />
    </Product>
    <Product>
      <PriceUpdateDate>2016/06/09 09:29</PriceUpdateDate>
      <ItemCode>7290104857119</ItemCode>
      <ItemType>1</ItemType>
      <ItemName>צלחות גדולות קלאסיק למיקרוגל לפיד (100)</ItemName>
      <ManufactureName>פאלאס תעשיות נטו (2014) בעמ</ManufactureName>
      <ManufactureCountry />
      <ManufactureItemDescription />
      <UnitQty>יח`</UnitQty>
      <Quantity>100</Quantity>
      <UnitMeasure>יח`</UnitMeasure>
      <BisWeighted>0</BisWeighted>
      <QtyInPackage>1</QtyInPackage>
      <ItemPrice>24.90</ItemPrice>
      <UnitOfMeasurePrice>0.25</UnitOfMeasurePrice>
      <AllowDiscount>1</AllowDiscount>
      <itemStatus>1</itemStatus>
      <LastUpdateDate />
      <LastUpdateTime />
    </Product>
    <Product>
      <PriceUpdateDate>2016/06/09 09:29</PriceUpdateDate>
      <ItemCode>7290104857126</ItemCode>
      <ItemType>1</ItemType>
      <ItemName>צלחות מרק 100 יח קלאסיק לפיד למיקרוגל</ItemName>
      <ManufactureName>פאלאס תעשיות נטו (2014) בעמ</ManufactureName>
      <ManufactureCountry />
      <ManufactureItemDescription />
      <UnitQty>יח`</UnitQty>
      <Quantity>100</Quantity>
      <UnitMeasure>יח`</UnitMeasure>
      <BisWeighted>0</BisWeighted>
      <QtyInPackage>1</QtyInPackage>
      <ItemPrice>17.90</ItemPrice>
      <UnitOfMeasurePrice>0.18</UnitOfMeasurePrice>
      <AllowDiscount>1</AllowDiscount>
      <itemStatus>1</itemStatus>
      <LastUpdateDate />
      <LastUpdateTime />
    </Product>
    <Product>
      <PriceUpdateDate>2018/08/28 06:40</PriceUpdateDate>
      <ItemCode>7290104857515</ItemCode>
      <ItemType>1</ItemType>
      <ItemName>צלחות מרק דאיימונד  שקוף+ פס כסף 10 יח</ItemName>
      <ManufactureName>פאלאס תעשיות נטו (2014) בעמ</ManufactureName>
      <ManufactureCountry />
      <ManufactureItemDescription />
      <UnitQty>יח`</UnitQty>
      <Quantity>1</Quantity>
      <UnitMeasure />
      <BisWeighted>0</BisWeighted>
      <QtyInPackage>1</QtyInPackage>
      <ItemPrice>16.90</ItemPrice>
      <UnitOfMeasurePrice>16.90</UnitOfMeasurePrice>
      <AllowDiscount>0</AllowDiscount>
      <itemStatus>1</itemStatus>
      <LastUpdateDate />
      <LastUpdateTime />
    </Product>
    <Product>
      <PriceUpdateDate>2017/01/17 08:19</PriceUpdateDate>
      <ItemCode>7290104858161</ItemCode>
      <ItemType>1</ItemType>
      <ItemName>כוסות קרטון לשתיה חמה אספרסו פאלאס) (50</ItemName>
      <ManufactureName>פאלאס תעשיות נטו (2014) בעמ</ManufactureName>
      <ManufactureCountry />
      <ManufactureItemDescription />
      <UnitQty>יח`</UnitQty>
      <Quantity>1</Quantity>
      <UnitMeasure />
      <BisWeighted>0</BisWeighted>
      <QtyInPackage>1</QtyInPackage>
      <ItemPrice>5.90</ItemPrice>
      <UnitOfMeasurePrice>5.90</UnitOfMeasurePrice>
      <AllowDiscount>0</AllowDiscount>
      <itemStatus>1</itemStatus>
      <LastUpdateDate />
      <LastUpdateTime />
    </Product>
    <Product>
      <PriceUpdateDate>2017/02/06 09:24</PriceUpdateDate>
      <ItemCode>7290104858406</ItemCode>
      <ItemType>1</ItemType>
      <ItemName>פתיל צף משושה 50 יח</ItemName>
      <ManufactureName>פאלאס תעשיות נטו (2014) בעמ</ManufactureName>
      <ManufactureCountry />
      <ManufactureItemDescription />
      <UnitQty>יח`</UnitQty>
      <Quantity>1</Quantity>
      <UnitMeasure />
      <BisWeighted>0</BisWeighted>
      <QtyInPackage>1</QtyInPackage>
      <ItemPrice>3.90</ItemPrice>
      <UnitOfMeasurePrice>3.90</UnitOfMeasurePrice>
      <AllowDiscount>0</AllowDiscount>
      <itemStatus>1</itemStatus>
      <LastUpdateDate />
      <LastUpdateTime />
    </Product>
    <Product>
      <PriceUpdateDate>2019/02/13 18:55</PriceUpdateDate>
      <ItemCode>7290104858611</ItemCode>
      <ItemType>1</ItemType>
      <ItemName>סכין פלטינום 50 יח פאלאס</ItemName>
      <ManufactureName>פאלאס תעשיות נטו (2014) בעמ</ManufactureName>
      <ManufactureCountry />
      <ManufactureItemDescription />
      <UnitQty>יח`</UnitQty>
      <Quantity>1</Quantity>
      <UnitMeasure />
      <BisWeighted>0</BisWeighted>
      <QtyInPackage>1</QtyInPackage>
      <ItemPrice>6.90</ItemPrice>
      <UnitOfMeasurePrice>6.90</UnitOfMeasurePrice>
      <AllowDiscount>1</AllowDiscount>
      <itemStatus>1</itemStatus>
      <LastUpdateDate />
      <LastUpdateTime />
    </Product>
    <Product>
      <PriceUpdateDate>2017/09/10 08:13</PriceUpdateDate>
      <ItemCode>7290104858789</ItemCode>
      <ItemType>1</ItemType>
      <ItemName>כוסיות  יין- 50 יח פאלאס</ItemName>
      <ManufactureName>פאלאס תעשיות נטו (2014) בעמ</ManufactureName>
      <ManufactureCountry />
      <ManufactureItemDescription />
      <UnitQty>יח`</UnitQty>
      <Quantity>1</Quantity>
      <UnitMeasure />
      <BisWeighted>0</BisWeighted>
      <QtyInPackage>1</QtyInPackage>
      <ItemPrice>7.90</ItemPrice>
      <UnitOfMeasurePrice>7.90</UnitOfMeasurePrice>
      <AllowDiscount>0</AllowDiscount>
      <itemStatus>1</itemStatus>
      <LastUpdateDate />
      <LastUpdateTime />
    </Product>
    <Product>
      <PriceUpdateDate>2019/05/08 08:23</PriceUpdateDate>
      <ItemCode>7290104858895</ItemCode>
      <ItemType>1</ItemType>
      <ItemName>כוסות קריסטל 500 מל 12 יח</ItemName>
      <ManufactureName>פאלאס תעשיות נטו (2014) בעמ</ManufactureName>
      <ManufactureCountry />
      <ManufactureItemDescription />
      <UnitQty>יח`</UnitQty>
      <Quantity>1</Quantity>
      <UnitMeasure />
      <BisWeighted>0</BisWeighted>
      <QtyInPackage>1</QtyInPackage>
      <ItemPrice>9.90</ItemPrice>
      <UnitOfMeasurePrice>9.90</UnitOfMeasurePrice>
      <AllowDiscount>0</AllowDiscount>
      <itemStatus>1</itemStatus>
      <LastUpdateDate />
      <LastUpdateTime />
    </Product>
    <Product>
      <PriceUpdateDate>2017/12/17 08:20</PriceUpdateDate>
      <ItemCode>7290104859779</ItemCode>
      <ItemType>1</ItemType>
      <ItemName>כוסות שתיה קרה 330 מל 40 יח</ItemName>
      <ManufactureName>פאלאס תעשיות נטו (2014) בעמ</ManufactureName>
      <ManufactureCountry />
      <ManufactureItemDescription />
      <UnitQty>יח`</UnitQty>
      <Quantity>1</Quantity>
      <UnitMeasure />
      <BisWeighted>0</BisWeighted>
      <QtyInPackage>1</QtyInPackage>
      <ItemPrice>5.90</ItemPrice>
      <UnitOfMeasurePrice>5.90</UnitOfMeasurePrice>
      <AllowDiscount>1</AllowDiscount>
      <itemStatus>1</itemStatus>
      <LastUpdateDate />
      <LastUpdateTime />
    </Product>
    <Product>
      <PriceUpdateDate>2018/06/08 09:33</PriceUpdateDate>
      <ItemCode>7290104859809</ItemCode>
      <ItemType>1</ItemType>
      <ItemName>תבנית אלומניום אינגליש R88 פאלאס 14 יח</ItemName>
      <ManufactureName>פאלאס תעשיות נטו (2014) בעמ</ManufactureName>
      <ManufactureCountry />
      <ManufactureItemDescription />
      <UnitQty>יח`</UnitQty>
      <Quantity>1</Quantity>
      <UnitMeasure />
      <BisWeighted>0</BisWeighted>
      <QtyInPackage>1</QtyInPackage>
      <ItemPrice>8.90</ItemPrice>
      <UnitOfMeasurePrice>8.90</UnitOfMeasurePrice>
      <AllowDiscount>1</AllowDiscount>
      <itemStatus>1</itemStatus>
      <LastUpdateDate />
      <LastUpdateTime />
    </Product>
    <Product>
      <PriceUpdateDate>2018/01/07 07:32</PriceUpdateDate>
      <ItemCode>7290104960239</ItemCode>
      <ItemType>1</ItemType>
      <ItemName>תחליב רחצה בניחוח קמומיל נקה 7 (750 מל)</ItemName>
      <ManufactureName>החברה הדרומית לשיווק בעמ</ManufactureName>
      <ManufactureCountry />
      <ManufactureItemDescription />
      <UnitQty>יח`</UnitQty>
      <Quantity>750</Quantity>
      <UnitMeasure>מ"ל</UnitMeasure>
      <BisWeighted>0</BisWeighted>
      <QtyInPackage>1</QtyInPackage>
      <ItemPrice>11.90</ItemPrice>
      <UnitOfMeasurePrice>1.59</UnitOfMeasurePrice>
      <AllowDiscount>1</AllowDiscount>
      <itemStatus>1</itemStatus>
      <LastUpdateDate />
      <LastUpdateTime />
    </Product>
    <Product>
      <PriceUpdateDate>2018/01/07 07:32</PriceUpdateDate>
      <ItemCode>7290104960246</ItemCode>
      <ItemType>1</ItemType>
      <ItemName>תחליב רחצה נקה 7 ורוד ורד</ItemName>
      <ManufactureName>החברה הדרומית לשיווק בעמ</ManufactureName>
      <ManufactureCountry />
      <ManufactureItemDescription />
      <UnitQty>יח`</UnitQty>
      <Quantity>750</Quantity>
      <UnitMeasure>מ"ל</UnitMeasure>
      <BisWeighted>0</BisWeighted>
      <QtyInPackage>1</QtyInPackage>
      <ItemPrice>11.90</ItemPrice>
      <UnitOfMeasurePrice>1.59</UnitOfMeasurePrice>
      <AllowDiscount>1</AllowDiscount>
      <itemStatus>1</itemStatus>
      <LastUpdateDate />
      <LastUpdateTime />
    </Product>
    <Product>
      <PriceUpdateDate>2018/01/07 07:32</PriceUpdateDate>
      <ItemCode>7290104960352</ItemCode>
      <ItemType>1</ItemType>
      <ItemName>תחליב רחצה נקה 7 וניל שקד</ItemName>
      <ManufactureName>החברה הדרומית לשיווק בעמ</ManufactureName>
      <ManufactureCountry />
      <ManufactureItemDescription />
      <UnitQty>יח`</UnitQty>
      <Quantity>750</Quantity>
      <UnitMeasure>מ"ל</UnitMeasure>
      <BisWeighted>0</BisWeighted>
      <QtyInPackage>1</QtyInPackage>
      <ItemPrice>11.90</ItemPrice>
      <UnitOfMeasurePrice>1.59</UnitOfMeasurePrice>
      <AllowDiscount>1</AllowDiscount>
      <itemStatus>1</itemStatus>
      <LastUpdateDate />
      <LastUpdateTime />
    </Product>
    <Product>
      <PriceUpdateDate>2020/05/01 12:30</PriceUpdateDate>
      <ItemCode>7290104961489</ItemCode>
      <ItemType>1</ItemType>
      <ItemName>ספריי תחליב לילדים 300/50</ItemName>
      <ManufactureName>החברה הדרומית לשיווק בעמ</ManufactureName>
      <ManufactureCountry />
      <ManufactureItemDescription />
      <UnitQty>יח`</UnitQty>
      <Quantity>1</Quantity>
      <UnitMeasure />
      <BisWeighted>0</BisWeighted>
      <QtyInPackage>1</QtyInPackage>
      <ItemPrice>49.90</ItemPrice>
      <UnitOfMeasurePrice>49.90</UnitOfMeasurePrice>
      <AllowDiscount>0</AllowDiscount>
      <itemStatus>1</itemStatus>
      <LastUpdateDate />
      <LastUpdateTime />
    </Product>
    <Product>
      <PriceUpdateDate>2019/08/01 10:53</PriceUpdateDate>
      <ItemCode>7290104961526</ItemCode>
      <ItemType>1</ItemType>
      <ItemName>טיטניום ספרי גוף קלאסי 150 מל</ItemName>
      <ManufactureName>החברה הדרומית לשיווק בעמ</ManufactureName>
      <ManufactureCountry />
      <ManufactureItemDescription />
      <UnitQty>יח`</UnitQty>
      <Quantity>150</Quantity>
      <UnitMeasure>מ"ל</UnitMeasure>
      <BisWeighted>0</BisWeighted>
      <QtyInPackage>1</QtyInPackage>
      <ItemPrice>9.90</ItemPrice>
      <UnitOfMeasurePrice>6.60</UnitOfMeasurePrice>
      <AllowDiscount>1</AllowDiscount>
      <itemStatus>1</itemStatus>
      <LastUpdateDate />
      <LastUpdateTime />
    </Product>
    <Product>
      <PriceUpdateDate>2018/01/07 07:32</PriceUpdateDate>
      <ItemCode>7290104961878</ItemCode>
      <ItemType>1</ItemType>
      <ItemName>שמפו קרטין טהור נטורל פורמולה (400 מל)</ItemName>
      <ManufactureName>החברה הדרומית לשיווק בעמ</ManufactureName>
      <ManufactureCountry />
      <ManufactureItemDescription />
      <UnitQty>יח`</UnitQty>
      <Quantity>400</Quantity>
      <UnitMeasure>מ"ל</UnitMeasure>
      <BisWeighted>0</BisWeighted>
      <QtyInPackage>1</QtyInPackage>
      <ItemPrice>29.90</ItemPrice>
      <UnitOfMeasurePrice>7.48</UnitOfMeasurePrice>
      <AllowDiscount>0</AllowDiscount>
      <itemStatus>1</itemStatus>
      <LastUpdateDate />
      <LastUpdateTime />
    </Product>
    <Product>
      <PriceUpdateDate>2018/01/07 07:32</PriceUpdateDate>
      <ItemCode>7290104961885</ItemCode>
      <ItemType>1</ItemType>
      <ItemName>מרכך קרטין נטורל פורמולה (400 מל)</ItemName>
      <ManufactureName>החברה הדרומית לשיווק בעמ</ManufactureName>
      <ManufactureCountry />
      <ManufactureItemDescription />
      <UnitQty>יח`</UnitQty>
      <Quantity>400</Quantity>
      <UnitMeasure>מ"ל</UnitMeasure>
      <BisWeighted>0</BisWeighted>
      <QtyInPackage>1</QtyInPackage>
      <ItemPrice>29.90</ItemPrice>
      <UnitOfMeasurePrice>7.48</UnitOfMeasurePrice>
      <AllowDiscount>0</AllowDiscount>
      <itemStatus>1</itemStatus>
      <LastUpdateDate />
      <LastUpdateTime />
    </Product>
    <Product>
      <PriceUpdateDate>2018/01/07 07:32</PriceUpdateDate>
      <ItemCode>7290104962660</ItemCode>
      <ItemType>1</ItemType>
      <ItemName>דאו ספריי נושם קרליין</ItemName>
      <ManufactureName>החברה הדרומית לשיווק בעמ</ManufactureName>
      <ManufactureCountry />
      <ManufactureItemDescription />
      <UnitQty>יח`</UnitQty>
      <Quantity>200</Quantity>
      <UnitMeasure>מ"ל</UnitMeasure>
      <BisWeighted>0</BisWeighted>
      <QtyInPackage>1</QtyInPackage>
      <ItemPrice>12.90</ItemPrice>
      <UnitOfMeasurePrice>6.45</UnitOfMeasurePrice>
      <AllowDiscount>1</AllowDiscount>
      <itemStatus>1</itemStatus>
      <LastUpdateDate />
      <LastUpdateTime />
    </Product>
    <Product>
      <PriceUpdateDate>2018/01/07 07:32</PriceUpdateDate>
      <ItemCode>7290104963001</ItemCode>
      <ItemType>1</ItemType>
      <ItemName>סופטקר מגבונים רביעייה</ItemName>
      <ManufactureName>החברה הדרומית לשיווק בעמ</ManufactureName>
      <ManufactureCountry />
      <ManufactureItemDescription />
      <UnitQty>יח`</UnitQty>
      <Quantity>1</Quantity>
      <UnitMeasure />
      <BisWeighted>0</BisWeighted>
      <QtyInPackage>1</QtyInPackage>
      <ItemPrice>17.90</ItemPrice>
      <UnitOfMeasurePrice>17.90</UnitOfMeasurePrice>
      <AllowDiscount>0</AllowDiscount>
      <itemStatus>1</itemStatus>
      <LastUpdateDate />
      <LastUpdateTime />
    </Product>
    <Product>
      <PriceUpdateDate>2020/05/01 12:30</PriceUpdateDate>
      <ItemCode>7290104963971</ItemCode>
      <ItemType>1</ItemType>
      <ItemName>סקינגארד סקין ספריי שקוף 300/50</ItemName>
      <ManufactureName>החברה הדרומית לשיווק בעמ</ManufactureName>
      <ManufactureCountry />
      <ManufactureItemDescription />
      <UnitQty>יח`</UnitQty>
      <Quantity>300</Quantity>
      <UnitMeasure>מ"ל</UnitMeasure>
      <BisWeighted>0</BisWeighted>
      <QtyInPackage>1</QtyInPackage>
      <ItemPrice>54.90</ItemPrice>
      <UnitOfMeasurePrice>18.30</UnitOfMeasurePrice>
      <AllowDiscount>0</AllowDiscount>
      <itemStatus>1</itemStatus>
      <LastUpdateDate />
      <LastUpdateTime />
    </Product>
    <Product>
      <PriceUpdateDate>2020/05/01 12:30</PriceUpdateDate>
      <ItemCode>7290104963988</ItemCode>
      <ItemType>1</ItemType>
      <ItemName>סקינגארד רולאון 70/50 מל</ItemName>
      <ManufactureName>החברה הדרומית לשיווק בעמ</ManufactureName>
      <ManufactureCountry />
      <ManufactureItemDescription />
      <UnitQty>יח`</UnitQty>
      <Quantity>1</Quantity>
      <UnitMeasure />
      <BisWeighted>0</BisWeighted>
      <QtyInPackage>1</QtyInPackage>
      <ItemPrice>29.90</ItemPrice>
      <UnitOfMeasurePrice>29.90</UnitOfMeasurePrice>
      <AllowDiscount>0</AllowDiscount>
      <itemStatus>1</itemStatus>
      <LastUpdateDate />
      <LastUpdateTime />
    </Product>
    <Product>
      <PriceUpdateDate>2020/05/01 12:30</PriceUpdateDate>
      <ItemCode>7290104964039</ItemCode>
      <ItemType>1</ItemType>
      <ItemName>תח הגנה 250-50 ילדים s.g</ItemName>
      <ManufactureName>החברה הדרומית לשיווק בעמ</ManufactureName>
      <ManufactureCountry />
      <ManufactureItemDescription />
      <UnitQty>יח`</UnitQty>
      <Quantity>1</Quantity>
      <UnitMeasure />
      <BisWeighted>0</BisWeighted>
      <QtyInPackage>1</QtyInPackage>
      <ItemPrice>41.90</ItemPrice>
      <UnitOfMeasurePrice>41.90</UnitOfMeasurePrice>
      <AllowDiscount>0</AllowDiscount>
      <itemStatus>1</itemStatus>
      <LastUpdateDate />
      <LastUpdateTime />
    </Product>
    <Product>
      <PriceUpdateDate>2020/04/30 17:20</PriceUpdateDate>
      <ItemCode>7290104964718</ItemCode>
      <ItemType>1</ItemType>
      <ItemName>סקינגארד סקין משפחתי 300/50 ווט</ItemName>
      <ManufactureName>החברה הדרומית לשיווק בעמ</ManufactureName>
      <ManufactureCountry />
      <ManufactureItemDescription />
      <UnitQty>יח`</UnitQty>
      <Quantity>300</Quantity>
      <UnitMeasure>מ"ל</UnitMeasure>
      <BisWeighted>0</BisWeighted>
      <QtyInPackage>1</QtyInPackage>
      <ItemPrice>54.90</ItemPrice>
      <UnitOfMeasurePrice>18.30</UnitOfMeasurePrice>
      <AllowDiscount>0</AllowDiscount>
      <itemStatus>1</itemStatus>
      <LastUpdateDate />
      <LastUpdateTime />
    </Product>
    <Product>
      <PriceUpdateDate>2015/05/27 10:44</PriceUpdateDate>
      <ItemCode>7290105360250</ItemCode>
      <ItemType>1</ItemType>
      <ItemName>קפסולות קפה עלית עשיר וארומטי (10)</ItemName>
      <ManufactureName>שטראוס גרופ בעמ</ManufactureName>
      <ManufactureCountry />
      <ManufactureItemDescription />
      <UnitQty>יח`</UnitQty>
      <Quantity>1</Quantity>
      <UnitMeasure />
      <BisWeighted>0</BisWeighted>
      <QtyInPackage>1</QtyInPackage>
      <ItemPrice>16.90</ItemPrice>
      <UnitOfMeasurePrice>16.90</UnitOfMeasurePrice>
      <AllowDiscount>1</AllowDiscount>
      <itemStatus>1</itemStatus>
      <LastUpdateDate />
      <LastUpdateTime />
    </Product>
    <Product>
      <PriceUpdateDate>2015/05/27 10:44</PriceUpdateDate>
      <ItemCode>7290105360328</ItemCode>
      <ItemType>1</ItemType>
      <ItemName>קפסולות 10 חזק ועוצמתי עלית (10)</ItemName>
      <ManufactureName>שטראוס גרופ בעמ</ManufactureName>
      <ManufactureCountry />
      <ManufactureItemDescription />
      <UnitQty>יח`</UnitQty>
      <Quantity>50</Quantity>
      <UnitMeasure>גרם</UnitMeasure>
      <BisWeighted>0</BisWeighted>
      <QtyInPackage>1</QtyInPackage>
      <ItemPrice>16.90</ItemPrice>
      <UnitOfMeasurePrice>33.80</UnitOfMeasurePrice>
      <AllowDiscount>1</AllowDiscount>
      <itemStatus>1</itemStatus>
      <LastUpdateDate />
      <LastUpdateTime />
    </Product>
    <Product>
      <PriceUpdateDate>2015/05/27 10:44</PriceUpdateDate>
      <ItemCode>7290105360335</ItemCode>
      <ItemType>1</ItemType>
      <ItemName>קפסולות 7 עדין וקטיפתי עלית (10)</ItemName>
      <ManufactureName>שטראוס גרופ בעמ</ManufactureName>
      <ManufactureCountry />
      <ManufactureItemDescription />
      <UnitQty>יח`</UnitQty>
      <Quantity>50</Quantity>
      <UnitMeasure>גרם</UnitMeasure>
      <BisWeighted>0</BisWeighted>
      <QtyInPackage>1</QtyInPackage>
      <ItemPrice>16.90</ItemPrice>
      <UnitOfMeasurePrice>33.80</UnitOfMeasurePrice>
      <AllowDiscount>1</AllowDiscount>
      <itemStatus>1</itemStatus>
      <LastUpdateDate />
      <LastUpdateTime />
    </Product>
    <Product>
      <PriceUpdateDate>2019/03/24 10:34</PriceUpdateDate>
      <ItemCode>7290105360755</ItemCode>
      <ItemType>1</ItemType>
      <ItemName>שמן זית כתית מעולה חזק 750 מל</ItemName>
      <ManufactureName>שטראוס גרופ בעמ</ManufactureName>
      <ManufactureCountry />
      <ManufactureItemDescription />
      <UnitQty>יח`</UnitQty>
      <Quantity>750</Quantity>
      <UnitMeasure>מ"ל</UnitMeasure>
      <BisWeighted>0</BisWeighted>
      <QtyInPackage>1</QtyInPackage>
      <ItemPrice>32.90</ItemPrice>
      <UnitOfMeasurePrice>4.39</UnitOfMeasurePrice>
      <AllowDiscount>1</AllowDiscount>
      <itemStatus>1</itemStatus>
      <LastUpdateDate />
      <LastUpdateTime />
    </Product>
    <Product>
      <PriceUpdateDate>2016/02/14 09:09</PriceUpdateDate>
      <ItemCode>7290105362339</ItemCode>
      <ItemType>1</ItemType>
      <ItemName>שמנת לבישול 15% יטבתה (250 מל)</ItemName>
      <ManufactureName>שטראוס גרופ בעמ/מצונן</ManufactureName>
      <ManufactureCountry />
      <ManufactureItemDescription />
      <UnitQty>יח`</UnitQty>
      <Quantity>250</Quantity>
      <UnitMeasure>מ"ל</UnitMeasure>
      <BisWeighted>0</BisWeighted>
      <QtyInPackage>1</QtyInPackage>
      <ItemPrice>8</ItemPrice>
      <UnitOfMeasurePrice>3.20</UnitOfMeasurePrice>
      <AllowDiscount>0</AllowDiscount>
      <itemStatus>1</itemStatus>
      <LastUpdateDate />
      <LastUpdateTime />
    </Product>
    <Product>
      <PriceUpdateDate>2014/01/01 08:37</PriceUpdateDate>
      <ItemCode>7290105362377</ItemCode>
      <ItemType>1</ItemType>
      <ItemName>כיף כף מגדים 45 גרם</ItemName>
      <ManufactureName>שטראוס גרופ בעמ</ManufactureName>
      <ManufactureCountry />
      <ManufactureItemDescription />
      <UnitQty>יח`</UnitQty>
      <Quantity>45</Quantity>
      <UnitMeasure>גרם</UnitMeasure>
      <BisWeighted>0</BisWeighted>
      <QtyInPackage>1</QtyInPackage>
      <ItemPrice>3.90</ItemPrice>
      <UnitOfMeasurePrice>8.67</UnitOfMeasurePrice>
      <AllowDiscount>1</AllowDiscount>
      <itemStatus>1</itemStatus>
      <LastUpdateDate />
      <LastUpdateTime />
    </Product>
    <Product>
      <PriceUpdateDate>2013/06/09 19:11</PriceUpdateDate>
      <ItemCode>7290105363602</ItemCode>
      <ItemType>1</ItemType>
      <ItemName>מקלות כיף כף קלאסי עלית (40 גרם)</ItemName>
      <ManufactureName>שטראוס גרופ בעמ</ManufactureName>
      <ManufactureCountry />
      <ManufactureItemDescription />
      <UnitQty>יח`</UnitQty>
      <Quantity>40</Quantity>
      <UnitMeasure>גרם</UnitMeasure>
      <BisWeighted>0</BisWeighted>
      <QtyInPackage>1</QtyInPackage>
      <ItemPrice>5</ItemPrice>
      <UnitOfMeasurePrice>12.50</UnitOfMeasurePrice>
      <AllowDiscount>0</AllowDiscount>
      <itemStatus>1</itemStatus>
      <LastUpdateDate />
      <LastUpdateTime />
    </Product>
    <Product>
      <PriceUpdateDate>2013/06/09 19:11</PriceUpdateDate>
      <ItemCode>7290105364289</ItemCode>
      <ItemType>1</ItemType>
      <ItemName>כיף כף מקלות פצפוצים</ItemName>
      <ManufactureName>שטראוס גרופ בעמ</ManufactureName>
      <ManufactureCountry />
      <ManufactureItemDescription />
      <UnitQty>יח`</UnitQty>
      <Quantity>40</Quantity>
      <UnitMeasure>גרם</UnitMeasure>
      <BisWeighted>0</BisWeighted>
      <QtyInPackage>1</QtyInPackage>
      <ItemPrice>5</ItemPrice>
      <UnitOfMeasurePrice>12.50</UnitOfMeasurePrice>
      <AllowDiscount>0</AllowDiscount>
      <itemStatus>1</itemStatus>
      <LastUpdateDate />
      <LastUpdateTime />
    </Product>
    <Product>
      <PriceUpdateDate>2013/06/09 19:11</PriceUpdateDate>
      <ItemCode>7290105364302</ItemCode>
      <ItemType>1</ItemType>
      <ItemName>מקלות כיף כף אגוזים עלית (42 גרם)</ItemName>
      <ManufactureName>שטראוס גרופ בעמ</ManufactureName>
      <ManufactureCountry />
      <ManufactureItemDescription />
      <UnitQty>יח`</UnitQty>
      <Quantity>42</Quantity>
      <UnitMeasure>גרם</UnitMeasure>
      <BisWeighted>0</BisWeighted>
      <QtyInPackage>1</QtyInPackage>
      <ItemPrice>5</ItemPrice>
      <UnitOfMeasurePrice>11.90</UnitOfMeasurePrice>
      <AllowDiscount>0</AllowDiscount>
      <itemStatus>1</itemStatus>
      <LastUpdateDate />
      <LastUpdateTime />
    </Product>
    <Product>
      <PriceUpdateDate>2015/12/01 10:21</PriceUpdateDate>
      <ItemCode>7290105364883</ItemCode>
      <ItemType>1</ItemType>
      <ItemName>ביסקוויט עד חצות לבן 200 גר`</ItemName>
      <ManufactureName>שטראוס גרופ בעמ</ManufactureName>
      <ManufactureCountry />
      <ManufactureItemDescription />
      <UnitQty>יח`</UnitQty>
      <Quantity>200</Quantity>
      <UnitMeasure>גרם</UnitMeasure>
      <BisWeighted>0</BisWeighted>
      <QtyInPackage>1</QtyInPackage>
      <ItemPrice>13.90</ItemPrice>
      <UnitOfMeasurePrice>6.95</UnitOfMeasurePrice>
      <AllowDiscount>1</AllowDiscount>
      <itemStatus>1</itemStatus>
      <LastUpdateDate />
      <LastUpdateTime />
    </Product>
    <Product>
      <PriceUpdateDate>2015/12/01 09:30</PriceUpdateDate>
      <ItemCode>7290105366023</ItemCode>
      <ItemType>1</ItemType>
      <ItemName>חצילים בטעם כבד אחלה (400 גרם)</ItemName>
      <ManufactureName>שטראוס גרופ בעמ/מצונן</ManufactureName>
      <ManufactureCountry />
      <ManufactureItemDescription />
      <UnitQty>יח`</UnitQty>
      <Quantity>400</Quantity>
      <UnitMeasure>גרם</UnitMeasure>
      <BisWeighted>0</BisWeighted>
      <QtyInPackage>1</QtyInPackage>
      <ItemPrice>15.50</ItemPrice>
      <UnitOfMeasurePrice>3.88</UnitOfMeasurePrice>
      <AllowDiscount>0</AllowDiscount>
      <itemStatus>1</itemStatus>
      <LastUpdateDate />
      <LastUpdateTime />
    </Product>
    <Product>
      <PriceUpdateDate>2015/12/01 09:30</PriceUpdateDate>
      <ItemCode>7290105366047</ItemCode>
      <ItemType>1</ItemType>
      <ItemName>טחינה לבנה אחלה (400 גרם)</ItemName>
      <ManufactureName>שטראוס גרופ בעמ/מצונן</ManufactureName>
      <ManufactureCountry />
      <ManufactureItemDescription />
      <UnitQty>יח`</UnitQty>
      <Quantity>400</Quantity>
      <UnitMeasure>גרם</UnitMeasure>
      <BisWeighted>0</BisWeighted>
      <QtyInPackage>1</QtyInPackage>
      <ItemPrice>15.50</ItemPrice>
      <UnitOfMeasurePrice>3.88</UnitOfMeasurePrice>
      <AllowDiscount>0</AllowDiscount>
      <itemStatus>1</itemStatus>
      <LastUpdateDate />
      <LastUpdateTime />
    </Product>
    <Product>
      <PriceUpdateDate>2015/12/01 09:30</PriceUpdateDate>
      <ItemCode>7290105366054</ItemCode>
      <ItemType>1</ItemType>
      <ItemName>אחלה טחינה עם פטרוזיליה טריה 400 גרם</ItemName>
      <ManufactureName>שטראוס גרופ בעמ/מצונן</ManufactureName>
      <ManufactureCountry />
      <ManufactureItemDescription />
      <UnitQty>יח`</UnitQty>
      <Quantity>400</Quantity>
      <UnitMeasure>גרם</UnitMeasure>
      <BisWeighted>0</BisWeighted>
      <QtyInPackage>1</QtyInPackage>
      <ItemPrice>15.50</ItemPrice>
      <UnitOfMeasurePrice>3.88</UnitOfMeasurePrice>
      <AllowDiscount>0</AllowDiscount>
      <itemStatus>1</itemStatus>
      <LastUpdateDate />
      <LastUpdateTime />
    </Product>
    <Product>
      <PriceUpdateDate>2015/01/29 10:33</PriceUpdateDate>
      <ItemCode>7290105366993</ItemCode>
      <ItemType>1</ItemType>
      <ItemName>סימפוניה פלפל שיפקה חריף</ItemName>
      <ManufactureName>שטראוס גרופ בעמ/מצונן</ManufactureName>
      <ManufactureCountry />
      <ManufactureItemDescription />
      <UnitQty>יח`</UnitQty>
      <Quantity>200</Quantity>
      <UnitMeasure>גרם</UnitMeasure>
      <BisWeighted>0</BisWeighted>
      <QtyInPackage>1</QtyInPackage>
      <ItemPrice>11.40</ItemPrice>
      <UnitOfMeasurePrice>5.70</UnitOfMeasurePrice>
      <AllowDiscount>0</AllowDiscount>
      <itemStatus>1</itemStatus>
      <LastUpdateDate />
      <LastUpdateTime />
    </Product>
    <Product>
      <PriceUpdateDate>2015/12/01 09:30</PriceUpdateDate>
      <ItemCode>7290105368225</ItemCode>
      <ItemType>1</ItemType>
      <ItemName>חומוס עם פלפל שיפקה אחלה (400 גרם)</ItemName>
      <ManufactureName>שטראוס גרופ בעמ/מצונן</ManufactureName>
      <ManufactureCountry />
      <ManufactureItemDescription />
      <UnitQty>יח`</UnitQty>
      <Quantity>400</Quantity>
      <UnitMeasure>גרם</UnitMeasure>
      <BisWeighted>0</BisWeighted>
      <QtyInPackage>1</QtyInPackage>
      <ItemPrice>11.50</ItemPrice>
      <UnitOfMeasurePrice>2.88</UnitOfMeasurePrice>
      <AllowDiscount>0</AllowDiscount>
      <itemStatus>1</itemStatus>
      <LastUpdateDate />
      <LastUpdateTime />
    </Product>
    <Product>
      <PriceUpdateDate>2019/02/01 12:24</PriceUpdateDate>
      <ItemCode>7290105368294</ItemCode>
      <ItemType>1</ItemType>
      <ItemName>שום ישראלי קלוף 120  גר`ירקות שטראוס</ItemName>
      <ManufactureName>שטראוס גרופ בעמ/מצונן</ManufactureName>
      <ManufactureCountry />
      <ManufactureItemDescription />
      <UnitQty>יח`</UnitQty>
      <Quantity>120</Quantity>
      <UnitMeasure>גרם</UnitMeasure>
      <BisWeighted>0</BisWeighted>
      <QtyInPackage>1</QtyInPackage>
      <ItemPrice>12.90</ItemPrice>
      <UnitOfMeasurePrice>10.75</UnitOfMeasurePrice>
      <AllowDiscount>1</AllowDiscount>
      <itemStatus>1</itemStatus>
      <LastUpdateDate />
      <LastUpdateTime />
    </Product>
    <Product>
      <PriceUpdateDate>2015/07/09 15:16</PriceUpdateDate>
      <ItemCode>7290105368331</ItemCode>
      <ItemType>1</ItemType>
      <ItemName>מילקי תות פיקוח</ItemName>
      <ManufactureName>שטראוס גרופ בעמ/מצונן</ManufactureName>
      <ManufactureCountry />
      <ManufactureItemDescription />
      <UnitQty>יח`</UnitQty>
      <Quantity>130</Quantity>
      <UnitMeasure>מ"ל</UnitMeasure>
      <BisWeighted>0</BisWeighted>
      <QtyInPackage>1</QtyInPackage>
      <ItemPrice>2.70</ItemPrice>
      <UnitOfMeasurePrice>2.08</UnitOfMeasurePrice>
      <AllowDiscount>0</AllowDiscount>
      <itemStatus>1</itemStatus>
      <LastUpdateDate />
      <LastUpdateTime />
    </Product>
    <Product>
      <PriceUpdateDate>2016/02/14 09:09</PriceUpdateDate>
      <ItemCode>7290105368904</ItemCode>
      <ItemType>1</ItemType>
      <ItemName>שמנת עמידה לקצפת 32% שומן</ItemName>
      <ManufactureName>שטראוס גרופ בעמ/מצונן</ManufactureName>
      <ManufactureCountry />
      <ManufactureItemDescription />
      <UnitQty>יח`</UnitQty>
      <Quantity>250</Quantity>
      <UnitMeasure>מ"ל</UnitMeasure>
      <BisWeighted>0</BisWeighted>
      <QtyInPackage>1</QtyInPackage>
      <ItemPrice>6.90</ItemPrice>
      <UnitOfMeasurePrice>2.76</UnitOfMeasurePrice>
      <AllowDiscount>0</AllowDiscount>
      <itemStatus>1</itemStatus>
      <LastUpdateDate />
      <LastUpdateTime />
    </Product>
    <Product>
      <PriceUpdateDate>2014/01/01 08:37</PriceUpdateDate>
      <ItemCode>7290105368959</ItemCode>
      <ItemType>1</ItemType>
      <ItemName>משקה פונץ בננה 250 מל</ItemName>
      <ManufactureName>שטראוס גרופ בעמ/מצונן</ManufactureName>
      <ManufactureCountry />
      <ManufactureItemDescription />
      <UnitQty>יח`</UnitQty>
      <Quantity>250</Quantity>
      <UnitMeasure>מ"ל</UnitMeasure>
      <BisWeighted>0</BisWeighted>
      <QtyInPackage>1</QtyInPackage>
      <ItemPrice>5.30</ItemPrice>
      <UnitOfMeasurePrice>2.12</UnitOfMeasurePrice>
      <AllowDiscount>0</AllowDiscount>
      <itemStatus>1</itemStatus>
      <LastUpdateDate />
      <LastUpdateTime />
    </Product>
    <Product>
      <PriceUpdateDate>2015/01/29 10:33</PriceUpdateDate>
      <ItemCode>7290105369130</ItemCode>
      <ItemType>1</ItemType>
      <ItemName>סימפוניה בצל ירוק 5%</ItemName>
      <ManufactureName>שטראוס גרופ בעמ/מצונן</ManufactureName>
      <ManufactureCountry />
      <ManufactureItemDescription />
      <UnitQty>יח`</UnitQty>
      <Quantity>200</Quantity>
      <UnitMeasure>גרם</UnitMeasure>
      <BisWeighted>0</BisWeighted>
      <QtyInPackage>1</QtyInPackage>
      <ItemPrice>11.40</ItemPrice>
      <UnitOfMeasurePrice>5.70</UnitOfMeasurePrice>
      <AllowDiscount>0</AllowDiscount>
      <itemStatus>1</itemStatus>
      <LastUpdateDate />
      <LastUpdateTime />
    </Product>
    <Product>
      <PriceUpdateDate>2015/12/01 18:39</PriceUpdateDate>
      <ItemCode>7290105369451</ItemCode>
      <ItemType>1</ItemType>
      <ItemName>צ`יטוס דולפינים עלית (55 גרם)</ItemName>
      <ManufactureName>שטראוס פריטו ליי בעמ</ManufactureName>
      <ManufactureCountry />
      <ManufactureItemDescription />
      <UnitQty>יח`</UnitQty>
      <Quantity>55</Quantity>
      <UnitMeasure>גרם</UnitMeasure>
      <BisWeighted>0</BisWeighted>
      <QtyInPackage>1</QtyInPackage>
      <ItemPrice>3.50</ItemPrice>
      <UnitOfMeasurePrice>6.36</UnitOfMeasurePrice>
      <AllowDiscount>1</AllowDiscount>
      <itemStatus>1</itemStatus>
      <LastUpdateDate />
      <LastUpdateTime />
    </Product>
    <Product>
      <PriceUpdateDate>2020/05/03 10:11</PriceUpdateDate>
      <ItemCode>7290105430489</ItemCode>
      <ItemType>1</ItemType>
      <ItemName>ליידי ספיד סטיק</ItemName>
      <ManufactureName>ש.שסטוביץ בעמ</ManufactureName>
      <ManufactureCountry />
      <ManufactureItemDescription />
      <UnitQty>יח`</UnitQty>
      <Quantity>50</Quantity>
      <UnitMeasure>מ"ל</UnitMeasure>
      <BisWeighted>0</BisWeighted>
      <QtyInPackage>1</QtyInPackage>
      <ItemPrice>14.90</ItemPrice>
      <UnitOfMeasurePrice>29.80</UnitOfMeasurePrice>
      <AllowDiscount>0</AllowDiscount>
      <itemStatus>1</itemStatus>
      <LastUpdateDate />
      <LastUpdateTime />
    </Product>
    <Product>
      <PriceUpdateDate>2015/12/29 08:29</PriceUpdateDate>
      <ItemCode>7290105431516</ItemCode>
      <ItemType>1</ItemType>
      <ItemName>חטיף תמרים ובוטנים פרי (5 יח` - 125 גרם)</ItemName>
      <ManufactureName>ש.שסטוביץ בעמ</ManufactureName>
      <ManufactureCountry />
      <ManufactureItemDescription />
      <UnitQty>יח`</UnitQty>
      <Quantity>125</Quantity>
      <UnitMeasure>גרם</UnitMeasure>
      <BisWeighted>0</BisWeighted>
      <QtyInPackage>1</QtyInPackage>
      <ItemPrice>17.90</ItemPrice>
      <UnitOfMeasurePrice>14.32</UnitOfMeasurePrice>
      <AllowDiscount>0</AllowDiscount>
      <itemStatus>1</itemStatus>
      <LastUpdateDate />
      <LastUpdateTime />
    </Product>
    <Product>
      <PriceUpdateDate>2020/05/03 12:53</PriceUpdateDate>
      <ItemCode>7290105434029</ItemCode>
      <ItemType>1</ItemType>
      <ItemName>ספיד סטיק נוטרו</ItemName>
      <ManufactureName>ש.שסטוביץ בעמ</ManufactureName>
      <ManufactureCountry />
      <ManufactureItemDescription />
      <UnitQty>יח`</UnitQty>
      <Quantity>100</Quantity>
      <UnitMeasure>מ"ל</UnitMeasure>
      <BisWeighted>0</BisWeighted>
      <QtyInPackage>1</QtyInPackage>
      <ItemPrice>16.90</ItemPrice>
      <UnitOfMeasurePrice>16.90</UnitOfMeasurePrice>
      <AllowDiscount>0</AllowDiscount>
      <itemStatus>1</itemStatus>
      <LastUpdateDate />
      <LastUpdateTime />
    </Product>
    <Product>
      <PriceUpdateDate>2020/05/03 12:53</PriceUpdateDate>
      <ItemCode>7290105434067</ItemCode>
      <ItemType>1</ItemType>
      <ItemName>ספיד סטיק כחול א</ItemName>
      <ManufactureName>ש.שסטוביץ בעמ</ManufactureName>
      <ManufactureCountry />
      <ManufactureItemDescription />
      <UnitQty>יח`</UnitQty>
      <Quantity>1</Quantity>
      <UnitMeasure />
      <BisWeighted>0</BisWeighted>
      <QtyInPackage>1</QtyInPackage>
      <ItemPrice>24.90</ItemPrice>
      <UnitOfMeasurePrice>24.90</UnitOfMeasurePrice>
      <AllowDiscount>0</AllowDiscount>
      <itemStatus>1</itemStatus>
      <LastUpdateDate />
      <LastUpdateTime />
    </Product>
    <Product>
      <PriceUpdateDate>2015/12/29 08:29</PriceUpdateDate>
      <ItemCode>7290105436382</ItemCode>
      <ItemType>1</ItemType>
      <ItemName>פרי מארז 5 תמרים קשיו</ItemName>
      <ManufactureName>ש.שסטוביץ בעמ</ManufactureName>
      <ManufactureCountry />
      <ManufactureItemDescription />
      <UnitQty>יח`</UnitQty>
      <Quantity>125</Quantity>
      <UnitMeasure>גרם</UnitMeasure>
      <BisWeighted>0</BisWeighted>
      <QtyInPackage>1</QtyInPackage>
      <ItemPrice>17.90</ItemPrice>
      <UnitOfMeasurePrice>14.32</UnitOfMeasurePrice>
      <AllowDiscount>0</AllowDiscount>
      <itemStatus>1</itemStatus>
      <LastUpdateDate />
      <LastUpdateTime />
    </Product>
    <Product>
      <PriceUpdateDate>2015/12/28 09:00</PriceUpdateDate>
      <ItemCode>7290105438539</ItemCode>
      <ItemType>1</ItemType>
      <ItemName>נייר אפיה קוקי) (40</ItemName>
      <ManufactureName>ש.שסטוביץ בעמ</ManufactureName>
      <ManufactureCountry />
      <ManufactureItemDescription />
      <UnitQty>יח`</UnitQty>
      <Quantity>1</Quantity>
      <UnitMeasure />
      <BisWeighted>0</BisWeighted>
      <QtyInPackage>1</QtyInPackage>
      <ItemPrice>9.90</ItemPrice>
      <UnitOfMeasurePrice>9.90</UnitOfMeasurePrice>
      <AllowDiscount>0</AllowDiscount>
      <itemStatus>1</itemStatus>
      <LastUpdateDate />
      <LastUpdateTime />
    </Product>
    <Product>
      <PriceUpdateDate>2016/02/15 06:30</PriceUpdateDate>
      <ItemCode>7290105439499</ItemCode>
      <ItemType>1</ItemType>
      <ItemName>מיונז הולנדי מאסטר שף (483 גר`)</ItemName>
      <ManufactureName>ש.שסטוביץ בעמ</ManufactureName>
      <ManufactureCountry />
      <ManufactureItemDescription />
      <UnitQty>יח`</UnitQty>
      <Quantity>483</Quantity>
      <UnitMeasure>גרם</UnitMeasure>
      <BisWeighted>0</BisWeighted>
      <QtyInPackage>1</QtyInPackage>
      <ItemPrice>9.90</ItemPrice>
      <UnitOfMeasurePrice>2.05</UnitOfMeasurePrice>
      <AllowDiscount>0</AllowDiscount>
      <itemStatus>1</itemStatus>
      <LastUpdateDate />
      <LastUpdateTime />
    </Product>
    <Product>
      <PriceUpdateDate>2016/02/15 06:30</PriceUpdateDate>
      <ItemCode>7290105439598</ItemCode>
      <ItemType>1</ItemType>
      <ItemName>חרדל דיז`ון גרגרים מאסטר שף (370 גרם)</ItemName>
      <ManufactureName>ש.שסטוביץ בעמ</ManufactureName>
      <ManufactureCountry />
      <ManufactureItemDescription />
      <UnitQty>יח`</UnitQty>
      <Quantity>370</Quantity>
      <UnitMeasure>גרם</UnitMeasure>
      <BisWeighted>0</BisWeighted>
      <QtyInPackage>1</QtyInPackage>
      <ItemPrice>11.90</ItemPrice>
      <UnitOfMeasurePrice>3.22</UnitOfMeasurePrice>
      <AllowDiscount>1</AllowDiscount>
      <itemStatus>1</itemStatus>
      <LastUpdateDate />
      <LastUpdateTime />
    </Product>
    <Product>
      <PriceUpdateDate>2019/03/03 08:15</PriceUpdateDate>
      <ItemCode>7290105500151</ItemCode>
      <ItemType>1</ItemType>
      <ItemName>וודקה פינלנדיה 700 מל</ItemName>
      <ManufactureName>מ. אקרמן בעמ</ManufactureName>
      <ManufactureCountry />
      <ManufactureItemDescription />
      <UnitQty>יח`</UnitQty>
      <Quantity>700</Quantity>
      <UnitMeasure>מ"ל</UnitMeasure>
      <BisWeighted>0</BisWeighted>
      <QtyInPackage>1</QtyInPackage>
      <ItemPrice>64.90</ItemPrice>
      <UnitOfMeasurePrice>9.23</UnitOfMeasurePrice>
      <AllowDiscount>1</AllowDiscount>
      <itemStatus>1</itemStatus>
      <LastUpdateDate />
      <LastUpdateTime />
    </Product>
    <Product>
      <PriceUpdateDate>2015/04/12 18:16</PriceUpdateDate>
      <ItemCode>7290105691224</ItemCode>
      <ItemType>1</ItemType>
      <ItemName>חטיף טורטיה שום ובצל אסם (60 גרם)</ItemName>
      <ManufactureName>קבוצת אסם סחר שות. מוגבלת</ManufactureName>
      <ManufactureCountry />
      <ManufactureItemDescription />
      <UnitQty>יח`</UnitQty>
      <Quantity>60</Quantity>
      <UnitMeasure>גרם</UnitMeasure>
      <BisWeighted>0</BisWeighted>
      <QtyInPackage>1</QtyInPackage>
      <ItemPrice>7.90</ItemPrice>
      <UnitOfMeasurePrice>13.17</UnitOfMeasurePrice>
      <AllowDiscount>0</AllowDiscount>
      <itemStatus>1</itemStatus>
      <LastUpdateDate />
      <LastUpdateTime />
    </Product>
    <Product>
      <PriceUpdateDate>2015/04/12 18:16</PriceUpdateDate>
      <ItemCode>7290105691248</ItemCode>
      <ItemType>1</ItemType>
      <ItemName>חטיף טורטיה תירס אסם (60 גרם)</ItemName>
      <ManufactureName>קבוצת אסם סחר שות. מוגבלת</ManufactureName>
      <ManufactureCountry />
      <ManufactureItemDescription />
      <UnitQty>יח`</UnitQty>
      <Quantity>60</Quantity>
      <UnitMeasure>גרם</UnitMeasure>
      <BisWeighted>0</BisWeighted>
      <QtyInPackage>1</QtyInPackage>
      <ItemPrice>7.90</ItemPrice>
      <UnitOfMeasurePrice>13.17</UnitOfMeasurePrice>
      <AllowDiscount>0</AllowDiscount>
      <itemStatus>1</itemStatus>
      <LastUpdateDate />
      <LastUpdateTime />
    </Product>
    <Product>
      <PriceUpdateDate>2014/01/01 08:37</PriceUpdateDate>
      <ItemCode>7290105691323</ItemCode>
      <ItemType>1</ItemType>
      <ItemName>חרוזית בתיבול לימון בית השיטה (560 גרם)</ItemName>
      <ManufactureName>קבוצת אסם סחר שות. מוגבלת</ManufactureName>
      <ManufactureCountry />
      <ManufactureItemDescription />
      <UnitQty>יח`</UnitQty>
      <Quantity>275</Quantity>
      <UnitMeasure>גרם</UnitMeasure>
      <BisWeighted>0</BisWeighted>
      <QtyInPackage>1</QtyInPackage>
      <ItemPrice>10.90</ItemPrice>
      <UnitOfMeasurePrice>3.96</UnitOfMeasurePrice>
      <AllowDiscount>0</AllowDiscount>
      <itemStatus>1</itemStatus>
      <LastUpdateDate />
      <LastUpdateTime />
    </Product>
    <Product>
      <PriceUpdateDate>2015/02/26 10:17</PriceUpdateDate>
      <ItemCode>7290105691965</ItemCode>
      <ItemType>1</ItemType>
      <ItemName>רוטב לסלט סויה בסגנון סיני</ItemName>
      <ManufactureName>קבוצת אסם סחר שות. מוגבלת</ManufactureName>
      <ManufactureCountry />
      <ManufactureItemDescription />
      <UnitQty>יח`</UnitQty>
      <Quantity>290</Quantity>
      <UnitMeasure>מ"ל</UnitMeasure>
      <BisWeighted>0</BisWeighted>
      <QtyInPackage>1</QtyInPackage>
      <ItemPrice>12.90</ItemPrice>
      <UnitOfMeasurePrice>4.45</UnitOfMeasurePrice>
      <AllowDiscount>0</AllowDiscount>
      <itemStatus>1</itemStatus>
      <LastUpdateDate />
      <LastUpdateTime />
    </Product>
    <Product>
      <PriceUpdateDate>2016/02/23 12:32</PriceUpdateDate>
      <ItemCode>7290105693341</ItemCode>
      <ItemType>1</ItemType>
      <ItemName>במבה אסם (25x10 גרם)</ItemName>
      <ManufactureName>קבוצת אסם סחר שות. מוגבלת</ManufactureName>
      <ManufactureCountry />
      <ManufactureItemDescription />
      <UnitQty>יח`</UnitQty>
      <Quantity>250</Quantity>
      <UnitMeasure>גרם</UnitMeasure>
      <BisWeighted>0</BisWeighted>
      <QtyInPackage>1</QtyInPackage>
      <ItemPrice>16.90</ItemPrice>
      <UnitOfMeasurePrice>6.76</UnitOfMeasurePrice>
      <AllowDiscount>1</AllowDiscount>
      <itemStatus>1</itemStatus>
      <LastUpdateDate />
      <LastUpdateTime />
    </Product>
    <Product>
      <PriceUpdateDate>2015/07/22 08:27</PriceUpdateDate>
      <ItemCode>7290105693457</ItemCode>
      <ItemType>1</ItemType>
      <ItemName>עוגת הבית דמקה שוקו וניל 320 גר` בחושות</ItemName>
      <ManufactureName>קבוצת אסם סחר שות. מוגבלת</ManufactureName>
      <ManufactureCountry />
      <ManufactureItemDescription />
      <UnitQty>יח`</UnitQty>
      <Quantity>320</Quantity>
      <UnitMeasure>גרם</UnitMeasure>
      <BisWeighted>0</BisWeighted>
      <QtyInPackage>1</QtyInPackage>
      <ItemPrice>11.90</ItemPrice>
      <UnitOfMeasurePrice>3.72</UnitOfMeasurePrice>
      <AllowDiscount>0</AllowDiscount>
      <itemStatus>1</itemStatus>
      <LastUpdateDate />
      <LastUpdateTime />
    </Product>
    <Product>
      <PriceUpdateDate>2015/12/01 18:43</PriceUpdateDate>
      <ItemCode>7290105695321</ItemCode>
      <ItemType>1</ItemType>
      <ItemName>עוגת בראוניז פאדג`</ItemName>
      <ManufactureName>קבוצת אסם סחר שות. מוגבלת</ManufactureName>
      <ManufactureCountry />
      <ManufactureItemDescription />
      <UnitQty>יח`</UnitQty>
      <Quantity>400</Quantity>
      <UnitMeasure>גרם</UnitMeasure>
      <BisWeighted>0</BisWeighted>
      <QtyInPackage>1</QtyInPackage>
      <ItemPrice>18.90</ItemPrice>
      <UnitOfMeasurePrice>4.73</UnitOfMeasurePrice>
      <AllowDiscount>0</AllowDiscount>
      <itemStatus>1</itemStatus>
      <LastUpdateDate />
      <LastUpdateTime />
    </Product>
    <Product>
      <PriceUpdateDate>2014/12/28 11:22</PriceUpdateDate>
      <ItemCode>7290105695994</ItemCode>
      <ItemType>1</ItemType>
      <ItemName>רוטב סויה קלאסי אסם (290 מל)</ItemName>
      <ManufactureName>קבוצת אסם סחר שות. מוגבלת</ManufactureName>
      <ManufactureCountry />
      <ManufactureItemDescription />
      <UnitQty>יח`</UnitQty>
      <Quantity>290</Quantity>
      <UnitMeasure>מ"ל</UnitMeasure>
      <BisWeighted>0</BisWeighted>
      <QtyInPackage>1</QtyInPackage>
      <ItemPrice>17.90</ItemPrice>
      <UnitOfMeasurePrice>6.17</UnitOfMeasurePrice>
      <AllowDiscount>1</AllowDiscount>
      <itemStatus>1</itemStatus>
      <LastUpdateDate />
      <LastUpdateTime />
    </Product>
    <Product>
      <PriceUpdateDate>2015/07/09 15:16</PriceUpdateDate>
      <ItemCode>7290105961181</ItemCode>
      <ItemType>1</ItemType>
      <ItemName>משקה פונץ בננה 1 ליטר מהדרין</ItemName>
      <ManufactureName>שטראוס גרופ בעמ/מצונן</ManufactureName>
      <ManufactureCountry />
      <ManufactureItemDescription />
      <UnitQty>יח`</UnitQty>
      <Quantity>1000</Quantity>
      <UnitMeasure>מ"ל</UnitMeasure>
      <BisWeighted>0</BisWeighted>
      <QtyInPackage>1</QtyInPackage>
      <ItemPrice>11.60</ItemPrice>
      <UnitOfMeasurePrice>1.16</UnitOfMeasurePrice>
      <AllowDiscount>0</AllowDiscount>
      <itemStatus>1</itemStatus>
      <LastUpdateDate />
      <LastUpdateTime />
    </Product>
    <Product>
      <PriceUpdateDate>2015/09/29 15:29</PriceUpdateDate>
      <ItemCode>7290105961525</ItemCode>
      <ItemType>1</ItemType>
      <ItemName>שוקולד מריר 85% ספלנדיד (100 גרם)</ItemName>
      <ManufactureName>שטראוס גרופ בעמ</ManufactureName>
      <ManufactureCountry />
      <ManufactureItemDescription />
      <UnitQty>יח`</UnitQty>
      <Quantity>100</Quantity>
      <UnitMeasure>גרם</UnitMeasure>
      <BisWeighted>0</BisWeighted>
      <QtyInPackage>1</QtyInPackage>
      <ItemPrice>10.90</ItemPrice>
      <UnitOfMeasurePrice>10.90</UnitOfMeasurePrice>
      <AllowDiscount>0</AllowDiscount>
      <itemStatus>1</itemStatus>
      <LastUpdateDate />
      <LastUpdateTime />
    </Product>
    <Product>
      <PriceUpdateDate>2015/12/01 09:30</PriceUpdateDate>
      <ItemCode>7290105962331</ItemCode>
      <ItemType>1</ItemType>
      <ItemName>סחוג חריף מאוד 220 גרם</ItemName>
      <ManufactureName>שטראוס גרופ בעמ/מצונן</ManufactureName>
      <ManufactureCountry />
      <ManufactureItemDescription />
      <UnitQty>יח`</UnitQty>
      <Quantity>220</Quantity>
      <UnitMeasure>גרם</UnitMeasure>
      <BisWeighted>0</BisWeighted>
      <QtyInPackage>1</QtyInPackage>
      <ItemPrice>13.90</ItemPrice>
      <UnitOfMeasurePrice>6.32</UnitOfMeasurePrice>
      <AllowDiscount>0</AllowDiscount>
      <itemStatus>1</itemStatus>
      <LastUpdateDate />
      <LastUpdateTime />
    </Product>
    <Product>
      <PriceUpdateDate>2016/05/01 09:19</PriceUpdateDate>
      <ItemCode>7290105964564</ItemCode>
      <ItemType>1</ItemType>
      <ItemName>חומוס אחלה (400 גרם)</ItemName>
      <ManufactureName>שטראוס גרופ בעמ/מצונן</ManufactureName>
      <ManufactureCountry />
      <ManufactureItemDescription />
      <UnitQty>יח`</UnitQty>
      <Quantity>400</Quantity>
      <UnitMeasure>גרם</UnitMeasure>
      <BisWeighted>0</BisWeighted>
      <QtyInPackage>1</QtyInPackage>
      <ItemPrice>8.90</ItemPrice>
      <UnitOfMeasurePrice>2.23</UnitOfMeasurePrice>
      <AllowDiscount>0</AllowDiscount>
      <itemStatus>1</itemStatus>
      <LastUpdateDate />
      <LastUpdateTime />
    </Product>
    <Product>
      <PriceUpdateDate>2014/04/28 14:27</PriceUpdateDate>
      <ItemCode>7290105965738</ItemCode>
      <ItemType>1</ItemType>
      <ItemName>דנונה לשתיה תות בננה</ItemName>
      <ManufactureName>שטראוס גרופ בעמ/מצונן</ManufactureName>
      <ManufactureCountry />
      <ManufactureItemDescription />
      <UnitQty>יח`</UnitQty>
      <Quantity>263</Quantity>
      <UnitMeasure>מ"ל</UnitMeasure>
      <BisWeighted>0</BisWeighted>
      <QtyInPackage>1</QtyInPackage>
      <ItemPrice>4.90</ItemPrice>
      <UnitOfMeasurePrice>1.86</UnitOfMeasurePrice>
      <AllowDiscount>0</AllowDiscount>
      <itemStatus>1</itemStatus>
      <LastUpdateDate />
      <LastUpdateTime />
    </Product>
    <Product>
      <PriceUpdateDate>2015/05/27 10:44</PriceUpdateDate>
      <ItemCode>7290105966469</ItemCode>
      <ItemType>1</ItemType>
      <ItemName>חומץ בלסמי ממודנה יד מרדכי (250 מל)</ItemName>
      <ManufactureName>שטראוס גרופ בעמ</ManufactureName>
      <ManufactureCountry />
      <ManufactureItemDescription />
      <UnitQty>יח`</UnitQty>
      <Quantity>250</Quantity>
      <UnitMeasure>גרם</UnitMeasure>
      <BisWeighted>0</BisWeighted>
      <QtyInPackage>1</QtyInPackage>
      <ItemPrice>15.90</ItemPrice>
      <UnitOfMeasurePrice>6.36</UnitOfMeasurePrice>
      <AllowDiscount>0</AllowDiscount>
      <itemStatus>1</itemStatus>
      <LastUpdateDate />
      <LastUpdateTime />
    </Product>
    <Product>
      <PriceUpdateDate>2015/12/01 09:30</PriceUpdateDate>
      <ItemCode>7290105968654</ItemCode>
      <ItemType>1</ItemType>
      <ItemName>רביולי עם בטטה פרווה שטראוס (400 גרם)</ItemName>
      <ManufactureName>שטראוס גרופ בעמ/מצונן</ManufactureName>
      <ManufactureCountry />
      <ManufactureItemDescription />
      <UnitQty>יח`</UnitQty>
      <Quantity>400</Quantity>
      <UnitMeasure>גרם</UnitMeasure>
      <BisWeighted>0</BisWeighted>
      <QtyInPackage>1</QtyInPackage>
      <ItemPrice>20.90</ItemPrice>
      <UnitOfMeasurePrice>5.23</UnitOfMeasurePrice>
      <AllowDiscount>1</AllowDiscount>
      <itemStatus>1</itemStatus>
      <LastUpdateDate />
      <LastUpdateTime />
    </Product>
    <Product>
      <PriceUpdateDate>2015/11/30 11:02</PriceUpdateDate>
      <ItemCode>7290105968777</ItemCode>
      <ItemType>1</ItemType>
      <ItemName>אנרג`י פריכיות תחתית שוקולד מריר</ItemName>
      <ManufactureName>שטראוס גרופ בעמ</ManufactureName>
      <ManufactureCountry />
      <ManufactureItemDescription />
      <UnitQty>יח`</UnitQty>
      <Quantity>80</Quantity>
      <UnitMeasure>גרם</UnitMeasure>
      <BisWeighted>0</BisWeighted>
      <QtyInPackage>1</QtyInPackage>
      <ItemPrice>8.90</ItemPrice>
      <UnitOfMeasurePrice>11.13</UnitOfMeasurePrice>
      <AllowDiscount>0</AllowDiscount>
      <itemStatus>1</itemStatus>
      <LastUpdateDate />
      <LastUpdateTime />
    </Product>
    <Product>
      <PriceUpdateDate>2015/04/13 13:02</PriceUpdateDate>
      <ItemCode>7290106520066</ItemCode>
      <ItemType>1</ItemType>
      <ItemName>רבע לשבע</ItemName>
      <ManufactureName>שטראוס גרופ בעמ</ManufactureName>
      <ManufactureCountry />
      <ManufactureItemDescription />
      <UnitQty>יח`</UnitQty>
      <Quantity>160</Quantity>
      <UnitMeasure>גרם</UnitMeasure>
      <BisWeighted>0</BisWeighted>
      <QtyInPackage>1</QtyInPackage>
      <ItemPrice>12.90</ItemPrice>
      <UnitOfMeasurePrice>8.06</UnitOfMeasurePrice>
      <AllowDiscount>1</AllowDiscount>
      <itemStatus>1</itemStatus>
      <LastUpdateDate />
      <LastUpdateTime />
    </Product>
    <Product>
      <PriceUpdateDate>2016/02/21 08:39</PriceUpdateDate>
      <ItemCode>7290106520288</ItemCode>
      <ItemType>1</ItemType>
      <ItemName>דנונה פרו תות</ItemName>
      <ManufactureName>שטראוס גרופ בעמ/מצונן</ManufactureName>
      <ManufactureCountry />
      <ManufactureItemDescription />
      <UnitQty>יח`</UnitQty>
      <Quantity>150</Quantity>
      <UnitMeasure>גרם</UnitMeasure>
      <BisWeighted>0</BisWeighted>
      <QtyInPackage>1</QtyInPackage>
      <ItemPrice>4.60</ItemPrice>
      <UnitOfMeasurePrice>3.07</UnitOfMeasurePrice>
      <AllowDiscount>0</AllowDiscount>
      <itemStatus>1</itemStatus>
      <LastUpdateDate />
      <LastUpdateTime />
    </Product>
    <Product>
      <PriceUpdateDate>2015/09/10 08:36</PriceUpdateDate>
      <ItemCode>7290106520462</ItemCode>
      <ItemType>1</ItemType>
      <ItemName>עוגה אישית מילקי  -CAKE רביעייה</ItemName>
      <ManufactureName>שטראוס גרופ בעמ/מצונן</ManufactureName>
      <ManufactureCountry />
      <ManufactureItemDescription />
      <UnitQty>יח`</UnitQty>
      <Quantity>136</Quantity>
      <UnitMeasure>גרם</UnitMeasure>
      <BisWeighted>0</BisWeighted>
      <QtyInPackage>1</QtyInPackage>
      <ItemPrice>10.90</ItemPrice>
      <UnitOfMeasurePrice>8.01</UnitOfMeasurePrice>
      <AllowDiscount>0</AllowDiscount>
      <itemStatus>1</itemStatus>
      <LastUpdateDate />
      <LastUpdateTime />
    </Product>
    <Product>
      <PriceUpdateDate>2015/12/01 09:30</PriceUpdateDate>
      <ItemCode>7290106520905</ItemCode>
      <ItemType>1</ItemType>
      <ItemName>סלט טורקי אחלה (400 גרם)</ItemName>
      <ManufactureName>שטראוס גרופ בעמ/מצונן</ManufactureName>
      <ManufactureCountry />
      <ManufactureItemDescription />
      <UnitQty>יח`</UnitQty>
      <Quantity>400</Quantity>
      <UnitMeasure>גרם</UnitMeasure>
      <BisWeighted>0</BisWeighted>
      <QtyInPackage>1</QtyInPackage>
      <ItemPrice>16.50</ItemPrice>
      <UnitOfMeasurePrice>4.13</UnitOfMeasurePrice>
      <AllowDiscount>0</AllowDiscount>
      <itemStatus>1</itemStatus>
      <LastUpdateDate />
      <LastUpdateTime />
    </Product>
    <Product>
      <PriceUpdateDate>2016/02/14 09:09</PriceUpdateDate>
      <ItemCode>7290106520912</ItemCode>
      <ItemType>1</ItemType>
      <ItemName>שמנת לבישול 9% יטבתה (250 מל)</ItemName>
      <ManufactureName>שטראוס גרופ בעמ/מצונן</ManufactureName>
      <ManufactureCountry />
      <ManufactureItemDescription />
      <UnitQty>יח`</UnitQty>
      <Quantity>258</Quantity>
      <UnitMeasure>מ"ל</UnitMeasure>
      <BisWeighted>0</BisWeighted>
      <QtyInPackage>1</QtyInPackage>
      <ItemPrice>8</ItemPrice>
      <UnitOfMeasurePrice>3.10</UnitOfMeasurePrice>
      <AllowDiscount>0</AllowDiscount>
      <itemStatus>1</itemStatus>
      <LastUpdateDate />
      <LastUpdateTime />
    </Product>
    <Product>
      <PriceUpdateDate>2015/12/01 09:30</PriceUpdateDate>
      <ItemCode>7290106521049</ItemCode>
      <ItemType>1</ItemType>
      <ItemName>קוביות סלק אחלה (400 גרם)</ItemName>
      <ManufactureName>שטראוס גרופ בעמ/מצונן</ManufactureName>
      <ManufactureCountry />
      <ManufactureItemDescription />
      <UnitQty>יח`</UnitQty>
      <Quantity>400</Quantity>
      <UnitMeasure>גרם</UnitMeasure>
      <BisWeighted>0</BisWeighted>
      <QtyInPackage>1</QtyInPackage>
      <ItemPrice>15.50</ItemPrice>
      <UnitOfMeasurePrice>3.88</UnitOfMeasurePrice>
      <AllowDiscount>0</AllowDiscount>
      <itemStatus>1</itemStatus>
      <LastUpdateDate />
      <LastUpdateTime />
    </Product>
    <Product>
      <PriceUpdateDate>2015/04/29 11:26</PriceUpdateDate>
      <ItemCode>7290106521612</ItemCode>
      <ItemType>1</ItemType>
      <ItemName>חטיף טורטית עלית (40x4  גרם)מגדים</ItemName>
      <ManufactureName>שטראוס גרופ בעמ</ManufactureName>
      <ManufactureCountry />
      <ManufactureItemDescription />
      <UnitQty>יח`</UnitQty>
      <Quantity>1</Quantity>
      <UnitMeasure />
      <BisWeighted>0</BisWeighted>
      <QtyInPackage>1</QtyInPackage>
      <ItemPrice>13.90</ItemPrice>
      <UnitOfMeasurePrice>13.90</UnitOfMeasurePrice>
      <AllowDiscount>0</AllowDiscount>
      <itemStatus>1</itemStatus>
      <LastUpdateDate />
      <LastUpdateTime />
    </Product>
    <Product>
      <PriceUpdateDate>2015/04/29 11:26</PriceUpdateDate>
      <ItemCode>7290106521650</ItemCode>
      <ItemType>1</ItemType>
      <ItemName>חטיף טעמי עלית (40x4 גרם)</ItemName>
      <ManufactureName>שטראוס גרופ בעמ</ManufactureName>
      <ManufactureCountry />
      <ManufactureItemDescription />
      <UnitQty>יח`</UnitQty>
      <Quantity>1</Quantity>
      <UnitMeasure />
      <BisWeighted>0</BisWeighted>
      <QtyInPackage>1</QtyInPackage>
      <ItemPrice>13.90</ItemPrice>
      <UnitOfMeasurePrice>13.90</UnitOfMeasurePrice>
      <AllowDiscount>0</AllowDiscount>
      <itemStatus>1</itemStatus>
      <LastUpdateDate />
      <LastUpdateTime />
    </Product>
    <Product>
      <PriceUpdateDate>2018/01/15 13:12</PriceUpdateDate>
      <ItemCode>7290106524439</ItemCode>
      <ItemType>1</ItemType>
      <ItemName>חטיף פופס תפוצ`יפס (60 גרם)</ItemName>
      <ManufactureName>שטראוס פריטו ליי בעמ</ManufactureName>
      <ManufactureCountry />
      <ManufactureItemDescription />
      <UnitQty>יח`</UnitQty>
      <Quantity>60</Quantity>
      <UnitMeasure>גרם</UnitMeasure>
      <BisWeighted>0</BisWeighted>
      <QtyInPackage>1</QtyInPackage>
      <ItemPrice>3.90</ItemPrice>
      <UnitOfMeasurePrice>6.50</UnitOfMeasurePrice>
      <AllowDiscount>0</AllowDiscount>
      <itemStatus>1</itemStatus>
      <LastUpdateDate />
      <LastUpdateTime />
    </Product>
    <Product>
      <PriceUpdateDate>2014/11/02 12:04</PriceUpdateDate>
      <ItemCode>7290106525320</ItemCode>
      <ItemType>1</ItemType>
      <ItemName>שוקולית לאפיה 500 גר`</ItemName>
      <ManufactureName>שטראוס גרופ בעמ</ManufactureName>
      <ManufactureCountry />
      <ManufactureItemDescription />
      <UnitQty>יח`</UnitQty>
      <Quantity>500</Quantity>
      <UnitMeasure>גרם</UnitMeasure>
      <BisWeighted>0</BisWeighted>
      <QtyInPackage>1</QtyInPackage>
      <ItemPrice>14.90</ItemPrice>
      <UnitOfMeasurePrice>2.98</UnitOfMeasurePrice>
      <AllowDiscount>1</AllowDiscount>
      <itemStatus>1</itemStatus>
      <LastUpdateDate />
      <LastUpdateTime />
    </Product>
    <Product>
      <PriceUpdateDate>2015/05/27 10:44</PriceUpdateDate>
      <ItemCode>7290106525405</ItemCode>
      <ItemType>1</ItemType>
      <ItemName>קפסולות קפה עלית נטול קפאין אספרסו (10)</ItemName>
      <ManufactureName>שטראוס גרופ בעמ</ManufactureName>
      <ManufactureCountry />
      <ManufactureItemDescription />
      <UnitQty>יח`</UnitQty>
      <Quantity>50</Quantity>
      <UnitMeasure>גרם</UnitMeasure>
      <BisWeighted>0</BisWeighted>
      <QtyInPackage>1</QtyInPackage>
      <ItemPrice>16.90</ItemPrice>
      <UnitOfMeasurePrice>33.80</UnitOfMeasurePrice>
      <AllowDiscount>1</AllowDiscount>
      <itemStatus>1</itemStatus>
      <LastUpdateDate />
      <LastUpdateTime />
    </Product>
    <Product>
      <PriceUpdateDate>2015/11/30 11:02</PriceUpdateDate>
      <ItemCode>7290106526822</ItemCode>
      <ItemType>1</ItemType>
      <ItemName>אנרג`י פריכיות תחתית שוקולד</ItemName>
      <ManufactureName>שטראוס גרופ בעמ</ManufactureName>
      <ManufactureCountry />
      <ManufactureItemDescription />
      <UnitQty>יח`</UnitQty>
      <Quantity>70</Quantity>
      <UnitMeasure>גרם</UnitMeasure>
      <BisWeighted>0</BisWeighted>
      <QtyInPackage>1</QtyInPackage>
      <ItemPrice>8.90</ItemPrice>
      <UnitOfMeasurePrice>12.71</UnitOfMeasurePrice>
      <AllowDiscount>0</AllowDiscount>
      <itemStatus>1</itemStatus>
      <LastUpdateDate />
      <LastUpdateTime />
    </Product>
    <Product>
      <PriceUpdateDate>2016/06/08 08:29</PriceUpdateDate>
      <ItemCode>7290106528567</ItemCode>
      <ItemType>1</ItemType>
      <ItemName>חטיף תירס גריל דוריטוס (185 גרם)</ItemName>
      <ManufactureName>שטראוס פריטו ליי בעמ</ManufactureName>
      <ManufactureCountry />
      <ManufactureItemDescription />
      <UnitQty>יח`</UnitQty>
      <Quantity>185</Quantity>
      <UnitMeasure>גרם</UnitMeasure>
      <BisWeighted>0</BisWeighted>
      <QtyInPackage>1</QtyInPackage>
      <ItemPrice>7.50</ItemPrice>
      <UnitOfMeasurePrice>4.05</UnitOfMeasurePrice>
      <AllowDiscount>0</AllowDiscount>
      <itemStatus>1</itemStatus>
      <LastUpdateDate />
      <LastUpdateTime />
    </Product>
    <Product>
      <PriceUpdateDate>2016/06/08 08:29</PriceUpdateDate>
      <ItemCode>7290106528628</ItemCode>
      <ItemType>1</ItemType>
      <ItemName>חטיף תירס בטעם טבעי דוריטוס (185 גרם)</ItemName>
      <ManufactureName>שטראוס פריטו ליי בעמ</ManufactureName>
      <ManufactureCountry />
      <ManufactureItemDescription />
      <UnitQty>יח`</UnitQty>
      <Quantity>185</Quantity>
      <UnitMeasure>גרם</UnitMeasure>
      <BisWeighted>0</BisWeighted>
      <QtyInPackage>1</QtyInPackage>
      <ItemPrice>7.50</ItemPrice>
      <UnitOfMeasurePrice>4.05</UnitOfMeasurePrice>
      <AllowDiscount>0</AllowDiscount>
      <itemStatus>1</itemStatus>
      <LastUpdateDate />
      <LastUpdateTime />
    </Product>
    <Product>
      <PriceUpdateDate>2015/04/13 10:34</PriceUpdateDate>
      <ItemCode>7290106528949</ItemCode>
      <ItemType>1</ItemType>
      <ItemName>סלט ערוגות שטראוס 450 גר`-טעם הטבע</ItemName>
      <ManufactureName>שטראוס גרופ בעמ/מצונן</ManufactureName>
      <ManufactureCountry />
      <ManufactureItemDescription />
      <UnitQty>יח`</UnitQty>
      <Quantity>450</Quantity>
      <UnitMeasure>גרם</UnitMeasure>
      <BisWeighted>0</BisWeighted>
      <QtyInPackage>1</QtyInPackage>
      <ItemPrice>11.50</ItemPrice>
      <UnitOfMeasurePrice>2.56</UnitOfMeasurePrice>
      <AllowDiscount>0</AllowDiscount>
      <itemStatus>1</itemStatus>
      <LastUpdateDate />
      <LastUpdateTime />
    </Product>
    <Product>
      <PriceUpdateDate>2015/05/13 08:34</PriceUpdateDate>
      <ItemCode>7290106570177</ItemCode>
      <ItemType>1</ItemType>
      <ItemName>בייגלה שטוחים עם מלח 250 כשלפ</ItemName>
      <ManufactureName>קבוצת אסם סחר שות. מוגבלת</ManufactureName>
      <ManufactureCountry />
      <ManufactureItemDescription />
      <UnitQty>יח`</UnitQty>
      <Quantity>250</Quantity>
      <UnitMeasure>גרם</UnitMeasure>
      <BisWeighted>0</BisWeighted>
      <QtyInPackage>1</QtyInPackage>
      <ItemPrice>10.90</ItemPrice>
      <UnitOfMeasurePrice>4.36</UnitOfMeasurePrice>
      <AllowDiscount>0</AllowDiscount>
      <itemStatus>1</itemStatus>
      <LastUpdateDate />
      <LastUpdateTime />
    </Product>
    <Product>
      <PriceUpdateDate>2015/02/26 10:17</PriceUpdateDate>
      <ItemCode>7290106571709</ItemCode>
      <ItemType>1</ItemType>
      <ItemName>רוטב לסלט צ`ילי מתוק</ItemName>
      <ManufactureName>קבוצת אסם סחר שות. מוגבלת</ManufactureName>
      <ManufactureCountry />
      <ManufactureItemDescription />
      <UnitQty>יח`</UnitQty>
      <Quantity>290</Quantity>
      <UnitMeasure>מ"ל</UnitMeasure>
      <BisWeighted>0</BisWeighted>
      <QtyInPackage>1</QtyInPackage>
      <ItemPrice>12.90</ItemPrice>
      <UnitOfMeasurePrice>4.45</UnitOfMeasurePrice>
      <AllowDiscount>0</AllowDiscount>
      <itemStatus>1</itemStatus>
      <LastUpdateDate />
      <LastUpdateTime />
    </Product>
    <Product>
      <PriceUpdateDate>2015/07/27 09:00</PriceUpdateDate>
      <ItemCode>7290106571921</ItemCode>
      <ItemType>1</ItemType>
      <ItemName>פיטנס עוגיות עם חמוציות נסטלה (180 גרם)</ItemName>
      <ManufactureName>קבוצת אסם סחר שות. מוגבלת</ManufactureName>
      <ManufactureCountry />
      <ManufactureItemDescription />
      <UnitQty>יח`</UnitQty>
      <Quantity>180</Quantity>
      <UnitMeasure>גרם</UnitMeasure>
      <BisWeighted>0</BisWeighted>
      <QtyInPackage>1</QtyInPackage>
      <ItemPrice>11.90</ItemPrice>
      <UnitOfMeasurePrice>6.61</UnitOfMeasurePrice>
      <AllowDiscount>0</AllowDiscount>
      <itemStatus>1</itemStatus>
      <LastUpdateDate />
      <LastUpdateTime />
    </Product>
    <Product>
      <PriceUpdateDate>2015/07/27 09:00</PriceUpdateDate>
      <ItemCode>7290106571945</ItemCode>
      <ItemType>1</ItemType>
      <ItemName>פיטנס עוגיות שוקולד מריר נסטלה (180 גרם)</ItemName>
      <ManufactureName>קבוצת אסם סחר שות. מוגבלת</ManufactureName>
      <ManufactureCountry />
      <ManufactureItemDescription />
      <UnitQty>יח`</UnitQty>
      <Quantity>180</Quantity>
      <UnitMeasure>גרם</UnitMeasure>
      <BisWeighted>0</BisWeighted>
      <QtyInPackage>1</QtyInPackage>
      <ItemPrice>11.90</ItemPrice>
      <UnitOfMeasurePrice>6.61</UnitOfMeasurePrice>
      <AllowDiscount>0</AllowDiscount>
      <itemStatus>1</itemStatus>
      <LastUpdateDate />
      <LastUpdateTime />
    </Product>
    <Product>
      <PriceUpdateDate>2014/07/06 08:09</PriceUpdateDate>
      <ItemCode>7290106572027</ItemCode>
      <ItemType>1</ItemType>
      <ItemName>קרקר לחמית חמישה דגנים אסם (190 גרם)</ItemName>
      <ManufactureName>קבוצת אסם סחר שות. מוגבלת</ManufactureName>
      <ManufactureCountry />
      <ManufactureItemDescription />
      <UnitQty>יח`</UnitQty>
      <Quantity>190</Quantity>
      <UnitMeasure>גרם</UnitMeasure>
      <BisWeighted>0</BisWeighted>
      <QtyInPackage>1</QtyInPackage>
      <ItemPrice>8.90</ItemPrice>
      <UnitOfMeasurePrice>4.68</UnitOfMeasurePrice>
      <AllowDiscount>1</AllowDiscount>
      <itemStatus>1</itemStatus>
      <LastUpdateDate />
      <LastUpdateTime />
    </Product>
    <Product>
      <PriceUpdateDate>2014/01/01 08:37</PriceUpdateDate>
      <ItemCode>7290106573628</ItemCode>
      <ItemType>1</ItemType>
      <ItemName>חומוס עם טחינה צבר (400 גרם)</ItemName>
      <ManufactureName>קבוצת אסם סחר שות. מוגבלת</ManufactureName>
      <ManufactureCountry />
      <ManufactureItemDescription />
      <UnitQty>יח`</UnitQty>
      <Quantity>400</Quantity>
      <UnitMeasure>גרם</UnitMeasure>
      <BisWeighted>0</BisWeighted>
      <QtyInPackage>1</QtyInPackage>
      <ItemPrice>12</ItemPrice>
      <UnitOfMeasurePrice>3</UnitOfMeasurePrice>
      <AllowDiscount>1</AllowDiscount>
      <itemStatus>1</itemStatus>
      <LastUpdateDate />
      <LastUpdateTime />
    </Product>
    <Product>
      <PriceUpdateDate>2013/12/15 07:03</PriceUpdateDate>
      <ItemCode>7290106573819</ItemCode>
      <ItemType>1</ItemType>
      <ItemName>חומוס אבו גוש צבר (400 גרם)</ItemName>
      <ManufactureName>קבוצת אסם סחר שות. מוגבלת</ManufactureName>
      <ManufactureCountry />
      <ManufactureItemDescription />
      <UnitQty>יח`</UnitQty>
      <Quantity>400</Quantity>
      <UnitMeasure>גרם</UnitMeasure>
      <BisWeighted>0</BisWeighted>
      <QtyInPackage>1</QtyInPackage>
      <ItemPrice>11.90</ItemPrice>
      <UnitOfMeasurePrice>2.98</UnitOfMeasurePrice>
      <AllowDiscount>1</AllowDiscount>
      <itemStatus>1</itemStatus>
      <LastUpdateDate />
      <LastUpdateTime />
    </Product>
    <Product>
      <PriceUpdateDate>2015/07/22 08:27</PriceUpdateDate>
      <ItemCode>7290106574793</ItemCode>
      <ItemType>1</ItemType>
      <ItemName>עוגת הבית שוקוצ`יפס אסם (350 גרם)</ItemName>
      <ManufactureName>קבוצת אסם סחר שות. מוגבלת</ManufactureName>
      <ManufactureCountry />
      <ManufactureItemDescription />
      <UnitQty>יח`</UnitQty>
      <Quantity>350</Quantity>
      <UnitMeasure>גרם</UnitMeasure>
      <BisWeighted>0</BisWeighted>
      <QtyInPackage>1</QtyInPackage>
      <ItemPrice>11.90</ItemPrice>
      <UnitOfMeasurePrice>3.40</UnitOfMeasurePrice>
      <AllowDiscount>0</AllowDiscount>
      <itemStatus>1</itemStatus>
      <LastUpdateDate />
      <LastUpdateTime />
    </Product>
    <Product>
      <PriceUpdateDate>2015/05/13 08:34</PriceUpdateDate>
      <ItemCode>7290106574953</ItemCode>
      <ItemType>1</ItemType>
      <ItemName>בייגלה שטוחים עם שומשום</ItemName>
      <ManufactureName>קבוצת אסם סחר שות. מוגבלת</ManufactureName>
      <ManufactureCountry />
      <ManufactureItemDescription />
      <UnitQty>יח`</UnitQty>
      <Quantity>300</Quantity>
      <UnitMeasure>גרם</UnitMeasure>
      <BisWeighted>0</BisWeighted>
      <QtyInPackage>1</QtyInPackage>
      <ItemPrice>9.90</ItemPrice>
      <UnitOfMeasurePrice>3.30</UnitOfMeasurePrice>
      <AllowDiscount>0</AllowDiscount>
      <itemStatus>1</itemStatus>
      <LastUpdateDate />
      <LastUpdateTime />
    </Product>
    <Product>
      <PriceUpdateDate>2015/05/13 08:34</PriceUpdateDate>
      <ItemCode>7290106574977</ItemCode>
      <ItemType>1</ItemType>
      <ItemName>בייגלה שטוחים טבעות עם מלח אסם (300 גרם)</ItemName>
      <ManufactureName>קבוצת אסם סחר שות. מוגבלת</ManufactureName>
      <ManufactureCountry />
      <ManufactureItemDescription />
      <UnitQty>יח`</UnitQty>
      <Quantity>300</Quantity>
      <UnitMeasure>גרם</UnitMeasure>
      <BisWeighted>0</BisWeighted>
      <QtyInPackage>1</QtyInPackage>
      <ItemPrice>9.90</ItemPrice>
      <UnitOfMeasurePrice>3.30</UnitOfMeasurePrice>
      <AllowDiscount>0</AllowDiscount>
      <itemStatus>1</itemStatus>
      <LastUpdateDate />
      <LastUpdateTime />
    </Product>
    <Product>
      <PriceUpdateDate>2015/07/22 08:27</PriceUpdateDate>
      <ItemCode>7290106575257</ItemCode>
      <ItemType>1</ItemType>
      <ItemName>עוגת הבית סופלה טעם שוקולד</ItemName>
      <ManufactureName>קבוצת אסם סחר שות. מוגבלת</ManufactureName>
      <ManufactureCountry />
      <ManufactureItemDescription />
      <UnitQty>יח`</UnitQty>
      <Quantity>340</Quantity>
      <UnitMeasure>גרם</UnitMeasure>
      <BisWeighted>0</BisWeighted>
      <QtyInPackage>1</QtyInPackage>
      <ItemPrice>11.90</ItemPrice>
      <UnitOfMeasurePrice>3.50</UnitOfMeasurePrice>
      <AllowDiscount>0</AllowDiscount>
      <itemStatus>1</itemStatus>
      <LastUpdateDate />
      <LastUpdateTime />
    </Product>
    <Product>
      <PriceUpdateDate>2015/07/22 08:27</PriceUpdateDate>
      <ItemCode>7290106575431</ItemCode>
      <ItemType>1</ItemType>
      <ItemName>עוגת הבית סופלה טעם שוקו וניל</ItemName>
      <ManufactureName>קבוצת אסם סחר שות. מוגבלת</ManufactureName>
      <ManufactureCountry />
      <ManufactureItemDescription />
      <UnitQty>יח`</UnitQty>
      <Quantity>340</Quantity>
      <UnitMeasure>גרם</UnitMeasure>
      <BisWeighted>0</BisWeighted>
      <QtyInPackage>1</QtyInPackage>
      <ItemPrice>11.90</ItemPrice>
      <UnitOfMeasurePrice>3.50</UnitOfMeasurePrice>
      <AllowDiscount>0</AllowDiscount>
      <itemStatus>1</itemStatus>
      <LastUpdateDate />
      <LastUpdateTime />
    </Product>
    <Product>
      <PriceUpdateDate>2014/03/13 17:41</PriceUpdateDate>
      <ItemCode>7290106576513</ItemCode>
      <ItemType>1</ItemType>
      <ItemName>חומוס צבר (400 גרם)</ItemName>
      <ManufactureName>קבוצת אסם סחר שות. מוגבלת</ManufactureName>
      <ManufactureCountry />
      <ManufactureItemDescription />
      <UnitQty>יח`</UnitQty>
      <Quantity>500</Quantity>
      <UnitMeasure>גרם</UnitMeasure>
      <BisWeighted>0</BisWeighted>
      <QtyInPackage>1</QtyInPackage>
      <ItemPrice>11.90</ItemPrice>
      <UnitOfMeasurePrice>2.38</UnitOfMeasurePrice>
      <AllowDiscount>1</AllowDiscount>
      <itemStatus>1</itemStatus>
      <LastUpdateDate />
      <LastUpdateTime />
    </Product>
    <Product>
      <PriceUpdateDate>2016/10/30 11:32</PriceUpdateDate>
      <ItemCode>7290106576537</ItemCode>
      <ItemType>1</ItemType>
      <ItemName>חומוס מסעדה צבר (700 גרם)</ItemName>
      <ManufactureName>קבוצת אסם סחר שות. מוגבלת</ManufactureName>
      <ManufactureCountry />
      <ManufactureItemDescription />
      <UnitQty>יח`</UnitQty>
      <Quantity>700</Quantity>
      <UnitMeasure>גרם</UnitMeasure>
      <BisWeighted>0</BisWeighted>
      <QtyInPackage>1</QtyInPackage>
      <ItemPrice>11.90</ItemPrice>
      <UnitOfMeasurePrice>1.70</UnitOfMeasurePrice>
      <AllowDiscount>1</AllowDiscount>
      <itemStatus>1</itemStatus>
      <LastUpdateDate />
      <LastUpdateTime />
    </Product>
    <Product>
      <PriceUpdateDate>2015/04/13 10:24</PriceUpdateDate>
      <ItemCode>7290106576797</ItemCode>
      <ItemType>1</ItemType>
      <ItemName>לה קרמריה 1.4 וניל</ItemName>
      <ManufactureName>נגה גלידות שותפות מוגבלת</ManufactureName>
      <ManufactureCountry />
      <ManufactureItemDescription />
      <UnitQty>יח`</UnitQty>
      <Quantity>1400</Quantity>
      <UnitMeasure>מ"ל</UnitMeasure>
      <BisWeighted>0</BisWeighted>
      <QtyInPackage>1</QtyInPackage>
      <ItemPrice>22.90</ItemPrice>
      <UnitOfMeasurePrice>1.64</UnitOfMeasurePrice>
      <AllowDiscount>1</AllowDiscount>
      <itemStatus>1</itemStatus>
      <LastUpdateDate />
      <LastUpdateTime />
    </Product>
    <Product>
      <PriceUpdateDate>2015/04/13 10:24</PriceUpdateDate>
      <ItemCode>7290106576810</ItemCode>
      <ItemType>1</ItemType>
      <ItemName>לה קרמריה 1.4 ריבת חלב</ItemName>
      <ManufactureName>נגה גלידות שותפות מוגבלת</ManufactureName>
      <ManufactureCountry />
      <ManufactureItemDescription />
      <UnitQty>יח`</UnitQty>
      <Quantity>1400</Quantity>
      <UnitMeasure>מ"ל</UnitMeasure>
      <BisWeighted>0</BisWeighted>
      <QtyInPackage>1</QtyInPackage>
      <ItemPrice>22.90</ItemPrice>
      <UnitOfMeasurePrice>1.64</UnitOfMeasurePrice>
      <AllowDiscount>1</AllowDiscount>
      <itemStatus>1</itemStatus>
      <LastUpdateDate />
      <LastUpdateTime />
    </Product>
    <Product>
      <PriceUpdateDate>2015/04/13 10:24</PriceUpdateDate>
      <ItemCode>7290106576834</ItemCode>
      <ItemType>1</ItemType>
      <ItemName>לה קרמריה 1.4 פונטש בננה</ItemName>
      <ManufactureName>נגה גלידות שותפות מוגבלת</ManufactureName>
      <ManufactureCountry />
      <ManufactureItemDescription />
      <UnitQty>יח`</UnitQty>
      <Quantity>1.40</Quantity>
      <UnitMeasure>1 ליטר</UnitMeasure>
      <BisWeighted>0</BisWeighted>
      <QtyInPackage>1</QtyInPackage>
      <ItemPrice>22.90</ItemPrice>
      <UnitOfMeasurePrice>16.36</UnitOfMeasurePrice>
      <AllowDiscount>1</AllowDiscount>
      <itemStatus>1</itemStatus>
      <LastUpdateDate />
      <LastUpdateTime />
    </Product>
    <Product>
      <PriceUpdateDate>2015/04/13 10:24</PriceUpdateDate>
      <ItemCode>7290106576858</ItemCode>
      <ItemType>1</ItemType>
      <ItemName>לה קרמריה 1.4 תותים בשמנת</ItemName>
      <ManufactureName>נגה גלידות שותפות מוגבלת</ManufactureName>
      <ManufactureCountry />
      <ManufactureItemDescription />
      <UnitQty>יח`</UnitQty>
      <Quantity>1400</Quantity>
      <UnitMeasure>מ"ל</UnitMeasure>
      <BisWeighted>0</BisWeighted>
      <QtyInPackage>1</QtyInPackage>
      <ItemPrice>22.90</ItemPrice>
      <UnitOfMeasurePrice>1.64</UnitOfMeasurePrice>
      <AllowDiscount>1</AllowDiscount>
      <itemStatus>1</itemStatus>
      <LastUpdateDate />
      <LastUpdateTime />
    </Product>
    <Product>
      <PriceUpdateDate>2015/04/13 10:24</PriceUpdateDate>
      <ItemCode>7290106576957</ItemCode>
      <ItemType>1</ItemType>
      <ItemName>לה קרמריה 1.4 שוקו וניל פרווה</ItemName>
      <ManufactureName>נגה גלידות שותפות מוגבלת</ManufactureName>
      <ManufactureCountry />
      <ManufactureItemDescription />
      <UnitQty>יח`</UnitQty>
      <Quantity>1.40</Quantity>
      <UnitMeasure>1 ליטר</UnitMeasure>
      <BisWeighted>0</BisWeighted>
      <QtyInPackage>1</QtyInPackage>
      <ItemPrice>22.90</ItemPrice>
      <UnitOfMeasurePrice>16.36</UnitOfMeasurePrice>
      <AllowDiscount>1</AllowDiscount>
      <itemStatus>1</itemStatus>
      <LastUpdateDate />
      <LastUpdateTime />
    </Product>
    <Product>
      <PriceUpdateDate>2015/04/13 10:24</PriceUpdateDate>
      <ItemCode>7290106576971</ItemCode>
      <ItemType>1</ItemType>
      <ItemName>לה קרמריה 1.4 שוקולד</ItemName>
      <ManufactureName>נגה גלידות שותפות מוגבלת</ManufactureName>
      <ManufactureCountry />
      <ManufactureItemDescription />
      <UnitQty>יח`</UnitQty>
      <Quantity>1400</Quantity>
      <UnitMeasure>מ"ל</UnitMeasure>
      <BisWeighted>0</BisWeighted>
      <QtyInPackage>1</QtyInPackage>
      <ItemPrice>22.90</ItemPrice>
      <UnitOfMeasurePrice>1.64</UnitOfMeasurePrice>
      <AllowDiscount>1</AllowDiscount>
      <itemStatus>1</itemStatus>
      <LastUpdateDate />
      <LastUpdateTime />
    </Product>
    <Product>
      <PriceUpdateDate>2015/04/13 10:24</PriceUpdateDate>
      <ItemCode>7290106577039</ItemCode>
      <ItemType>1</ItemType>
      <ItemName>לה קרמריה 1.4 וניל שוקו</ItemName>
      <ManufactureName>נגה גלידות שותפות מוגבלת</ManufactureName>
      <ManufactureCountry />
      <ManufactureItemDescription />
      <UnitQty>יח`</UnitQty>
      <Quantity>1400</Quantity>
      <UnitMeasure>מ"ל</UnitMeasure>
      <BisWeighted>0</BisWeighted>
      <QtyInPackage>1</QtyInPackage>
      <ItemPrice>22.90</ItemPrice>
      <UnitOfMeasurePrice>1.64</UnitOfMeasurePrice>
      <AllowDiscount>1</AllowDiscount>
      <itemStatus>1</itemStatus>
      <LastUpdateDate />
      <LastUpdateTime />
    </Product>
    <Product>
      <PriceUpdateDate>2015/12/01 18:43</PriceUpdateDate>
      <ItemCode>7290106577282</ItemCode>
      <ItemType>1</ItemType>
      <ItemName>טחינה אמיתית צבר (400 גרם)</ItemName>
      <ManufactureName>קבוצת אסם סחר שות. מוגבלת</ManufactureName>
      <ManufactureCountry />
      <ManufactureItemDescription />
      <UnitQty>יח`</UnitQty>
      <Quantity>400</Quantity>
      <UnitMeasure>גרם</UnitMeasure>
      <BisWeighted>0</BisWeighted>
      <QtyInPackage>1</QtyInPackage>
      <ItemPrice>11.90</ItemPrice>
      <UnitOfMeasurePrice>2.98</UnitOfMeasurePrice>
      <AllowDiscount>1</AllowDiscount>
      <itemStatus>1</itemStatus>
      <LastUpdateDate />
      <LastUpdateTime />
    </Product>
    <Product>
      <PriceUpdateDate>2015/12/01 18:43</PriceUpdateDate>
      <ItemCode>7290106577480</ItemCode>
      <ItemType>1</ItemType>
      <ItemName>סלט חציל על האש בטחינה צבר (400 גרם)</ItemName>
      <ManufactureName>קבוצת אסם סחר שות. מוגבלת</ManufactureName>
      <ManufactureCountry />
      <ManufactureItemDescription />
      <UnitQty>יח`</UnitQty>
      <Quantity>400</Quantity>
      <UnitMeasure>גרם</UnitMeasure>
      <BisWeighted>0</BisWeighted>
      <QtyInPackage>1</QtyInPackage>
      <ItemPrice>12.90</ItemPrice>
      <UnitOfMeasurePrice>3.23</UnitOfMeasurePrice>
      <AllowDiscount>1</AllowDiscount>
      <itemStatus>1</itemStatus>
      <LastUpdateDate />
      <LastUpdateTime />
    </Product>
    <Product>
      <PriceUpdateDate>2015/12/01 18:43</PriceUpdateDate>
      <ItemCode>7290106577503</ItemCode>
      <ItemType>1</ItemType>
      <ItemName>חציל במיונז על האש צבר (400 גרם)</ItemName>
      <ManufactureName>קבוצת אסם סחר שות. מוגבלת</ManufactureName>
      <ManufactureCountry />
      <ManufactureItemDescription />
      <UnitQty>יח`</UnitQty>
      <Quantity>400</Quantity>
      <UnitMeasure>גרם</UnitMeasure>
      <BisWeighted>0</BisWeighted>
      <QtyInPackage>1</QtyInPackage>
      <ItemPrice>11.90</ItemPrice>
      <UnitOfMeasurePrice>2.98</UnitOfMeasurePrice>
      <AllowDiscount>1</AllowDiscount>
      <itemStatus>1</itemStatus>
      <LastUpdateDate />
      <LastUpdateTime />
    </Product>
    <Product>
      <PriceUpdateDate>2013/12/12 07:55</PriceUpdateDate>
      <ItemCode>7290106577541</ItemCode>
      <ItemType>1</ItemType>
      <ItemName>סלט כרוב אדום צבר (400 גרם)</ItemName>
      <ManufactureName>קבוצת אסם סחר שות. מוגבלת</ManufactureName>
      <ManufactureCountry />
      <ManufactureItemDescription />
      <UnitQty>יח`</UnitQty>
      <Quantity>400</Quantity>
      <UnitMeasure>גרם</UnitMeasure>
      <BisWeighted>0</BisWeighted>
      <QtyInPackage>1</QtyInPackage>
      <ItemPrice>10.90</ItemPrice>
      <UnitOfMeasurePrice>2.73</UnitOfMeasurePrice>
      <AllowDiscount>1</AllowDiscount>
      <itemStatus>1</itemStatus>
      <LastUpdateDate />
      <LastUpdateTime />
    </Product>
    <Product>
      <PriceUpdateDate>2017/12/08 09:29</PriceUpdateDate>
      <ItemCode>7290106577688</ItemCode>
      <ItemType>1</ItemType>
      <ItemName> קראנצ`540  גר`בונז`ור ולתנור קפוא</ItemName>
      <ManufactureName>קבוצת אסם סחר שות. מוגבלת</ManufactureName>
      <ManufactureCountry />
      <ManufactureItemDescription />
      <UnitQty>יח`</UnitQty>
      <Quantity>540</Quantity>
      <UnitMeasure>גרם</UnitMeasure>
      <BisWeighted>0</BisWeighted>
      <QtyInPackage>1</QtyInPackage>
      <ItemPrice>19.90</ItemPrice>
      <UnitOfMeasurePrice>3.69</UnitOfMeasurePrice>
      <AllowDiscount>0</AllowDiscount>
      <itemStatus>1</itemStatus>
      <LastUpdateDate />
      <LastUpdateTime />
    </Product>
    <Product>
      <PriceUpdateDate>2017/12/08 09:29</PriceUpdateDate>
      <ItemCode>7290106577701</ItemCode>
      <ItemType>1</ItemType>
      <ItemName>רוגעלך 560  גר`בונז`ור ולתנור קפוא</ItemName>
      <ManufactureName>קבוצת אסם סחר שות. מוגבלת</ManufactureName>
      <ManufactureCountry />
      <ManufactureItemDescription />
      <UnitQty>יח`</UnitQty>
      <Quantity>560</Quantity>
      <UnitMeasure>גרם</UnitMeasure>
      <BisWeighted>0</BisWeighted>
      <QtyInPackage>1</QtyInPackage>
      <ItemPrice>19.90</ItemPrice>
      <UnitOfMeasurePrice>3.55</UnitOfMeasurePrice>
      <AllowDiscount>0</AllowDiscount>
      <itemStatus>1</itemStatus>
      <LastUpdateDate />
      <LastUpdateTime />
    </Product>
    <Product>
      <PriceUpdateDate>2018/05/30 16:17</PriceUpdateDate>
      <ItemCode>7290106577725</ItemCode>
      <ItemType>1</ItemType>
      <ItemName>עוגת בראוניס תפוחים בונז`ור</ItemName>
      <ManufactureName>קבוצת אסם סחר שות. מוגבלת</ManufactureName>
      <ManufactureCountry />
      <ManufactureItemDescription />
      <UnitQty>יח`</UnitQty>
      <Quantity>1</Quantity>
      <UnitMeasure />
      <BisWeighted>0</BisWeighted>
      <QtyInPackage>1</QtyInPackage>
      <ItemPrice>19.90</ItemPrice>
      <UnitOfMeasurePrice>19.90</UnitOfMeasurePrice>
      <AllowDiscount>0</AllowDiscount>
      <itemStatus>1</itemStatus>
      <LastUpdateDate />
      <LastUpdateTime />
    </Product>
    <Product>
      <PriceUpdateDate>2017/08/03 08:40</PriceUpdateDate>
      <ItemCode>7290106577763</ItemCode>
      <ItemType>1</ItemType>
      <ItemName>עוגת בראוניס שוקולדבונז`ור</ItemName>
      <ManufactureName>קבוצת אסם סחר שות. מוגבלת</ManufactureName>
      <ManufactureCountry />
      <ManufactureItemDescription />
      <UnitQty>יח`</UnitQty>
      <Quantity>1</Quantity>
      <UnitMeasure />
      <BisWeighted>0</BisWeighted>
      <QtyInPackage>1</QtyInPackage>
      <ItemPrice>19.90</ItemPrice>
      <UnitOfMeasurePrice>19.90</UnitOfMeasurePrice>
      <AllowDiscount>0</AllowDiscount>
      <itemStatus>1</itemStatus>
      <LastUpdateDate />
      <LastUpdateTime />
    </Product>
    <Product>
      <PriceUpdateDate>2015/10/11 08:55</PriceUpdateDate>
      <ItemCode>7290106578821</ItemCode>
      <ItemType>1</ItemType>
      <ItemName>עוגת הבית שמרים שוקולד קלסית</ItemName>
      <ManufactureName>קבוצת אסם סחר שות. מוגבלת</ManufactureName>
      <ManufactureCountry />
      <ManufactureItemDescription />
      <UnitQty>יח`</UnitQty>
      <Quantity>350</Quantity>
      <UnitMeasure>גרם</UnitMeasure>
      <BisWeighted>0</BisWeighted>
      <QtyInPackage>1</QtyInPackage>
      <ItemPrice>17.90</ItemPrice>
      <UnitOfMeasurePrice>5.11</UnitOfMeasurePrice>
      <AllowDiscount>0</AllowDiscount>
      <itemStatus>1</itemStatus>
      <LastUpdateDate />
      <LastUpdateTime />
    </Product>
    <Product>
      <PriceUpdateDate>2015/01/29 11:25</PriceUpdateDate>
      <ItemCode>7290106651173</ItemCode>
      <ItemType>1</ItemType>
      <ItemName>מאגדת טעמי מגדים</ItemName>
      <ManufactureName>שטראוס גרופ בעמ</ManufactureName>
      <ManufactureCountry />
      <ManufactureItemDescription />
      <UnitQty>יח`</UnitQty>
      <Quantity>160</Quantity>
      <UnitMeasure>גרם</UnitMeasure>
      <BisWeighted>0</BisWeighted>
      <QtyInPackage>1</QtyInPackage>
      <ItemPrice>13.90</ItemPrice>
      <UnitOfMeasurePrice>8.69</UnitOfMeasurePrice>
      <AllowDiscount>0</AllowDiscount>
      <itemStatus>1</itemStatus>
      <LastUpdateDate />
      <LastUpdateTime />
    </Product>
    <Product>
      <PriceUpdateDate>2015/01/29 11:25</PriceUpdateDate>
      <ItemCode>7290106651265</ItemCode>
      <ItemType>1</ItemType>
      <ItemName>שלישיית פסק זמן קלאסי מגדים</ItemName>
      <ManufactureName>שטראוס גרופ בעמ</ManufactureName>
      <ManufactureCountry />
      <ManufactureItemDescription />
      <UnitQty>יח`</UnitQty>
      <Quantity>1</Quantity>
      <UnitMeasure />
      <BisWeighted>0</BisWeighted>
      <QtyInPackage>1</QtyInPackage>
      <ItemPrice>12.90</ItemPrice>
      <UnitOfMeasurePrice>12.90</UnitOfMeasurePrice>
      <AllowDiscount>0</AllowDiscount>
      <itemStatus>1</itemStatus>
      <LastUpdateDate />
      <LastUpdateTime />
    </Product>
    <Product>
      <PriceUpdateDate>2014/03/26 11:56</PriceUpdateDate>
      <ItemCode>7290106653207</ItemCode>
      <ItemType>1</ItemType>
      <ItemName>פיתה קראנצ` בטעם זעתר עלית (300 גרם)</ItemName>
      <ManufactureName>שטראוס פריטו ליי בעמ</ManufactureName>
      <ManufactureCountry />
      <ManufactureItemDescription />
      <UnitQty>יח`</UnitQty>
      <Quantity>300</Quantity>
      <UnitMeasure>גרם</UnitMeasure>
      <BisWeighted>0</BisWeighted>
      <QtyInPackage>1</QtyInPackage>
      <ItemPrice>13</ItemPrice>
      <UnitOfMeasurePrice>4.33</UnitOfMeasurePrice>
      <AllowDiscount>1</AllowDiscount>
      <itemStatus>1</itemStatus>
      <LastUpdateDate />
      <LastUpdateTime />
    </Product>
    <Product>
      <PriceUpdateDate>2017/04/26 09:23</PriceUpdateDate>
      <ItemCode>7290106653689</ItemCode>
      <ItemType>1</ItemType>
      <ItemName>לקט לסלט אסייתי 350 גר`-טעם הטבע</ItemName>
      <ManufactureName>שטראוס גרופ בעמ/מצונן</ManufactureName>
      <ManufactureCountry />
      <ManufactureItemDescription />
      <UnitQty>יח`</UnitQty>
      <Quantity>350</Quantity>
      <UnitMeasure>גרם</UnitMeasure>
      <BisWeighted>0</BisWeighted>
      <QtyInPackage>1</QtyInPackage>
      <ItemPrice>10.90</ItemPrice>
      <UnitOfMeasurePrice>3.11</UnitOfMeasurePrice>
      <AllowDiscount>0</AllowDiscount>
      <itemStatus>1</itemStatus>
      <LastUpdateDate />
      <LastUpdateTime />
    </Product>
    <Product>
      <PriceUpdateDate>2017/01/03 08:56</PriceUpdateDate>
      <ItemCode>7290106654099</ItemCode>
      <ItemType>1</ItemType>
      <ItemName>מארז מילקי CAKE שמיניה</ItemName>
      <ManufactureName>שטראוס גרופ בעמ/מצונן</ManufactureName>
      <ManufactureCountry />
      <ManufactureItemDescription />
      <UnitQty>יח`</UnitQty>
      <Quantity>272</Quantity>
      <UnitMeasure>גרם</UnitMeasure>
      <BisWeighted>0</BisWeighted>
      <QtyInPackage>1</QtyInPackage>
      <ItemPrice>19.90</ItemPrice>
      <UnitOfMeasurePrice>7.32</UnitOfMeasurePrice>
      <AllowDiscount>0</AllowDiscount>
      <itemStatus>1</itemStatus>
      <LastUpdateDate />
      <LastUpdateTime />
    </Product>
    <Product>
      <PriceUpdateDate>2017/03/27 12:24</PriceUpdateDate>
      <ItemCode>7290106654921</ItemCode>
      <ItemType>1</ItemType>
      <ItemName>תפוצ`יפס 50 גר` אקסטרא</ItemName>
      <ManufactureName>שטראוס פריטו ליי בעמ</ManufactureName>
      <ManufactureCountry />
      <ManufactureItemDescription />
      <UnitQty>יח`</UnitQty>
      <Quantity>1</Quantity>
      <UnitMeasure />
      <BisWeighted>0</BisWeighted>
      <QtyInPackage>1</QtyInPackage>
      <ItemPrice>3.90</ItemPrice>
      <UnitOfMeasurePrice>3.90</UnitOfMeasurePrice>
      <AllowDiscount>0</AllowDiscount>
      <itemStatus>1</itemStatus>
      <LastUpdateDate />
      <LastUpdateTime />
    </Product>
    <Product>
      <PriceUpdateDate>2017/05/12 07:51</PriceUpdateDate>
      <ItemCode>7290106656260</ItemCode>
      <ItemType>1</ItemType>
      <ItemName>פופקורן בטעם טבעי עלית (65 גרם)</ItemName>
      <ManufactureName>שטראוס פריטו ליי בעמ</ManufactureName>
      <ManufactureCountry />
      <ManufactureItemDescription />
      <UnitQty>יח`</UnitQty>
      <Quantity>65</Quantity>
      <UnitMeasure>גרם</UnitMeasure>
      <BisWeighted>0</BisWeighted>
      <QtyInPackage>1</QtyInPackage>
      <ItemPrice>3.90</ItemPrice>
      <UnitOfMeasurePrice>6</UnitOfMeasurePrice>
      <AllowDiscount>1</AllowDiscount>
      <itemStatus>1</itemStatus>
      <LastUpdateDate />
      <LastUpdateTime />
    </Product>
    <Product>
      <PriceUpdateDate>2019/01/30 09:04</PriceUpdateDate>
      <ItemCode>7290106656512</ItemCode>
      <ItemType>1</ItemType>
      <ItemName>בפלות טורטית מהדרין עלית (360 גרם)</ItemName>
      <ManufactureName>שטראוס גרופ בעמ</ManufactureName>
      <ManufactureCountry />
      <ManufactureItemDescription />
      <UnitQty>יח`</UnitQty>
      <Quantity>360</Quantity>
      <UnitMeasure>גרם</UnitMeasure>
      <BisWeighted>0</BisWeighted>
      <QtyInPackage>1</QtyInPackage>
      <ItemPrice>15.80</ItemPrice>
      <UnitOfMeasurePrice>4.39</UnitOfMeasurePrice>
      <AllowDiscount>0</AllowDiscount>
      <itemStatus>1</itemStatus>
      <LastUpdateDate />
      <LastUpdateTime />
    </Product>
    <Product>
      <PriceUpdateDate>2014/12/29 08:47</PriceUpdateDate>
      <ItemCode>7290106656727</ItemCode>
      <ItemType>1</ItemType>
      <ItemName>חיוכים שוקו 600 גר בדצ</ItemName>
      <ManufactureName>שטראוס גרופ בעמ</ManufactureName>
      <ManufactureCountry />
      <ManufactureItemDescription />
      <UnitQty>יח`</UnitQty>
      <Quantity>600</Quantity>
      <UnitMeasure>גרם</UnitMeasure>
      <BisWeighted>0</BisWeighted>
      <QtyInPackage>1</QtyInPackage>
      <ItemPrice>17.90</ItemPrice>
      <UnitOfMeasurePrice>2.98</UnitOfMeasurePrice>
      <AllowDiscount>0</AllowDiscount>
      <itemStatus>1</itemStatus>
      <LastUpdateDate />
      <LastUpdateTime />
    </Product>
    <Product>
      <PriceUpdateDate>2014/12/29 08:47</PriceUpdateDate>
      <ItemCode>7290106656734</ItemCode>
      <ItemType>1</ItemType>
      <ItemName>חיוכים וניל 600 גר בדצ</ItemName>
      <ManufactureName>שטראוס גרופ בעמ</ManufactureName>
      <ManufactureCountry />
      <ManufactureItemDescription />
      <UnitQty>יח`</UnitQty>
      <Quantity>600</Quantity>
      <UnitMeasure>גרם</UnitMeasure>
      <BisWeighted>0</BisWeighted>
      <QtyInPackage>1</QtyInPackage>
      <ItemPrice>17.90</ItemPrice>
      <UnitOfMeasurePrice>2.98</UnitOfMeasurePrice>
      <AllowDiscount>0</AllowDiscount>
      <itemStatus>1</itemStatus>
      <LastUpdateDate />
      <LastUpdateTime />
    </Product>
    <Product>
      <PriceUpdateDate>2014/01/03 08:58</PriceUpdateDate>
      <ItemCode>7290106657137</ItemCode>
      <ItemType>1</ItemType>
      <ItemName>תפוצ`יפס 200 גר` אקסטרא</ItemName>
      <ManufactureName>שטראוס פריטו ליי בעמ</ManufactureName>
      <ManufactureCountry />
      <ManufactureItemDescription />
      <UnitQty>יח`</UnitQty>
      <Quantity>200</Quantity>
      <UnitMeasure>גרם</UnitMeasure>
      <BisWeighted>0</BisWeighted>
      <QtyInPackage>1</QtyInPackage>
      <ItemPrice>10.90</ItemPrice>
      <UnitOfMeasurePrice>5.45</UnitOfMeasurePrice>
      <AllowDiscount>1</AllowDiscount>
      <itemStatus>1</itemStatus>
      <LastUpdateDate />
      <LastUpdateTime />
    </Product>
    <Product>
      <PriceUpdateDate>2015/02/24 06:50</PriceUpdateDate>
      <ItemCode>7290106658479</ItemCode>
      <ItemType>1</ItemType>
      <ItemName>טורטית מגדים</ItemName>
      <ManufactureName>שטראוס גרופ בעמ</ManufactureName>
      <ManufactureCountry />
      <ManufactureItemDescription />
      <UnitQty>יח`</UnitQty>
      <Quantity>40</Quantity>
      <UnitMeasure>גרם</UnitMeasure>
      <BisWeighted>0</BisWeighted>
      <QtyInPackage>1</QtyInPackage>
      <ItemPrice>3.90</ItemPrice>
      <UnitOfMeasurePrice>9.75</UnitOfMeasurePrice>
      <AllowDiscount>1</AllowDiscount>
      <itemStatus>1</itemStatus>
      <LastUpdateDate />
      <LastUpdateTime />
    </Product>
    <Product>
      <PriceUpdateDate>2017/06/04 12:30</PriceUpdateDate>
      <ItemCode>7290106660649</ItemCode>
      <ItemType>1</ItemType>
      <ItemName>חטיף תירס ובוטנים צ`יטוס (80 גרם)</ItemName>
      <ManufactureName>שטראוס פריטו ליי בעמ</ManufactureName>
      <ManufactureCountry />
      <ManufactureItemDescription />
      <UnitQty>יח`</UnitQty>
      <Quantity>80</Quantity>
      <UnitMeasure>גרם</UnitMeasure>
      <BisWeighted>0</BisWeighted>
      <QtyInPackage>1</QtyInPackage>
      <ItemPrice>4.50</ItemPrice>
      <UnitOfMeasurePrice>5.63</UnitOfMeasurePrice>
      <AllowDiscount>0</AllowDiscount>
      <itemStatus>1</itemStatus>
      <LastUpdateDate />
      <LastUpdateTime />
    </Product>
    <Product>
      <PriceUpdateDate>2015/03/04 07:31</PriceUpdateDate>
      <ItemCode>7290106660915</ItemCode>
      <ItemType>1</ItemType>
      <ItemName>מקופלת XL מריר 33 גר</ItemName>
      <ManufactureName>שטראוס גרופ בעמ</ManufactureName>
      <ManufactureCountry />
      <ManufactureItemDescription />
      <UnitQty>יח`</UnitQty>
      <Quantity>33</Quantity>
      <UnitMeasure>גרם</UnitMeasure>
      <BisWeighted>0</BisWeighted>
      <QtyInPackage>1</QtyInPackage>
      <ItemPrice>3.90</ItemPrice>
      <UnitOfMeasurePrice>11.82</UnitOfMeasurePrice>
      <AllowDiscount>1</AllowDiscount>
      <itemStatus>1</itemStatus>
      <LastUpdateDate />
      <LastUpdateTime />
    </Product>
    <Product>
      <PriceUpdateDate>2016/05/30 13:53</PriceUpdateDate>
      <ItemCode>7290106662186</ItemCode>
      <ItemType>1</ItemType>
      <ItemName>עוגת רולדה טורטית עלית (350 גרם)</ItemName>
      <ManufactureName>שטראוס גרופ בעמ</ManufactureName>
      <ManufactureCountry />
      <ManufactureItemDescription />
      <UnitQty>יח`</UnitQty>
      <Quantity>350</Quantity>
      <UnitMeasure>גרם</UnitMeasure>
      <BisWeighted>0</BisWeighted>
      <QtyInPackage>1</QtyInPackage>
      <ItemPrice>13.90</ItemPrice>
      <UnitOfMeasurePrice>3.97</UnitOfMeasurePrice>
      <AllowDiscount>1</AllowDiscount>
      <itemStatus>1</itemStatus>
      <LastUpdateDate />
      <LastUpdateTime />
    </Product>
    <Product>
      <PriceUpdateDate>2020/03/29 11:22</PriceUpdateDate>
      <ItemCode>7290106662223</ItemCode>
      <ItemType>1</ItemType>
      <ItemName>אפיפיות בטעם שוקולד עלית (200x2 גרם)</ItemName>
      <ManufactureName>שטראוס גרופ בעמ</ManufactureName>
      <ManufactureCountry />
      <ManufactureItemDescription />
      <UnitQty>יח`</UnitQty>
      <Quantity>400</Quantity>
      <UnitMeasure>גרם</UnitMeasure>
      <BisWeighted>0</BisWeighted>
      <QtyInPackage>1</QtyInPackage>
      <ItemPrice>14.90</ItemPrice>
      <UnitOfMeasurePrice>3.73</UnitOfMeasurePrice>
      <AllowDiscount>0</AllowDiscount>
      <itemStatus>1</itemStatus>
      <LastUpdateDate />
      <LastUpdateTime />
    </Product>
    <Product>
      <PriceUpdateDate>2015/06/17 08:39</PriceUpdateDate>
      <ItemCode>7290106662964</ItemCode>
      <ItemType>1</ItemType>
      <ItemName>סוכריות נוסטלגיה גומי יין</ItemName>
      <ManufactureName>שטראוס גרופ בעמ</ManufactureName>
      <ManufactureCountry />
      <ManufactureItemDescription />
      <UnitQty>יח`</UnitQty>
      <Quantity>80</Quantity>
      <UnitMeasure>גרם</UnitMeasure>
      <BisWeighted>0</BisWeighted>
      <QtyInPackage>1</QtyInPackage>
      <ItemPrice>5.90</ItemPrice>
      <UnitOfMeasurePrice>7.38</UnitOfMeasurePrice>
      <AllowDiscount>0</AllowDiscount>
      <itemStatus>1</itemStatus>
      <LastUpdateDate />
      <LastUpdateTime />
    </Product>
    <Product>
      <PriceUpdateDate>2017/05/17 08:19</PriceUpdateDate>
      <ItemCode>7290106663008</ItemCode>
      <ItemType>1</ItemType>
      <ItemName>פסק זמן נשנושים עלית (130  גרם)* *</ItemName>
      <ManufactureName>שטראוס גרופ בעמ</ManufactureName>
      <ManufactureCountry />
      <ManufactureItemDescription />
      <UnitQty>יח`</UnitQty>
      <Quantity>130</Quantity>
      <UnitMeasure>גרם</UnitMeasure>
      <BisWeighted>0</BisWeighted>
      <QtyInPackage>1</QtyInPackage>
      <ItemPrice>11.90</ItemPrice>
      <UnitOfMeasurePrice>9.15</UnitOfMeasurePrice>
      <AllowDiscount>0</AllowDiscount>
      <itemStatus>1</itemStatus>
      <LastUpdateDate />
      <LastUpdateTime />
    </Product>
    <Product>
      <PriceUpdateDate>2017/05/17 08:19</PriceUpdateDate>
      <ItemCode>7290106663015</ItemCode>
      <ItemType>1</ItemType>
      <ItemName>טורטית נשנושים עלית (130  גרם)* *</ItemName>
      <ManufactureName>שטראוס גרופ בעמ</ManufactureName>
      <ManufactureCountry />
      <ManufactureItemDescription />
      <UnitQty>יח`</UnitQty>
      <Quantity>130</Quantity>
      <UnitMeasure>גרם</UnitMeasure>
      <BisWeighted>0</BisWeighted>
      <QtyInPackage>1</QtyInPackage>
      <ItemPrice>11.90</ItemPrice>
      <UnitOfMeasurePrice>9.15</UnitOfMeasurePrice>
      <AllowDiscount>0</AllowDiscount>
      <itemStatus>1</itemStatus>
      <LastUpdateDate />
      <LastUpdateTime />
    </Product>
    <Product>
      <PriceUpdateDate>2015/12/24 08:54</PriceUpdateDate>
      <ItemCode>7290106663091</ItemCode>
      <ItemType>1</ItemType>
      <ItemName>לאבנה 9% שטראוס (500 גרם)</ItemName>
      <ManufactureName>שטראוס גרופ בעמ/מצונן</ManufactureName>
      <ManufactureCountry />
      <ManufactureItemDescription />
      <UnitQty>יח`</UnitQty>
      <Quantity>500</Quantity>
      <UnitMeasure>גרם</UnitMeasure>
      <BisWeighted>0</BisWeighted>
      <QtyInPackage>1</QtyInPackage>
      <ItemPrice>17.90</ItemPrice>
      <UnitOfMeasurePrice>3.58</UnitOfMeasurePrice>
      <AllowDiscount>0</AllowDiscount>
      <itemStatus>1</itemStatus>
      <LastUpdateDate />
      <LastUpdateTime />
    </Product>
    <Product>
      <PriceUpdateDate>2015/12/01 12:47</PriceUpdateDate>
      <ItemCode>7290106663503</ItemCode>
      <ItemType>1</ItemType>
      <ItemName>קונפיטורת תות לייט יד מרדכי (230 גרם)</ItemName>
      <ManufactureName>שטראוס גרופ בעמ</ManufactureName>
      <ManufactureCountry />
      <ManufactureItemDescription />
      <UnitQty>יח`</UnitQty>
      <Quantity>250</Quantity>
      <UnitMeasure>גרם</UnitMeasure>
      <BisWeighted>0</BisWeighted>
      <QtyInPackage>1</QtyInPackage>
      <ItemPrice>14.90</ItemPrice>
      <UnitOfMeasurePrice>5.96</UnitOfMeasurePrice>
      <AllowDiscount>1</AllowDiscount>
      <itemStatus>1</itemStatus>
      <LastUpdateDate />
      <LastUpdateTime />
    </Product>
    <Product>
      <PriceUpdateDate>2016/04/04 11:21</PriceUpdateDate>
      <ItemCode>7290106663541</ItemCode>
      <ItemType>1</ItemType>
      <ItemName>רוטב צ`ילי מתוק יד מרדכי (320 גר`)</ItemName>
      <ManufactureName>שטראוס גרופ בעמ</ManufactureName>
      <ManufactureCountry />
      <ManufactureItemDescription />
      <UnitQty>יח`</UnitQty>
      <Quantity>320</Quantity>
      <UnitMeasure>גרם</UnitMeasure>
      <BisWeighted>0</BisWeighted>
      <QtyInPackage>1</QtyInPackage>
      <ItemPrice>14.90</ItemPrice>
      <UnitOfMeasurePrice>4.66</UnitOfMeasurePrice>
      <AllowDiscount>0</AllowDiscount>
      <itemStatus>1</itemStatus>
      <LastUpdateDate />
      <LastUpdateTime />
    </Product>
    <Product>
      <PriceUpdateDate>2016/04/04 11:21</PriceUpdateDate>
      <ItemCode>7290106663558</ItemCode>
      <ItemType>1</ItemType>
      <ItemName>רוטב טריאקי יד מרדכי (320 גר` )</ItemName>
      <ManufactureName>שטראוס גרופ בעמ</ManufactureName>
      <ManufactureCountry />
      <ManufactureItemDescription />
      <UnitQty>יח`</UnitQty>
      <Quantity>320</Quantity>
      <UnitMeasure>גרם</UnitMeasure>
      <BisWeighted>0</BisWeighted>
      <QtyInPackage>1</QtyInPackage>
      <ItemPrice>14.90</ItemPrice>
      <UnitOfMeasurePrice>4.66</UnitOfMeasurePrice>
      <AllowDiscount>0</AllowDiscount>
      <itemStatus>1</itemStatus>
      <LastUpdateDate />
      <LastUpdateTime />
    </Product>
    <Product>
      <PriceUpdateDate>2015/04/30 09:43</PriceUpdateDate>
      <ItemCode>7290106663565</ItemCode>
      <ItemType>1</ItemType>
      <ItemName>חלבית 300 גר-חלבי  בדצ</ItemName>
      <ManufactureName>שטראוס גרופ בעמ</ManufactureName>
      <ManufactureCountry />
      <ManufactureItemDescription />
      <UnitQty>יח`</UnitQty>
      <Quantity>300</Quantity>
      <UnitMeasure>גרם</UnitMeasure>
      <BisWeighted>0</BisWeighted>
      <QtyInPackage>1</QtyInPackage>
      <ItemPrice>16.90</ItemPrice>
      <UnitOfMeasurePrice>5.63</UnitOfMeasurePrice>
      <AllowDiscount>0</AllowDiscount>
      <itemStatus>1</itemStatus>
      <LastUpdateDate />
      <LastUpdateTime />
    </Product>
    <Product>
      <PriceUpdateDate>2015/12/24 08:54</PriceUpdateDate>
      <ItemCode>7290106664067</ItemCode>
      <ItemType>1</ItemType>
      <ItemName>לאבנה שמן זית וזעתר %10שומן</ItemName>
      <ManufactureName>שטראוס גרופ בעמ/מצונן</ManufactureName>
      <ManufactureCountry />
      <ManufactureItemDescription />
      <UnitQty>יח`</UnitQty>
      <Quantity>400</Quantity>
      <UnitMeasure>גרם</UnitMeasure>
      <BisWeighted>0</BisWeighted>
      <QtyInPackage>1</QtyInPackage>
      <ItemPrice>13.90</ItemPrice>
      <UnitOfMeasurePrice>3.48</UnitOfMeasurePrice>
      <AllowDiscount>0</AllowDiscount>
      <itemStatus>1</itemStatus>
      <LastUpdateDate />
      <LastUpdateTime />
    </Product>
    <Product>
      <PriceUpdateDate>2016/06/08 08:29</PriceUpdateDate>
      <ItemCode>7290106667266</ItemCode>
      <ItemType>1</ItemType>
      <ItemName>חטיף תירס חמוץ חריף דוריטוס (185 גרם)</ItemName>
      <ManufactureName>שטראוס פריטו ליי בעמ</ManufactureName>
      <ManufactureCountry />
      <ManufactureItemDescription />
      <UnitQty>יח`</UnitQty>
      <Quantity>185</Quantity>
      <UnitMeasure>גרם</UnitMeasure>
      <BisWeighted>0</BisWeighted>
      <QtyInPackage>1</QtyInPackage>
      <ItemPrice>7.50</ItemPrice>
      <UnitOfMeasurePrice>4.05</UnitOfMeasurePrice>
      <AllowDiscount>0</AllowDiscount>
      <itemStatus>1</itemStatus>
      <LastUpdateDate />
      <LastUpdateTime />
    </Product>
    <Product>
      <PriceUpdateDate>2017/05/17 08:19</PriceUpdateDate>
      <ItemCode>7290106668577</ItemCode>
      <ItemType>1</ItemType>
      <ItemName>יד מרדכי מיץ לימון 250 מל</ItemName>
      <ManufactureName>שטראוס גרופ בעמ</ManufactureName>
      <ManufactureCountry />
      <ManufactureItemDescription />
      <UnitQty>יח`</UnitQty>
      <Quantity>250</Quantity>
      <UnitMeasure>מ"ל</UnitMeasure>
      <BisWeighted>0</BisWeighted>
      <QtyInPackage>1</QtyInPackage>
      <ItemPrice>8.90</ItemPrice>
      <UnitOfMeasurePrice>3.56</UnitOfMeasurePrice>
      <AllowDiscount>1</AllowDiscount>
      <itemStatus>1</itemStatus>
      <LastUpdateDate />
      <LastUpdateTime />
    </Product>
    <Product>
      <PriceUpdateDate>2017/06/04 12:30</PriceUpdateDate>
      <ItemCode>7290106720626</ItemCode>
      <ItemType>1</ItemType>
      <ItemName>חטיף תירס בטעם גבינה צ`יטוס (80 גרם)</ItemName>
      <ManufactureName>שטראוס פריטו ליי בעמ</ManufactureName>
      <ManufactureCountry />
      <ManufactureItemDescription />
      <UnitQty>יח`</UnitQty>
      <Quantity>80</Quantity>
      <UnitMeasure>גרם</UnitMeasure>
      <BisWeighted>0</BisWeighted>
      <QtyInPackage>1</QtyInPackage>
      <ItemPrice>4.50</ItemPrice>
      <UnitOfMeasurePrice>5.63</UnitOfMeasurePrice>
      <AllowDiscount>0</AllowDiscount>
      <itemStatus>1</itemStatus>
      <LastUpdateDate />
      <LastUpdateTime />
    </Product>
    <Product>
      <PriceUpdateDate>2015/06/17 08:39</PriceUpdateDate>
      <ItemCode>7290106721906</ItemCode>
      <ItemType>1</ItemType>
      <ItemName>מסטיק ללא סוכר בזוקה (66 גרם)</ItemName>
      <ManufactureName>שטראוס גרופ בעמ</ManufactureName>
      <ManufactureCountry />
      <ManufactureItemDescription />
      <UnitQty>יח`</UnitQty>
      <Quantity>66</Quantity>
      <UnitMeasure>גרם</UnitMeasure>
      <BisWeighted>0</BisWeighted>
      <QtyInPackage>1</QtyInPackage>
      <ItemPrice>9.90</ItemPrice>
      <UnitOfMeasurePrice>15</UnitOfMeasurePrice>
      <AllowDiscount>1</AllowDiscount>
      <itemStatus>1</itemStatus>
      <LastUpdateDate />
      <LastUpdateTime />
    </Product>
    <Product>
      <PriceUpdateDate>2015/06/17 08:39</PriceUpdateDate>
      <ItemCode>7290106721913</ItemCode>
      <ItemType>1</ItemType>
      <ItemName>מאסט ללא סוכר צנצנת</ItemName>
      <ManufactureName>שטראוס גרופ בעמ</ManufactureName>
      <ManufactureCountry />
      <ManufactureItemDescription />
      <UnitQty>יח`</UnitQty>
      <Quantity>66</Quantity>
      <UnitMeasure>גרם</UnitMeasure>
      <BisWeighted>0</BisWeighted>
      <QtyInPackage>1</QtyInPackage>
      <ItemPrice>9.90</ItemPrice>
      <UnitOfMeasurePrice>15</UnitOfMeasurePrice>
      <AllowDiscount>1</AllowDiscount>
      <itemStatus>1</itemStatus>
      <LastUpdateDate />
      <LastUpdateTime />
    </Product>
    <Product>
      <PriceUpdateDate>2015/06/17 08:39</PriceUpdateDate>
      <ItemCode>7290106721920</ItemCode>
      <ItemType>1</ItemType>
      <ItemName>צנצנת ספירמינט צ`יקלט</ItemName>
      <ManufactureName>שטראוס גרופ בעמ</ManufactureName>
      <ManufactureCountry />
      <ManufactureItemDescription />
      <UnitQty>יח`</UnitQty>
      <Quantity>66</Quantity>
      <UnitMeasure>גרם</UnitMeasure>
      <BisWeighted>0</BisWeighted>
      <QtyInPackage>1</QtyInPackage>
      <ItemPrice>9.90</ItemPrice>
      <UnitOfMeasurePrice>15</UnitOfMeasurePrice>
      <AllowDiscount>1</AllowDiscount>
      <itemStatus>1</itemStatus>
      <LastUpdateDate />
      <LastUpdateTime />
    </Product>
    <Product>
      <PriceUpdateDate>2016/04/19 09:24</PriceUpdateDate>
      <ItemCode>7290106723689</ItemCode>
      <ItemType>1</ItemType>
      <ItemName>עלי תרד בייבי 200גר` שטראוס טעם הטבע</ItemName>
      <ManufactureName>שטראוס גרופ בעמ/מצונן</ManufactureName>
      <ManufactureCountry />
      <ManufactureItemDescription />
      <UnitQty>יח`</UnitQty>
      <Quantity>200</Quantity>
      <UnitMeasure>גרם</UnitMeasure>
      <BisWeighted>0</BisWeighted>
      <QtyInPackage>1</QtyInPackage>
      <ItemPrice>10.90</ItemPrice>
      <UnitOfMeasurePrice>5.45</UnitOfMeasurePrice>
      <AllowDiscount>1</AllowDiscount>
      <itemStatus>1</itemStatus>
      <LastUpdateDate />
      <LastUpdateTime />
    </Product>
    <Product>
      <PriceUpdateDate>2015/04/30 09:43</PriceUpdateDate>
      <ItemCode>7290106724419</ItemCode>
      <ItemType>1</ItemType>
      <ItemName>חיוכים וניל 150 גר`</ItemName>
      <ManufactureName>שטראוס גרופ בעמ</ManufactureName>
      <ManufactureCountry />
      <ManufactureItemDescription />
      <UnitQty>יח`</UnitQty>
      <Quantity>150</Quantity>
      <UnitMeasure>גרם</UnitMeasure>
      <BisWeighted>0</BisWeighted>
      <QtyInPackage>1</QtyInPackage>
      <ItemPrice>4.90</ItemPrice>
      <UnitOfMeasurePrice>3.27</UnitOfMeasurePrice>
      <AllowDiscount>0</AllowDiscount>
      <itemStatus>1</itemStatus>
      <LastUpdateDate />
      <LastUpdateTime />
    </Product>
    <Product>
      <PriceUpdateDate>2015/08/03 08:23</PriceUpdateDate>
      <ItemCode>7290106725423</ItemCode>
      <ItemType>1</ItemType>
      <ItemName>רבע לשבע חלבה</ItemName>
      <ManufactureName>שטראוס גרופ בעמ</ManufactureName>
      <ManufactureCountry />
      <ManufactureItemDescription />
      <UnitQty>יח`</UnitQty>
      <Quantity>120</Quantity>
      <UnitMeasure>גרם</UnitMeasure>
      <BisWeighted>0</BisWeighted>
      <QtyInPackage>1</QtyInPackage>
      <ItemPrice>12.90</ItemPrice>
      <UnitOfMeasurePrice>10.75</UnitOfMeasurePrice>
      <AllowDiscount>1</AllowDiscount>
      <itemStatus>1</itemStatus>
      <LastUpdateDate />
      <LastUpdateTime />
    </Product>
    <Product>
      <PriceUpdateDate>2017/08/13 08:09</PriceUpdateDate>
      <ItemCode>7290106725867</ItemCode>
      <ItemType>1</ItemType>
      <ItemName>סירופ מייפל טהור 189מל יד מורדכי</ItemName>
      <ManufactureName>שטראוס גרופ בעמ</ManufactureName>
      <ManufactureCountry />
      <ManufactureItemDescription />
      <UnitQty>יח`</UnitQty>
      <Quantity>189</Quantity>
      <UnitMeasure>מ"ל</UnitMeasure>
      <BisWeighted>0</BisWeighted>
      <QtyInPackage>1</QtyInPackage>
      <ItemPrice>29.90</ItemPrice>
      <UnitOfMeasurePrice>15.82</UnitOfMeasurePrice>
      <AllowDiscount>1</AllowDiscount>
      <itemStatus>1</itemStatus>
      <LastUpdateDate />
      <LastUpdateTime />
    </Product>
    <Product>
      <PriceUpdateDate>2015/12/23 12:18</PriceUpdateDate>
      <ItemCode>7290106727045</ItemCode>
      <ItemType>1</ItemType>
      <ItemName>דנונה פרו אננס</ItemName>
      <ManufactureName>שטראוס גרופ בעמ/מצונן</ManufactureName>
      <ManufactureCountry />
      <ManufactureItemDescription />
      <UnitQty>יח`</UnitQty>
      <Quantity>150</Quantity>
      <UnitMeasure>גרם</UnitMeasure>
      <BisWeighted>0</BisWeighted>
      <QtyInPackage>1</QtyInPackage>
      <ItemPrice>4.60</ItemPrice>
      <UnitOfMeasurePrice>3.07</UnitOfMeasurePrice>
      <AllowDiscount>0</AllowDiscount>
      <itemStatus>1</itemStatus>
      <LastUpdateDate />
      <LastUpdateTime />
    </Product>
    <Product>
      <PriceUpdateDate>2015/12/31 09:20</PriceUpdateDate>
      <ItemCode>7290106728127</ItemCode>
      <ItemType>1</ItemType>
      <ItemName>חלב טבעי 3.6% יטבתה (1 ליטר)</ItemName>
      <ManufactureName>שטראוס גרופ בעמ/מצונן</ManufactureName>
      <ManufactureCountry />
      <ManufactureItemDescription />
      <UnitQty>יח`</UnitQty>
      <Quantity>1000</Quantity>
      <UnitMeasure>מ"ל</UnitMeasure>
      <BisWeighted>0</BisWeighted>
      <QtyInPackage>1</QtyInPackage>
      <ItemPrice>7.50</ItemPrice>
      <UnitOfMeasurePrice>0.75</UnitOfMeasurePrice>
      <AllowDiscount>0</AllowDiscount>
      <itemStatus>1</itemStatus>
      <LastUpdateDate />
      <LastUpdateTime />
    </Product>
    <Product>
      <PriceUpdateDate>2016/12/07 08:07</PriceUpdateDate>
      <ItemCode>7290106729162</ItemCode>
      <ItemType>1</ItemType>
      <ItemName>רבע לשבע אלפחורס 120 גר</ItemName>
      <ManufactureName>שטראוס גרופ בעמ</ManufactureName>
      <ManufactureCountry />
      <ManufactureItemDescription />
      <UnitQty>יח`</UnitQty>
      <Quantity>120</Quantity>
      <UnitMeasure>גרם</UnitMeasure>
      <BisWeighted>0</BisWeighted>
      <QtyInPackage>1</QtyInPackage>
      <ItemPrice>12.90</ItemPrice>
      <UnitOfMeasurePrice>10.75</UnitOfMeasurePrice>
      <AllowDiscount>1</AllowDiscount>
      <itemStatus>1</itemStatus>
      <LastUpdateDate />
      <LastUpdateTime />
    </Product>
    <Product>
      <PriceUpdateDate>2017/07/07 14:25</PriceUpdateDate>
      <ItemCode>7290106729421</ItemCode>
      <ItemType>1</ItemType>
      <ItemName>עוגת בראוניז טורטית 380 גר` עלית</ItemName>
      <ManufactureName>שטראוס גרופ בעמ</ManufactureName>
      <ManufactureCountry />
      <ManufactureItemDescription />
      <UnitQty>יח`</UnitQty>
      <Quantity>380</Quantity>
      <UnitMeasure>גרם</UnitMeasure>
      <BisWeighted>0</BisWeighted>
      <QtyInPackage>1</QtyInPackage>
      <ItemPrice>16.90</ItemPrice>
      <UnitOfMeasurePrice>4.45</UnitOfMeasurePrice>
      <AllowDiscount>0</AllowDiscount>
      <itemStatus>1</itemStatus>
      <LastUpdateDate />
      <LastUpdateTime />
    </Product>
    <Product>
      <PriceUpdateDate>2015/03/03 12:08</PriceUpdateDate>
      <ItemCode>7290107280013</ItemCode>
      <ItemType>1</ItemType>
      <ItemName>מגבוני בד לחים ליטופים (72x5)</ItemName>
      <ManufactureName>החברה הדרומית לשיווק בעמ</ManufactureName>
      <ManufactureCountry />
      <ManufactureItemDescription />
      <UnitQty>יח`</UnitQty>
      <Quantity>1</Quantity>
      <UnitMeasure />
      <BisWeighted>0</BisWeighted>
      <QtyInPackage>1</QtyInPackage>
      <ItemPrice>21.90</ItemPrice>
      <UnitOfMeasurePrice>21.90</UnitOfMeasurePrice>
      <AllowDiscount>0</AllowDiscount>
      <itemStatus>1</itemStatus>
      <LastUpdateDate />
      <LastUpdateTime />
    </Product>
    <Product>
      <PriceUpdateDate>2015/04/30 12:30</PriceUpdateDate>
      <ItemCode>7290107280020</ItemCode>
      <ItemType>1</ItemType>
      <ItemName>מטליות לחות לניקוי כללי סושי סנו (50x3)</ItemName>
      <ManufactureName>החברה הדרומית לשיווק בעמ</ManufactureName>
      <ManufactureCountry />
      <ManufactureItemDescription />
      <UnitQty>יח`</UnitQty>
      <Quantity>1</Quantity>
      <UnitMeasure />
      <BisWeighted>0</BisWeighted>
      <QtyInPackage>1</QtyInPackage>
      <ItemPrice>20</ItemPrice>
      <UnitOfMeasurePrice>20</UnitOfMeasurePrice>
      <AllowDiscount>0</AllowDiscount>
      <itemStatus>1</itemStatus>
      <LastUpdateDate />
      <LastUpdateTime />
    </Product>
    <Product>
      <PriceUpdateDate>2015/05/27 11:12</PriceUpdateDate>
      <ItemCode>7290107280099</ItemCode>
      <ItemType>1</ItemType>
      <ItemName>מגבוני טואלט לחים סנו סופט (48x3)</ItemName>
      <ManufactureName>החברה הדרומית לשיווק בעמ</ManufactureName>
      <ManufactureCountry />
      <ManufactureItemDescription />
      <UnitQty>יח`</UnitQty>
      <Quantity>1</Quantity>
      <UnitMeasure />
      <BisWeighted>0</BisWeighted>
      <QtyInPackage>1</QtyInPackage>
      <ItemPrice>19.90</ItemPrice>
      <UnitOfMeasurePrice>19.90</UnitOfMeasurePrice>
      <AllowDiscount>1</AllowDiscount>
      <itemStatus>1</itemStatus>
      <LastUpdateDate />
      <LastUpdateTime />
    </Product>
    <Product>
      <PriceUpdateDate>2020/01/13 08:33</PriceUpdateDate>
      <ItemCode>7290107280341</ItemCode>
      <ItemType>1</ItemType>
      <ItemName>ריצפז פרש מטליות חד פעמיות ניחוח מלון מפ</ItemName>
      <ManufactureName>החברה הדרומית לשיווק בעמ</ManufactureName>
      <ManufactureCountry />
      <ManufactureItemDescription />
      <UnitQty>יח`</UnitQty>
      <Quantity>1</Quantity>
      <UnitMeasure />
      <BisWeighted>0</BisWeighted>
      <QtyInPackage>1</QtyInPackage>
      <ItemPrice>12.90</ItemPrice>
      <UnitOfMeasurePrice>12.90</UnitOfMeasurePrice>
      <AllowDiscount>0</AllowDiscount>
      <itemStatus>1</itemStatus>
      <LastUpdateDate />
      <LastUpdateTime />
    </Product>
    <Product>
      <PriceUpdateDate>2018/01/07 07:32</PriceUpdateDate>
      <ItemCode>7290107280563</ItemCode>
      <ItemType>1</ItemType>
      <ItemName>ג`ל בייבי סנו אוקסיג`ן (3 ליטר)</ItemName>
      <ManufactureName>החברה הדרומית לשיווק בעמ</ManufactureName>
      <ManufactureCountry />
      <ManufactureItemDescription />
      <UnitQty>יח`</UnitQty>
      <Quantity>3</Quantity>
      <UnitMeasure>1 ליטר</UnitMeasure>
      <BisWeighted>0</BisWeighted>
      <QtyInPackage>1</QtyInPackage>
      <ItemPrice>29.90</ItemPrice>
      <UnitOfMeasurePrice>9.97</UnitOfMeasurePrice>
      <AllowDiscount>1</AllowDiscount>
      <itemStatus>1</itemStatus>
      <LastUpdateDate />
      <LastUpdateTime />
    </Product>
    <Product>
      <PriceUpdateDate>2017/05/01 09:34</PriceUpdateDate>
      <ItemCode>7290107280587</ItemCode>
      <ItemType>1</ItemType>
      <ItemName>סנובון מוצק דאבל אקשן בניחוח פרחים ורודי</ItemName>
      <ManufactureName>החברה הדרומית לשיווק בעמ</ManufactureName>
      <ManufactureCountry />
      <ManufactureItemDescription />
      <UnitQty>יח`</UnitQty>
      <Quantity>1</Quantity>
      <UnitMeasure />
      <BisWeighted>0</BisWeighted>
      <QtyInPackage>1</QtyInPackage>
      <ItemPrice>19.90</ItemPrice>
      <UnitOfMeasurePrice>19.90</UnitOfMeasurePrice>
      <AllowDiscount>1</AllowDiscount>
      <itemStatus>1</itemStatus>
      <LastUpdateDate />
      <LastUpdateTime />
    </Product>
    <Product>
      <PriceUpdateDate>2017/05/01 09:34</PriceUpdateDate>
      <ItemCode>7290107280594</ItemCode>
      <ItemType>1</ItemType>
      <ItemName>סנובון מוצק דאבל אקשן בניחוח לבנדר</ItemName>
      <ManufactureName>החברה הדרומית לשיווק בעמ</ManufactureName>
      <ManufactureCountry />
      <ManufactureItemDescription />
      <UnitQty>יח`</UnitQty>
      <Quantity>1</Quantity>
      <UnitMeasure />
      <BisWeighted>0</BisWeighted>
      <QtyInPackage>1</QtyInPackage>
      <ItemPrice>19.90</ItemPrice>
      <UnitOfMeasurePrice>19.90</UnitOfMeasurePrice>
      <AllowDiscount>1</AllowDiscount>
      <itemStatus>1</itemStatus>
      <LastUpdateDate />
      <LastUpdateTime />
    </Product>
    <Product>
      <PriceUpdateDate>2018/02/09 10:14</PriceUpdateDate>
      <ItemCode>7290107280600</ItemCode>
      <ItemType>1</ItemType>
      <ItemName>ספארק טבליות למדיח סנו (100)</ItemName>
      <ManufactureName>החברה הדרומית לשיווק בעמ</ManufactureName>
      <ManufactureCountry />
      <ManufactureItemDescription />
      <UnitQty>יח`</UnitQty>
      <Quantity>1</Quantity>
      <UnitMeasure />
      <BisWeighted>0</BisWeighted>
      <QtyInPackage>1</QtyInPackage>
      <ItemPrice>54.90</ItemPrice>
      <UnitOfMeasurePrice>54.90</UnitOfMeasurePrice>
      <AllowDiscount>0</AllowDiscount>
      <itemStatus>1</itemStatus>
      <LastUpdateDate />
      <LastUpdateTime />
    </Product>
    <Product>
      <PriceUpdateDate>2015/01/23 06:19</PriceUpdateDate>
      <ItemCode>7290107280655</ItemCode>
      <ItemType>1</ItemType>
      <ItemName>סנו מקסימה א. כביסה בייבי 3.25 קג</ItemName>
      <ManufactureName>החברה הדרומית לשיווק בעמ</ManufactureName>
      <ManufactureCountry />
      <ManufactureItemDescription />
      <UnitQty>יח`</UnitQty>
      <Quantity>3.25</Quantity>
      <UnitMeasure>ק"ג</UnitMeasure>
      <BisWeighted>0</BisWeighted>
      <QtyInPackage>1</QtyInPackage>
      <ItemPrice>31.90</ItemPrice>
      <UnitOfMeasurePrice>9.82</UnitOfMeasurePrice>
      <AllowDiscount>0</AllowDiscount>
      <itemStatus>1</itemStatus>
      <LastUpdateDate />
      <LastUpdateTime />
    </Product>
    <Product>
      <PriceUpdateDate>2016/11/27 08:29</PriceUpdateDate>
      <ItemCode>7290107280709</ItemCode>
      <ItemType>1</ItemType>
      <ItemName>ספארק נוזל הברקה למדיח סנו (700 מל)</ItemName>
      <ManufactureName>החברה הדרומית לשיווק בעמ</ManufactureName>
      <ManufactureCountry />
      <ManufactureItemDescription />
      <UnitQty>יח`</UnitQty>
      <Quantity>900</Quantity>
      <UnitMeasure>מ"ל</UnitMeasure>
      <BisWeighted>0</BisWeighted>
      <QtyInPackage>1</QtyInPackage>
      <ItemPrice>14.90</ItemPrice>
      <UnitOfMeasurePrice>1.66</UnitOfMeasurePrice>
      <AllowDiscount>0</AllowDiscount>
      <itemStatus>1</itemStatus>
      <LastUpdateDate />
      <LastUpdateTime />
    </Product>
    <Product>
      <PriceUpdateDate>2018/01/07 07:32</PriceUpdateDate>
      <ItemCode>7290107280716</ItemCode>
      <ItemType>1</ItemType>
      <ItemName>ספארק מלח למדיח סנו (2 קג)</ItemName>
      <ManufactureName>החברה הדרומית לשיווק בעמ</ManufactureName>
      <ManufactureCountry />
      <ManufactureItemDescription />
      <UnitQty>יח`</UnitQty>
      <Quantity>2</Quantity>
      <UnitMeasure>ק"ג</UnitMeasure>
      <BisWeighted>0</BisWeighted>
      <QtyInPackage>1</QtyInPackage>
      <ItemPrice>10.90</ItemPrice>
      <UnitOfMeasurePrice>5.45</UnitOfMeasurePrice>
      <AllowDiscount>0</AllowDiscount>
      <itemStatus>1</itemStatus>
      <LastUpdateDate />
      <LastUpdateTime />
    </Product>
    <Product>
      <PriceUpdateDate>2018/01/07 07:32</PriceUpdateDate>
      <ItemCode>7290107280723</ItemCode>
      <ItemType>1</ItemType>
      <ItemName>נוזל לניקוי כלים לימון 700 מל</ItemName>
      <ManufactureName>החברה הדרומית לשיווק בעמ</ManufactureName>
      <ManufactureCountry />
      <ManufactureItemDescription />
      <UnitQty>יח`</UnitQty>
      <Quantity>700</Quantity>
      <UnitMeasure>מ"ל</UnitMeasure>
      <BisWeighted>0</BisWeighted>
      <QtyInPackage>1</QtyInPackage>
      <ItemPrice>7.90</ItemPrice>
      <UnitOfMeasurePrice>1.13</UnitOfMeasurePrice>
      <AllowDiscount>1</AllowDiscount>
      <itemStatus>1</itemStatus>
      <LastUpdateDate />
      <LastUpdateTime />
    </Product>
    <Product>
      <PriceUpdateDate>2018/01/07 07:32</PriceUpdateDate>
      <ItemCode>7290107280730</ItemCode>
      <ItemType>1</ItemType>
      <ItemName>נוזל לניקוי כלים 700מל בניחוח לבנדר</ItemName>
      <ManufactureName>החברה הדרומית לשיווק בעמ</ManufactureName>
      <ManufactureCountry />
      <ManufactureItemDescription />
      <UnitQty>יח`</UnitQty>
      <Quantity>700</Quantity>
      <UnitMeasure>מ"ל</UnitMeasure>
      <BisWeighted>0</BisWeighted>
      <QtyInPackage>1</QtyInPackage>
      <ItemPrice>7.90</ItemPrice>
      <UnitOfMeasurePrice>1.13</UnitOfMeasurePrice>
      <AllowDiscount>1</AllowDiscount>
      <itemStatus>1</itemStatus>
      <LastUpdateDate />
      <LastUpdateTime />
    </Product>
    <Product>
      <PriceUpdateDate>2018/01/07 07:32</PriceUpdateDate>
      <ItemCode>7290107280747</ItemCode>
      <ItemType>1</ItemType>
      <ItemName>נוזל לניקוי כלים קלאסי 700 מל</ItemName>
      <ManufactureName>החברה הדרומית לשיווק בעמ</ManufactureName>
      <ManufactureCountry />
      <ManufactureItemDescription />
      <UnitQty>יח`</UnitQty>
      <Quantity>700</Quantity>
      <UnitMeasure>מ"ל</UnitMeasure>
      <BisWeighted>0</BisWeighted>
      <QtyInPackage>1</QtyInPackage>
      <ItemPrice>7.90</ItemPrice>
      <UnitOfMeasurePrice>1.13</UnitOfMeasurePrice>
      <AllowDiscount>1</AllowDiscount>
      <itemStatus>1</itemStatus>
      <LastUpdateDate />
      <LastUpdateTime />
    </Product>
    <Product>
      <PriceUpdateDate>2018/01/07 07:32</PriceUpdateDate>
      <ItemCode>7290107280754</ItemCode>
      <ItemType>1</ItemType>
      <ItemName>נוזל לניקוי כלים היפואלרגני</ItemName>
      <ManufactureName>החברה הדרומית לשיווק בעמ</ManufactureName>
      <ManufactureCountry />
      <ManufactureItemDescription />
      <UnitQty>יח`</UnitQty>
      <Quantity>750</Quantity>
      <UnitMeasure>מ"ל</UnitMeasure>
      <BisWeighted>0</BisWeighted>
      <QtyInPackage>1</QtyInPackage>
      <ItemPrice>7.90</ItemPrice>
      <UnitOfMeasurePrice>1.05</UnitOfMeasurePrice>
      <AllowDiscount>1</AllowDiscount>
      <itemStatus>1</itemStatus>
      <LastUpdateDate />
      <LastUpdateTime />
    </Product>
    <Product>
      <PriceUpdateDate>2018/01/07 07:32</PriceUpdateDate>
      <ItemCode>7290107280761</ItemCode>
      <ItemType>1</ItemType>
      <ItemName>נוזל לניקוי כלים בניחוח לימון 1ליטר</ItemName>
      <ManufactureName>החברה הדרומית לשיווק בעמ</ManufactureName>
      <ManufactureCountry />
      <ManufactureItemDescription />
      <UnitQty>יח`</UnitQty>
      <Quantity>1</Quantity>
      <UnitMeasure>1 ליטר</UnitMeasure>
      <BisWeighted>0</BisWeighted>
      <QtyInPackage>1</QtyInPackage>
      <ItemPrice>10.90</ItemPrice>
      <UnitOfMeasurePrice>10.90</UnitOfMeasurePrice>
      <AllowDiscount>0</AllowDiscount>
      <itemStatus>1</itemStatus>
      <LastUpdateDate />
      <LastUpdateTime />
    </Product>
    <Product>
      <PriceUpdateDate>2018/08/08 07:04</PriceUpdateDate>
      <ItemCode>7290107280822</ItemCode>
      <ItemType>1</ItemType>
      <ItemName>ריצפז פרש הום בניחוח ספא מרגיע</ItemName>
      <ManufactureName>החברה הדרומית לשיווק בעמ</ManufactureName>
      <ManufactureCountry />
      <ManufactureItemDescription />
      <UnitQty>יח`</UnitQty>
      <Quantity>2</Quantity>
      <UnitMeasure>1 ליטר</UnitMeasure>
      <BisWeighted>0</BisWeighted>
      <QtyInPackage>1</QtyInPackage>
      <ItemPrice>19.90</ItemPrice>
      <UnitOfMeasurePrice>9.95</UnitOfMeasurePrice>
      <AllowDiscount>0</AllowDiscount>
      <itemStatus>1</itemStatus>
      <LastUpdateDate />
      <LastUpdateTime />
    </Product>
    <Product>
      <PriceUpdateDate>2017/04/30 11:56</PriceUpdateDate>
      <ItemCode>7290107644716</ItemCode>
      <ItemType>1</ItemType>
      <ItemName>שמפו בתוספת שמן קוקוס פינוק (700 מל)</ItemName>
      <ManufactureName>יוניליוור ישראל שיווק בעמ</ManufactureName>
      <ManufactureCountry />
      <ManufactureItemDescription />
      <UnitQty>יח`</UnitQty>
      <Quantity>700</Quantity>
      <UnitMeasure>מ"ל</UnitMeasure>
      <BisWeighted>0</BisWeighted>
      <QtyInPackage>1</QtyInPackage>
      <ItemPrice>12.90</ItemPrice>
      <UnitOfMeasurePrice>1.84</UnitOfMeasurePrice>
      <AllowDiscount>1</AllowDiscount>
      <itemStatus>1</itemStatus>
      <LastUpdateDate />
      <LastUpdateTime />
    </Product>
    <Product>
      <PriceUpdateDate>2018/04/09 15:53</PriceUpdateDate>
      <ItemCode>7290107645584</ItemCode>
      <ItemType>1</ItemType>
      <ItemName>מרק עוף רכיבים טבעיים 400 גר` קנור</ItemName>
      <ManufactureName>יוניליוור ישראל שיווק בעמ</ManufactureName>
      <ManufactureCountry />
      <ManufactureItemDescription />
      <UnitQty>יח`</UnitQty>
      <Quantity>400</Quantity>
      <UnitMeasure>גרם</UnitMeasure>
      <BisWeighted>0</BisWeighted>
      <QtyInPackage>1</QtyInPackage>
      <ItemPrice>27.90</ItemPrice>
      <UnitOfMeasurePrice>6.98</UnitOfMeasurePrice>
      <AllowDiscount>1</AllowDiscount>
      <itemStatus>1</itemStatus>
      <LastUpdateDate />
      <LastUpdateTime />
    </Product>
    <Product>
      <PriceUpdateDate>2018/04/09 15:53</PriceUpdateDate>
      <ItemCode>7290107645591</ItemCode>
      <ItemType>1</ItemType>
      <ItemName>מרק טעם עוף רכיבים טבעיים 400 גר` קנור</ItemName>
      <ManufactureName>יוניליוור ישראל שיווק בעמ</ManufactureName>
      <ManufactureCountry />
      <ManufactureItemDescription />
      <UnitQty>יח`</UnitQty>
      <Quantity>400</Quantity>
      <UnitMeasure>גרם</UnitMeasure>
      <BisWeighted>0</BisWeighted>
      <QtyInPackage>1</QtyInPackage>
      <ItemPrice>16.90</ItemPrice>
      <UnitOfMeasurePrice>4.23</UnitOfMeasurePrice>
      <AllowDiscount>0</AllowDiscount>
      <itemStatus>1</itemStatus>
      <LastUpdateDate />
      <LastUpdateTime />
    </Product>
    <Product>
      <PriceUpdateDate>2018/04/09 15:53</PriceUpdateDate>
      <ItemCode>7290107646062</ItemCode>
      <ItemType>1</ItemType>
      <ItemName>מרק בצל רכיבים טבעיים 400 גר` קנור</ItemName>
      <ManufactureName>יוניליוור ישראל שיווק בעמ</ManufactureName>
      <ManufactureCountry />
      <ManufactureItemDescription />
      <UnitQty>יח`</UnitQty>
      <Quantity>400</Quantity>
      <UnitMeasure>גרם</UnitMeasure>
      <BisWeighted>0</BisWeighted>
      <QtyInPackage>1</QtyInPackage>
      <ItemPrice>27.90</ItemPrice>
      <UnitOfMeasurePrice>6.98</UnitOfMeasurePrice>
      <AllowDiscount>1</AllowDiscount>
      <itemStatus>1</itemStatus>
      <LastUpdateDate />
      <LastUpdateTime />
    </Product>
    <Product>
      <PriceUpdateDate>2018/04/09 13:39</PriceUpdateDate>
      <ItemCode>7290107646147</ItemCode>
      <ItemType>1</ItemType>
      <ItemName>מאגדת חטיפי שוגי קורנפלקס שישייה</ItemName>
      <ManufactureName>יוניליוור ישראל שיווק בעמ</ManufactureName>
      <ManufactureCountry />
      <ManufactureItemDescription />
      <UnitQty>יח`</UnitQty>
      <Quantity>156</Quantity>
      <UnitMeasure>גרם</UnitMeasure>
      <BisWeighted>0</BisWeighted>
      <QtyInPackage>1</QtyInPackage>
      <ItemPrice>14.90</ItemPrice>
      <UnitOfMeasurePrice>9.55</UnitOfMeasurePrice>
      <AllowDiscount>1</AllowDiscount>
      <itemStatus>1</itemStatus>
      <LastUpdateDate />
      <LastUpdateTime />
    </Product>
    <Product>
      <PriceUpdateDate>2018/04/09 13:39</PriceUpdateDate>
      <ItemCode>7290107646154</ItemCode>
      <ItemType>1</ItemType>
      <ItemName>מאגדת חטיפי ילדים קוקומן פצפוצים שישייה</ItemName>
      <ManufactureName>יוניליוור ישראל שיווק בעמ</ManufactureName>
      <ManufactureCountry />
      <ManufactureItemDescription />
      <UnitQty>יח`</UnitQty>
      <Quantity>126</Quantity>
      <UnitMeasure>גרם</UnitMeasure>
      <BisWeighted>0</BisWeighted>
      <QtyInPackage>1</QtyInPackage>
      <ItemPrice>14.90</ItemPrice>
      <UnitOfMeasurePrice>11.83</UnitOfMeasurePrice>
      <AllowDiscount>1</AllowDiscount>
      <itemStatus>1</itemStatus>
      <LastUpdateDate />
      <LastUpdateTime />
    </Product>
    <Product>
      <PriceUpdateDate>2017/08/18 07:51</PriceUpdateDate>
      <ItemCode>7290107646376</ItemCode>
      <ItemType>1</ItemType>
      <ItemName>מטליות לחות לניקוי כללי בניחוח לימון</ItemName>
      <ManufactureName>יוניליוור ישראל שיווק בעמ</ManufactureName>
      <ManufactureCountry />
      <ManufactureItemDescription />
      <UnitQty>יח`</UnitQty>
      <Quantity>1</Quantity>
      <UnitMeasure />
      <BisWeighted>0</BisWeighted>
      <QtyInPackage>1</QtyInPackage>
      <ItemPrice>9.90</ItemPrice>
      <UnitOfMeasurePrice>9.90</UnitOfMeasurePrice>
      <AllowDiscount>0</AllowDiscount>
      <itemStatus>1</itemStatus>
      <LastUpdateDate />
      <LastUpdateTime />
    </Product>
    <Product>
      <PriceUpdateDate>2017/08/18 07:51</PriceUpdateDate>
      <ItemCode>7290107646383</ItemCode>
      <ItemType>1</ItemType>
      <ItemName>מטליות לחות לניקוי רצפות בניחוח לימון</ItemName>
      <ManufactureName>יוניליוור ישראל שיווק בעמ</ManufactureName>
      <ManufactureCountry />
      <ManufactureItemDescription />
      <UnitQty>יח`</UnitQty>
      <Quantity>1</Quantity>
      <UnitMeasure />
      <BisWeighted>0</BisWeighted>
      <QtyInPackage>1</QtyInPackage>
      <ItemPrice>10.90</ItemPrice>
      <UnitOfMeasurePrice>10.90</UnitOfMeasurePrice>
      <AllowDiscount>1</AllowDiscount>
      <itemStatus>1</itemStatus>
      <LastUpdateDate />
      <LastUpdateTime />
    </Product>
    <Product>
      <PriceUpdateDate>2018/04/09 13:39</PriceUpdateDate>
      <ItemCode>7290107646826</ItemCode>
      <ItemType>1</ItemType>
      <ItemName>מאגדת חטיפי ילדים שוגי שוקו שישייה</ItemName>
      <ManufactureName>יוניליוור ישראל שיווק בעמ</ManufactureName>
      <ManufactureCountry />
      <ManufactureItemDescription />
      <UnitQty>יח`</UnitQty>
      <Quantity>156</Quantity>
      <UnitMeasure>גרם</UnitMeasure>
      <BisWeighted>0</BisWeighted>
      <QtyInPackage>1</QtyInPackage>
      <ItemPrice>14.90</ItemPrice>
      <UnitOfMeasurePrice>9.55</UnitOfMeasurePrice>
      <AllowDiscount>1</AllowDiscount>
      <itemStatus>1</itemStatus>
      <LastUpdateDate />
      <LastUpdateTime />
    </Product>
    <Product>
      <PriceUpdateDate>2018/04/09 15:53</PriceUpdateDate>
      <ItemCode>7290107646833</ItemCode>
      <ItemType>1</ItemType>
      <ItemName>מאגדת חטיפי ילדים שוגי פצפוצים שישייה</ItemName>
      <ManufactureName>יוניליוור ישראל שיווק בעמ</ManufactureName>
      <ManufactureCountry />
      <ManufactureItemDescription />
      <UnitQty>יח`</UnitQty>
      <Quantity>138</Quantity>
      <UnitMeasure>גרם</UnitMeasure>
      <BisWeighted>0</BisWeighted>
      <QtyInPackage>1</QtyInPackage>
      <ItemPrice>14.90</ItemPrice>
      <UnitOfMeasurePrice>10.80</UnitOfMeasurePrice>
      <AllowDiscount>1</AllowDiscount>
      <itemStatus>1</itemStatus>
      <LastUpdateDate />
      <LastUpdateTime />
    </Product>
    <Product>
      <PriceUpdateDate>2017/12/12 07:58</PriceUpdateDate>
      <ItemCode>7290107646925</ItemCode>
      <ItemType>1</ItemType>
      <ItemName>ברנפלקס אקסטרה פייבר 410 גר` תלמה</ItemName>
      <ManufactureName>יוניליוור ישראל שיווק בעמ</ManufactureName>
      <ManufactureCountry />
      <ManufactureItemDescription />
      <UnitQty>יח`</UnitQty>
      <Quantity>410</Quantity>
      <UnitMeasure>גרם</UnitMeasure>
      <BisWeighted>0</BisWeighted>
      <QtyInPackage>1</QtyInPackage>
      <ItemPrice>24.90</ItemPrice>
      <UnitOfMeasurePrice>6.07</UnitOfMeasurePrice>
      <AllowDiscount>1</AllowDiscount>
      <itemStatus>1</itemStatus>
      <LastUpdateDate />
      <LastUpdateTime />
    </Product>
    <Product>
      <PriceUpdateDate>2018/05/06 12:09</PriceUpdateDate>
      <ItemCode>7290107647359</ItemCode>
      <ItemType>1</ItemType>
      <ItemName>שלישיית סבון אסלה ל5 פעולות בניחוח אוקיי</ItemName>
      <ManufactureName>יוניליוור ישראל שיווק בעמ</ManufactureName>
      <ManufactureCountry />
      <ManufactureItemDescription />
      <UnitQty>יח`</UnitQty>
      <Quantity>100</Quantity>
      <UnitMeasure>גרם</UnitMeasure>
      <BisWeighted>0</BisWeighted>
      <QtyInPackage>1</QtyInPackage>
      <ItemPrice>14.90</ItemPrice>
      <UnitOfMeasurePrice>14.90</UnitOfMeasurePrice>
      <AllowDiscount>0</AllowDiscount>
      <itemStatus>1</itemStatus>
      <LastUpdateDate />
      <LastUpdateTime />
    </Product>
    <Product>
      <PriceUpdateDate>2018/05/06 12:09</PriceUpdateDate>
      <ItemCode>7290107647366</ItemCode>
      <ItemType>1</ItemType>
      <ItemName>שלישיית סבון אסלה ל5 פעולות בניחוח ים ד</ItemName>
      <ManufactureName>יוניליוור ישראל שיווק בעמ</ManufactureName>
      <ManufactureCountry />
      <ManufactureItemDescription />
      <UnitQty>יח`</UnitQty>
      <Quantity>100</Quantity>
      <UnitMeasure>גרם</UnitMeasure>
      <BisWeighted>0</BisWeighted>
      <QtyInPackage>1</QtyInPackage>
      <ItemPrice>14.90</ItemPrice>
      <UnitOfMeasurePrice>14.90</UnitOfMeasurePrice>
      <AllowDiscount>0</AllowDiscount>
      <itemStatus>1</itemStatus>
      <LastUpdateDate />
      <LastUpdateTime />
    </Product>
    <Product>
      <PriceUpdateDate>2019/01/31 09:48</PriceUpdateDate>
      <ItemCode>7290107647656</ItemCode>
      <ItemType>1</ItemType>
      <ItemName>מאגדת מיני סולרו קוקוס אננס</ItemName>
      <ManufactureName>גלידות שטראוס בעמ</ManufactureName>
      <ManufactureCountry />
      <ManufactureItemDescription />
      <UnitQty>יח`</UnitQty>
      <Quantity>480</Quantity>
      <UnitMeasure>גרם</UnitMeasure>
      <BisWeighted>0</BisWeighted>
      <QtyInPackage>1</QtyInPackage>
      <ItemPrice>21.90</ItemPrice>
      <UnitOfMeasurePrice>4.56</UnitOfMeasurePrice>
      <AllowDiscount>1</AllowDiscount>
      <itemStatus>1</itemStatus>
      <LastUpdateDate />
      <LastUpdateTime />
    </Product>
    <Product>
      <PriceUpdateDate>2017/10/30 08:19</PriceUpdateDate>
      <ItemCode>7290107647717</ItemCode>
      <ItemType>1</ItemType>
      <ItemName>קוקומן צדפים 750 מופחת סוכר.</ItemName>
      <ManufactureName>יוניליוור ישראל שיווק בעמ</ManufactureName>
      <ManufactureCountry />
      <ManufactureItemDescription />
      <UnitQty>יח`</UnitQty>
      <Quantity>750</Quantity>
      <UnitMeasure>גרם</UnitMeasure>
      <BisWeighted>0</BisWeighted>
      <QtyInPackage>1</QtyInPackage>
      <ItemPrice>29.90</ItemPrice>
      <UnitOfMeasurePrice>3.99</UnitOfMeasurePrice>
      <AllowDiscount>1</AllowDiscount>
      <itemStatus>1</itemStatus>
      <LastUpdateDate />
      <LastUpdateTime />
    </Product>
    <Product>
      <PriceUpdateDate>2017/10/30 08:19</PriceUpdateDate>
      <ItemCode>7290107647724</ItemCode>
      <ItemType>1</ItemType>
      <ItemName>קוקומן חום לבן 750 בדצ מופחת סוכר.</ItemName>
      <ManufactureName>יוניליוור ישראל שיווק בעמ</ManufactureName>
      <ManufactureCountry />
      <ManufactureItemDescription />
      <UnitQty>יח`</UnitQty>
      <Quantity>750</Quantity>
      <UnitMeasure>גרם</UnitMeasure>
      <BisWeighted>0</BisWeighted>
      <QtyInPackage>1</QtyInPackage>
      <ItemPrice>29.90</ItemPrice>
      <UnitOfMeasurePrice>3.99</UnitOfMeasurePrice>
      <AllowDiscount>1</AllowDiscount>
      <itemStatus>1</itemStatus>
      <LastUpdateDate />
      <LastUpdateTime />
    </Product>
    <Product>
      <PriceUpdateDate>2017/10/30 08:19</PriceUpdateDate>
      <ItemCode>7290107647731</ItemCode>
      <ItemType>1</ItemType>
      <ItemName>קוקומן חום לבן 20% פחות סוכר 375 גר`</ItemName>
      <ManufactureName>יוניליוור ישראל שיווק בעמ</ManufactureName>
      <ManufactureCountry />
      <ManufactureItemDescription />
      <UnitQty>יח`</UnitQty>
      <Quantity>375</Quantity>
      <UnitMeasure>גרם</UnitMeasure>
      <BisWeighted>0</BisWeighted>
      <QtyInPackage>1</QtyInPackage>
      <ItemPrice>21.90</ItemPrice>
      <UnitOfMeasurePrice>5.84</UnitOfMeasurePrice>
      <AllowDiscount>1</AllowDiscount>
      <itemStatus>1</itemStatus>
      <LastUpdateDate />
      <LastUpdateTime />
    </Product>
    <Product>
      <PriceUpdateDate>2017/12/24 08:20</PriceUpdateDate>
      <ItemCode>7290107647816</ItemCode>
      <ItemType>1</ItemType>
      <ItemName>ברנפלקס ללא תוספת סוכר 500 גר` בדצ</ItemName>
      <ManufactureName>יוניליוור ישראל שיווק בעמ</ManufactureName>
      <ManufactureCountry />
      <ManufactureItemDescription />
      <UnitQty>יח`</UnitQty>
      <Quantity>500</Quantity>
      <UnitMeasure>גרם</UnitMeasure>
      <BisWeighted>0</BisWeighted>
      <QtyInPackage>1</QtyInPackage>
      <ItemPrice>22.90</ItemPrice>
      <UnitOfMeasurePrice>4.58</UnitOfMeasurePrice>
      <AllowDiscount>1</AllowDiscount>
      <itemStatus>1</itemStatus>
      <LastUpdateDate />
      <LastUpdateTime />
    </Product>
    <Product>
      <PriceUpdateDate>2017/12/24 08:20</PriceUpdateDate>
      <ItemCode>7290107647823</ItemCode>
      <ItemType>1</ItemType>
      <ItemName>ברנפלקס מהדרין תלמה (500 גרם)</ItemName>
      <ManufactureName>יוניליוור ישראל שיווק בעמ</ManufactureName>
      <ManufactureCountry />
      <ManufactureItemDescription />
      <UnitQty>יח`</UnitQty>
      <Quantity>500</Quantity>
      <UnitMeasure>גרם</UnitMeasure>
      <BisWeighted>0</BisWeighted>
      <QtyInPackage>1</QtyInPackage>
      <ItemPrice>22.90</ItemPrice>
      <UnitOfMeasurePrice>4.58</UnitOfMeasurePrice>
      <AllowDiscount>1</AllowDiscount>
      <itemStatus>1</itemStatus>
      <LastUpdateDate />
      <LastUpdateTime />
    </Product>
    <Product>
      <PriceUpdateDate>2017/11/08 13:19</PriceUpdateDate>
      <ItemCode>7290107647854</ItemCode>
      <ItemType>1</ItemType>
      <ItemName>שוגי 500 גר`</ItemName>
      <ManufactureName>יוניליוור ישראל שיווק בעמ</ManufactureName>
      <ManufactureCountry />
      <ManufactureItemDescription />
      <UnitQty>יח`</UnitQty>
      <Quantity>500</Quantity>
      <UnitMeasure>גרם</UnitMeasure>
      <BisWeighted>0</BisWeighted>
      <QtyInPackage>1</QtyInPackage>
      <ItemPrice>18.90</ItemPrice>
      <UnitOfMeasurePrice>3.78</UnitOfMeasurePrice>
      <AllowDiscount>1</AllowDiscount>
      <itemStatus>1</itemStatus>
      <LastUpdateDate />
      <LastUpdateTime />
    </Product>
    <Product>
      <PriceUpdateDate>2018/08/19 12:18</PriceUpdateDate>
      <ItemCode>7290107648745</ItemCode>
      <ItemType>1</ItemType>
      <ItemName>רוטב לעוף שום ועשבי תיבול 310 גר` קנור</ItemName>
      <ManufactureName>יוניליוור ישראל שיווק בעמ</ManufactureName>
      <ManufactureCountry />
      <ManufactureItemDescription />
      <UnitQty>יח`</UnitQty>
      <Quantity>310</Quantity>
      <UnitMeasure>גרם</UnitMeasure>
      <BisWeighted>0</BisWeighted>
      <QtyInPackage>1</QtyInPackage>
      <ItemPrice>13.90</ItemPrice>
      <UnitOfMeasurePrice>4.48</UnitOfMeasurePrice>
      <AllowDiscount>1</AllowDiscount>
      <itemStatus>1</itemStatus>
      <LastUpdateDate />
      <LastUpdateTime />
    </Product>
    <Product>
      <PriceUpdateDate>2018/12/18 11:00</PriceUpdateDate>
      <ItemCode>7290107649094</ItemCode>
      <ItemType>1</ItemType>
      <ItemName>מגה מקלות שומשום 150 גר`</ItemName>
      <ManufactureName>יוניליוור ישראל שיווק בעמ</ManufactureName>
      <ManufactureCountry />
      <ManufactureItemDescription />
      <UnitQty>יח`</UnitQty>
      <Quantity>150</Quantity>
      <UnitMeasure>גרם</UnitMeasure>
      <BisWeighted>0</BisWeighted>
      <QtyInPackage>1</QtyInPackage>
      <ItemPrice>5.90</ItemPrice>
      <UnitOfMeasurePrice>3.93</UnitOfMeasurePrice>
      <AllowDiscount>0</AllowDiscount>
      <itemStatus>1</itemStatus>
      <LastUpdateDate />
      <LastUpdateTime />
    </Product>
    <Product>
      <PriceUpdateDate>2018/06/13 19:08</PriceUpdateDate>
      <ItemCode>7290107649605</ItemCode>
      <ItemType>1</ItemType>
      <ItemName>קליק טבלאות עם קורפלקס ופצפוצים 85 גר`</ItemName>
      <ManufactureName>יוניליוור ישראל שיווק בעמ</ManufactureName>
      <ManufactureCountry />
      <ManufactureItemDescription />
      <UnitQty>יח`</UnitQty>
      <Quantity>85</Quantity>
      <UnitMeasure>גרם</UnitMeasure>
      <BisWeighted>0</BisWeighted>
      <QtyInPackage>1</QtyInPackage>
      <ItemPrice>5.90</ItemPrice>
      <UnitOfMeasurePrice>6.94</UnitOfMeasurePrice>
      <AllowDiscount>1</AllowDiscount>
      <itemStatus>1</itemStatus>
      <LastUpdateDate />
      <LastUpdateTime />
    </Product>
    <Product>
      <PriceUpdateDate>2018/06/13 19:08</PriceUpdateDate>
      <ItemCode>7290107649612</ItemCode>
      <ItemType>1</ItemType>
      <ItemName>קליק טבלאות שוקולד לבן קוקוס מקורמל 85 ג</ItemName>
      <ManufactureName>יוניליוור ישראל שיווק בעמ</ManufactureName>
      <ManufactureCountry />
      <ManufactureItemDescription />
      <UnitQty>יח`</UnitQty>
      <Quantity>85</Quantity>
      <UnitMeasure>גרם</UnitMeasure>
      <BisWeighted>0</BisWeighted>
      <QtyInPackage>1</QtyInPackage>
      <ItemPrice>5.90</ItemPrice>
      <UnitOfMeasurePrice>6.94</UnitOfMeasurePrice>
      <AllowDiscount>1</AllowDiscount>
      <itemStatus>1</itemStatus>
      <LastUpdateDate />
      <LastUpdateTime />
    </Product>
    <Product>
      <PriceUpdateDate>2019/04/17 12:12</PriceUpdateDate>
      <ItemCode>7290107649773</ItemCode>
      <ItemType>1</ItemType>
      <ItemName>שטראוס קרמיסימו טעם פיסטוק ושוקולד עם</ItemName>
      <ManufactureName>גלידות שטראוס בעמ</ManufactureName>
      <ManufactureCountry />
      <ManufactureItemDescription />
      <UnitQty>יח`</UnitQty>
      <Quantity>1.33</Quantity>
      <UnitMeasure>1 ליטר</UnitMeasure>
      <BisWeighted>0</BisWeighted>
      <QtyInPackage>1</QtyInPackage>
      <ItemPrice>18.90</ItemPrice>
      <UnitOfMeasurePrice>14.21</UnitOfMeasurePrice>
      <AllowDiscount>1</AllowDiscount>
      <itemStatus>1</itemStatus>
      <LastUpdateDate />
      <LastUpdateTime />
    </Product>
    <Product>
      <PriceUpdateDate>2019/03/21 12:36</PriceUpdateDate>
      <ItemCode>7290107649803</ItemCode>
      <ItemType>1</ItemType>
      <ItemName>מאגדת מצופים שוקולד בננה</ItemName>
      <ManufactureName>גלידות שטראוס בעמ</ManufactureName>
      <ManufactureCountry />
      <ManufactureItemDescription />
      <UnitQty>יח`</UnitQty>
      <Quantity>1</Quantity>
      <UnitMeasure />
      <BisWeighted>0</BisWeighted>
      <QtyInPackage>1</QtyInPackage>
      <ItemPrice>31.90</ItemPrice>
      <UnitOfMeasurePrice>31.90</UnitOfMeasurePrice>
      <AllowDiscount>0</AllowDiscount>
      <itemStatus>1</itemStatus>
      <LastUpdateDate />
      <LastUpdateTime />
    </Product>
    <Product>
      <PriceUpdateDate>2019/04/17 12:12</PriceUpdateDate>
      <ItemCode>7290107649834</ItemCode>
      <ItemType>1</ItemType>
      <ItemName>מאגדת מיני שלגון קראנצ`י פסק זמן</ItemName>
      <ManufactureName>גלידות שטראוס בעמ</ManufactureName>
      <ManufactureCountry />
      <ManufactureItemDescription />
      <UnitQty>יח`</UnitQty>
      <Quantity>280</Quantity>
      <UnitMeasure>גרם</UnitMeasure>
      <BisWeighted>0</BisWeighted>
      <QtyInPackage>1</QtyInPackage>
      <ItemPrice>29.90</ItemPrice>
      <UnitOfMeasurePrice>10.68</UnitOfMeasurePrice>
      <AllowDiscount>0</AllowDiscount>
      <itemStatus>1</itemStatus>
      <LastUpdateDate />
      <LastUpdateTime />
    </Product>
    <Product>
      <PriceUpdateDate>2019/07/30 08:48</PriceUpdateDate>
      <ItemCode>7290107746793</ItemCode>
      <ItemType>1</ItemType>
      <ItemName>מנגל נירוסטה כולל רגליים) (4</ItemName>
      <ManufactureName>פיקס יבוא (ש.ע.) בעמ</ManufactureName>
      <ManufactureCountry />
      <ManufactureItemDescription />
      <UnitQty>יח`</UnitQty>
      <Quantity>1</Quantity>
      <UnitMeasure />
      <BisWeighted>0</BisWeighted>
      <QtyInPackage>1</QtyInPackage>
      <ItemPrice>79.90</ItemPrice>
      <UnitOfMeasurePrice>79.90</UnitOfMeasurePrice>
      <AllowDiscount>0</AllowDiscount>
      <itemStatus>1</itemStatus>
      <LastUpdateDate />
      <LastUpdateTime />
    </Product>
    <Product>
      <PriceUpdateDate>2019/03/24 10:34</PriceUpdateDate>
      <ItemCode>7290107871990</ItemCode>
      <ItemType>1</ItemType>
      <ItemName>פסטה צינורות מהדרין אסם (500 גרם)</ItemName>
      <ManufactureName>קבוצת אסם סחר שות. מוגבלת</ManufactureName>
      <ManufactureCountry />
      <ManufactureItemDescription />
      <UnitQty>יח`</UnitQty>
      <Quantity>500</Quantity>
      <UnitMeasure>גרם</UnitMeasure>
      <BisWeighted>0</BisWeighted>
      <QtyInPackage>1</QtyInPackage>
      <ItemPrice>5.90</ItemPrice>
      <UnitOfMeasurePrice>1.18</UnitOfMeasurePrice>
      <AllowDiscount>1</AllowDiscount>
      <itemStatus>1</itemStatus>
      <LastUpdateDate />
      <LastUpdateTime />
    </Product>
    <Product>
      <PriceUpdateDate>2016/06/16 08:09</PriceUpdateDate>
      <ItemCode>7290107874502</ItemCode>
      <ItemType>1</ItemType>
      <ItemName>ביסלי חטיף בטעם גריל אסם (55x4 גרם)</ItemName>
      <ManufactureName>קבוצת אסם סחר שות. מוגבלת</ManufactureName>
      <ManufactureCountry />
      <ManufactureItemDescription />
      <UnitQty>יח`</UnitQty>
      <Quantity>220</Quantity>
      <UnitMeasure>גרם</UnitMeasure>
      <BisWeighted>0</BisWeighted>
      <QtyInPackage>1</QtyInPackage>
      <ItemPrice>12.90</ItemPrice>
      <UnitOfMeasurePrice>5.86</UnitOfMeasurePrice>
      <AllowDiscount>1</AllowDiscount>
      <itemStatus>1</itemStatus>
      <LastUpdateDate />
      <LastUpdateTime />
    </Product>
    <Product>
      <PriceUpdateDate>2019/03/11 17:05</PriceUpdateDate>
      <ItemCode>7290107874526</ItemCode>
      <ItemType>1</ItemType>
      <ItemName>במבה בומבה 60 גר.</ItemName>
      <ManufactureName>קבוצת אסם סחר שות. מוגבלת</ManufactureName>
      <ManufactureCountry />
      <ManufactureItemDescription />
      <UnitQty>יח`</UnitQty>
      <Quantity>1</Quantity>
      <UnitMeasure />
      <BisWeighted>0</BisWeighted>
      <QtyInPackage>1</QtyInPackage>
      <ItemPrice>4.30</ItemPrice>
      <UnitOfMeasurePrice>4.30</UnitOfMeasurePrice>
      <AllowDiscount>1</AllowDiscount>
      <itemStatus>1</itemStatus>
      <LastUpdateDate />
      <LastUpdateTime />
    </Product>
    <Product>
      <PriceUpdateDate>2015/04/13 10:24</PriceUpdateDate>
      <ItemCode>7290107875400</ItemCode>
      <ItemType>1</ItemType>
      <ItemName>לה קרמריה 1.4 פיסטוק מוקה פרווה בדצ</ItemName>
      <ManufactureName>נגה גלידות שותפות מוגבלת</ManufactureName>
      <ManufactureCountry />
      <ManufactureItemDescription />
      <UnitQty>יח`</UnitQty>
      <Quantity>1400</Quantity>
      <UnitMeasure>מ"ל</UnitMeasure>
      <BisWeighted>0</BisWeighted>
      <QtyInPackage>1</QtyInPackage>
      <ItemPrice>22.90</ItemPrice>
      <UnitOfMeasurePrice>1.64</UnitOfMeasurePrice>
      <AllowDiscount>1</AllowDiscount>
      <itemStatus>1</itemStatus>
      <LastUpdateDate />
      <LastUpdateTime />
    </Product>
    <Product>
      <PriceUpdateDate>2017/04/06 08:17</PriceUpdateDate>
      <ItemCode>7290107875820</ItemCode>
      <ItemType>1</ItemType>
      <ItemName>קרוטונים אפויים בתיבול ביתי</ItemName>
      <ManufactureName>קבוצת אסם סחר שות. מוגבלת</ManufactureName>
      <ManufactureCountry />
      <ManufactureItemDescription />
      <UnitQty>יח`</UnitQty>
      <Quantity>180</Quantity>
      <UnitMeasure>גרם</UnitMeasure>
      <BisWeighted>0</BisWeighted>
      <QtyInPackage>1</QtyInPackage>
      <ItemPrice>10.90</ItemPrice>
      <UnitOfMeasurePrice>6.06</UnitOfMeasurePrice>
      <AllowDiscount>0</AllowDiscount>
      <itemStatus>1</itemStatus>
      <LastUpdateDate />
      <LastUpdateTime />
    </Product>
    <Product>
      <PriceUpdateDate>2017/12/25 08:39</PriceUpdateDate>
      <ItemCode>7290107878814</ItemCode>
      <ItemType>1</ItemType>
      <ItemName>בייגלה עיגולים בטעם זעתר 300 גר` אסם</ItemName>
      <ManufactureName>קבוצת אסם סחר שות. מוגבלת</ManufactureName>
      <ManufactureCountry />
      <ManufactureItemDescription />
      <UnitQty>יח`</UnitQty>
      <Quantity>300</Quantity>
      <UnitMeasure>גרם</UnitMeasure>
      <BisWeighted>0</BisWeighted>
      <QtyInPackage>1</QtyInPackage>
      <ItemPrice>9.90</ItemPrice>
      <UnitOfMeasurePrice>3.30</UnitOfMeasurePrice>
      <AllowDiscount>0</AllowDiscount>
      <itemStatus>1</itemStatus>
      <LastUpdateDate />
      <LastUpdateTime />
    </Product>
    <Product>
      <PriceUpdateDate>2016/05/17 08:22</PriceUpdateDate>
      <ItemCode>7290107931397</ItemCode>
      <ItemType>1</ItemType>
      <ItemName>כיף כף פצפצים עלית (40 גרם)</ItemName>
      <ManufactureName>שטראוס גרופ בעמ</ManufactureName>
      <ManufactureCountry />
      <ManufactureItemDescription />
      <UnitQty>יח`</UnitQty>
      <Quantity>40</Quantity>
      <UnitMeasure>גרם</UnitMeasure>
      <BisWeighted>0</BisWeighted>
      <QtyInPackage>1</QtyInPackage>
      <ItemPrice>4.90</ItemPrice>
      <UnitOfMeasurePrice>12.25</UnitOfMeasurePrice>
      <AllowDiscount>0</AllowDiscount>
      <itemStatus>1</itemStatus>
      <LastUpdateDate />
      <LastUpdateTime />
    </Product>
    <Product>
      <PriceUpdateDate>2016/02/29 08:33</PriceUpdateDate>
      <ItemCode>7290107931465</ItemCode>
      <ItemType>1</ItemType>
      <ItemName>כשלפ פריכיות אנרג`י תחתית שוק` לבן</ItemName>
      <ManufactureName>שטראוס גרופ בעמ</ManufactureName>
      <ManufactureCountry />
      <ManufactureItemDescription />
      <UnitQty>יח`</UnitQty>
      <Quantity>70</Quantity>
      <UnitMeasure>גרם</UnitMeasure>
      <BisWeighted>0</BisWeighted>
      <QtyInPackage>1</QtyInPackage>
      <ItemPrice>8.90</ItemPrice>
      <UnitOfMeasurePrice>12.71</UnitOfMeasurePrice>
      <AllowDiscount>0</AllowDiscount>
      <itemStatus>1</itemStatus>
      <LastUpdateDate />
      <LastUpdateTime />
    </Product>
    <Product>
      <PriceUpdateDate>2015/12/31 09:20</PriceUpdateDate>
      <ItemCode>7290107932080</ItemCode>
      <ItemType>1</ItemType>
      <ItemName>חלב 3% מועשר בבקבוק יטבתה (1 ליטר)</ItemName>
      <ManufactureName>שטראוס גרופ בעמ/מצונן</ManufactureName>
      <ManufactureCountry />
      <ManufactureItemDescription />
      <UnitQty>יח`</UnitQty>
      <Quantity>1000</Quantity>
      <UnitMeasure>מ"ל</UnitMeasure>
      <BisWeighted>0</BisWeighted>
      <QtyInPackage>1</QtyInPackage>
      <ItemPrice>7.50</ItemPrice>
      <UnitOfMeasurePrice>0.75</UnitOfMeasurePrice>
      <AllowDiscount>0</AllowDiscount>
      <itemStatus>1</itemStatus>
      <LastUpdateDate />
      <LastUpdateTime />
    </Product>
    <Product>
      <PriceUpdateDate>2015/12/31 09:20</PriceUpdateDate>
      <ItemCode>7290107932134</ItemCode>
      <ItemType>1</ItemType>
      <ItemName>חלב מועשר 1% בבקבוק יטבתה (1 ליטר)</ItemName>
      <ManufactureName>שטראוס גרופ בעמ/מצונן</ManufactureName>
      <ManufactureCountry />
      <ManufactureItemDescription />
      <UnitQty>יח`</UnitQty>
      <Quantity>1000</Quantity>
      <UnitMeasure>מ"ל</UnitMeasure>
      <BisWeighted>0</BisWeighted>
      <QtyInPackage>1</QtyInPackage>
      <ItemPrice>7.50</ItemPrice>
      <UnitOfMeasurePrice>0.75</UnitOfMeasurePrice>
      <AllowDiscount>0</AllowDiscount>
      <itemStatus>1</itemStatus>
      <LastUpdateDate />
      <LastUpdateTime />
    </Product>
    <Product>
      <PriceUpdateDate>2016/04/19 09:24</PriceUpdateDate>
      <ItemCode>7290107933155</ItemCode>
      <ItemType>1</ItemType>
      <ItemName>לקט סלנובה 200 גר ירקות שטראוס טעם הטבע</ItemName>
      <ManufactureName>שטראוס גרופ בעמ/מצונן</ManufactureName>
      <ManufactureCountry />
      <ManufactureItemDescription />
      <UnitQty>יח`</UnitQty>
      <Quantity>200</Quantity>
      <UnitMeasure>גרם</UnitMeasure>
      <BisWeighted>0</BisWeighted>
      <QtyInPackage>1</QtyInPackage>
      <ItemPrice>12.90</ItemPrice>
      <UnitOfMeasurePrice>6.45</UnitOfMeasurePrice>
      <AllowDiscount>1</AllowDiscount>
      <itemStatus>1</itemStatus>
      <LastUpdateDate />
      <LastUpdateTime />
    </Product>
    <Product>
      <PriceUpdateDate>2019/09/03 09:09</PriceUpdateDate>
      <ItemCode>7290107933193</ItemCode>
      <ItemType>1</ItemType>
      <ItemName>סלק בוואקום מבושל שטראוס (500 גרם)</ItemName>
      <ManufactureName>שטראוס גרופ בעמ/מצונן</ManufactureName>
      <ManufactureCountry />
      <ManufactureItemDescription />
      <UnitQty>יח`</UnitQty>
      <Quantity>500</Quantity>
      <UnitMeasure>גרם</UnitMeasure>
      <BisWeighted>0</BisWeighted>
      <QtyInPackage>1</QtyInPackage>
      <ItemPrice>7.90</ItemPrice>
      <UnitOfMeasurePrice>1.58</UnitOfMeasurePrice>
      <AllowDiscount>0</AllowDiscount>
      <itemStatus>1</itemStatus>
      <LastUpdateDate />
      <LastUpdateTime />
    </Product>
    <Product>
      <PriceUpdateDate>2015/12/31 09:20</PriceUpdateDate>
      <ItemCode>7290107933315</ItemCode>
      <ItemType>1</ItemType>
      <ItemName>חלב 2% דל לקטוז בבקבוק יטבתה (1 ליטר)</ItemName>
      <ManufactureName>שטראוס גרופ בעמ/מצונן</ManufactureName>
      <ManufactureCountry />
      <ManufactureItemDescription />
      <UnitQty>יח`</UnitQty>
      <Quantity>1000</Quantity>
      <UnitMeasure>מ"ל</UnitMeasure>
      <BisWeighted>0</BisWeighted>
      <QtyInPackage>1</QtyInPackage>
      <ItemPrice>7.50</ItemPrice>
      <UnitOfMeasurePrice>0.75</UnitOfMeasurePrice>
      <AllowDiscount>0</AllowDiscount>
      <itemStatus>1</itemStatus>
      <LastUpdateDate />
      <LastUpdateTime />
    </Product>
    <Product>
      <PriceUpdateDate>2016/04/20 08:15</PriceUpdateDate>
      <ItemCode>7290107933643</ItemCode>
      <ItemType>1</ItemType>
      <ItemName>משקה חלב עם דגנים  ובננה- ארוחה בקטנה</ItemName>
      <ManufactureName>שטראוס גרופ בעמ/מצונן</ManufactureName>
      <ManufactureCountry />
      <ManufactureItemDescription />
      <UnitQty>יח`</UnitQty>
      <Quantity>250</Quantity>
      <UnitMeasure>גרם</UnitMeasure>
      <BisWeighted>0</BisWeighted>
      <QtyInPackage>1</QtyInPackage>
      <ItemPrice>4.90</ItemPrice>
      <UnitOfMeasurePrice>1.96</UnitOfMeasurePrice>
      <AllowDiscount>0</AllowDiscount>
      <itemStatus>1</itemStatus>
      <LastUpdateDate />
      <LastUpdateTime />
    </Product>
    <Product>
      <PriceUpdateDate>2016/04/20 08:15</PriceUpdateDate>
      <ItemCode>7290107933650</ItemCode>
      <ItemType>1</ItemType>
      <ItemName>משקה חלב עם דגנים  ותות- ארוחה בקטנה</ItemName>
      <ManufactureName>שטראוס גרופ בעמ/מצונן</ManufactureName>
      <ManufactureCountry />
      <ManufactureItemDescription />
      <UnitQty>יח`</UnitQty>
      <Quantity>250</Quantity>
      <UnitMeasure>גרם</UnitMeasure>
      <BisWeighted>0</BisWeighted>
      <QtyInPackage>1</QtyInPackage>
      <ItemPrice>4.90</ItemPrice>
      <UnitOfMeasurePrice>1.96</UnitOfMeasurePrice>
      <AllowDiscount>0</AllowDiscount>
      <itemStatus>1</itemStatus>
      <LastUpdateDate />
      <LastUpdateTime />
    </Product>
    <Product>
      <PriceUpdateDate>2016/09/04 07:47</PriceUpdateDate>
      <ItemCode>7290107934473</ItemCode>
      <ItemType>1</ItemType>
      <ItemName>אקטיביה יוגורט 1.5% דנונה (150x8 גרם)</ItemName>
      <ManufactureName>שטראוס גרופ בעמ/מצונן</ManufactureName>
      <ManufactureCountry />
      <ManufactureItemDescription />
      <UnitQty>יח`</UnitQty>
      <Quantity>1.20</Quantity>
      <UnitMeasure>1 ליטר</UnitMeasure>
      <BisWeighted>0</BisWeighted>
      <QtyInPackage>1</QtyInPackage>
      <ItemPrice>19.90</ItemPrice>
      <UnitOfMeasurePrice>16.58</UnitOfMeasurePrice>
      <AllowDiscount>0</AllowDiscount>
      <itemStatus>1</itemStatus>
      <LastUpdateDate />
      <LastUpdateTime />
    </Product>
    <Product>
      <PriceUpdateDate>2016/12/21 10:13</PriceUpdateDate>
      <ItemCode>7290107936309</ItemCode>
      <ItemType>1</ItemType>
      <ItemName>דנונה יווני לבן 7%</ItemName>
      <ManufactureName>שטראוס גרופ בעמ/מצונן</ManufactureName>
      <ManufactureCountry />
      <ManufactureItemDescription />
      <UnitQty>יח`</UnitQty>
      <Quantity>130</Quantity>
      <UnitMeasure>גרם</UnitMeasure>
      <BisWeighted>0</BisWeighted>
      <QtyInPackage>1</QtyInPackage>
      <ItemPrice>3.30</ItemPrice>
      <UnitOfMeasurePrice>2.54</UnitOfMeasurePrice>
      <AllowDiscount>0</AllowDiscount>
      <itemStatus>1</itemStatus>
      <LastUpdateDate />
      <LastUpdateTime />
    </Product>
    <Product>
      <PriceUpdateDate>2017/11/07 08:11</PriceUpdateDate>
      <ItemCode>7290107936965</ItemCode>
      <ItemType>1</ItemType>
      <ItemName>עד חצות עיגולים 225 גר`</ItemName>
      <ManufactureName>שטראוס גרופ בעמ</ManufactureName>
      <ManufactureCountry />
      <ManufactureItemDescription />
      <UnitQty>יח`</UnitQty>
      <Quantity>225</Quantity>
      <UnitMeasure>גרם</UnitMeasure>
      <BisWeighted>0</BisWeighted>
      <QtyInPackage>1</QtyInPackage>
      <ItemPrice>14.90</ItemPrice>
      <UnitOfMeasurePrice>6.62</UnitOfMeasurePrice>
      <AllowDiscount>1</AllowDiscount>
      <itemStatus>1</itemStatus>
      <LastUpdateDate />
      <LastUpdateTime />
    </Product>
    <Product>
      <PriceUpdateDate>2016/07/14 08:12</PriceUpdateDate>
      <ItemCode>7290107937498</ItemCode>
      <ItemType>1</ItemType>
      <ItemName>חרדל דיז`ון גרגרים יד מרדכי (350 גרם)</ItemName>
      <ManufactureName>שטראוס גרופ בעמ</ManufactureName>
      <ManufactureCountry />
      <ManufactureItemDescription />
      <UnitQty>יח`</UnitQty>
      <Quantity>350</Quantity>
      <UnitMeasure>גרם</UnitMeasure>
      <BisWeighted>0</BisWeighted>
      <QtyInPackage>1</QtyInPackage>
      <ItemPrice>11.90</ItemPrice>
      <UnitOfMeasurePrice>3.40</UnitOfMeasurePrice>
      <AllowDiscount>1</AllowDiscount>
      <itemStatus>1</itemStatus>
      <LastUpdateDate />
      <LastUpdateTime />
    </Product>
    <Product>
      <PriceUpdateDate>2016/07/14 08:12</PriceUpdateDate>
      <ItemCode>7290107937504</ItemCode>
      <ItemType>1</ItemType>
      <ItemName>חרדל דיז`ון חלק 370 גרם</ItemName>
      <ManufactureName>שטראוס גרופ בעמ</ManufactureName>
      <ManufactureCountry />
      <ManufactureItemDescription />
      <UnitQty>יח`</UnitQty>
      <Quantity>370</Quantity>
      <UnitMeasure>גרם</UnitMeasure>
      <BisWeighted>0</BisWeighted>
      <QtyInPackage>1</QtyInPackage>
      <ItemPrice>11.90</ItemPrice>
      <UnitOfMeasurePrice>3.22</UnitOfMeasurePrice>
      <AllowDiscount>1</AllowDiscount>
      <itemStatus>1</itemStatus>
      <LastUpdateDate />
      <LastUpdateTime />
    </Product>
    <Product>
      <PriceUpdateDate>2016/06/13 08:23</PriceUpdateDate>
      <ItemCode>7290107937542</ItemCode>
      <ItemType>1</ItemType>
      <ItemName>משקה אקטייביה תות 1.2%</ItemName>
      <ManufactureName>שטראוס גרופ בעמ/מצונן</ManufactureName>
      <ManufactureCountry />
      <ManufactureItemDescription />
      <UnitQty>יח`</UnitQty>
      <Quantity>250</Quantity>
      <UnitMeasure>מ"ל</UnitMeasure>
      <BisWeighted>0</BisWeighted>
      <QtyInPackage>1</QtyInPackage>
      <ItemPrice>4.90</ItemPrice>
      <UnitOfMeasurePrice>1.96</UnitOfMeasurePrice>
      <AllowDiscount>0</AllowDiscount>
      <itemStatus>1</itemStatus>
      <LastUpdateDate />
      <LastUpdateTime />
    </Product>
    <Product>
      <PriceUpdateDate>2016/12/07 08:07</PriceUpdateDate>
      <ItemCode>7290107937627</ItemCode>
      <ItemType>1</ItemType>
      <ItemName>צנצנת קוביות ספירמינט גומי לעיסה 58גר</ItemName>
      <ManufactureName>שטראוס גרופ בעמ</ManufactureName>
      <ManufactureCountry />
      <ManufactureItemDescription />
      <UnitQty>יח`</UnitQty>
      <Quantity>58</Quantity>
      <UnitMeasure>גרם</UnitMeasure>
      <BisWeighted>0</BisWeighted>
      <QtyInPackage>1</QtyInPackage>
      <ItemPrice>9.90</ItemPrice>
      <UnitOfMeasurePrice>17.07</UnitOfMeasurePrice>
      <AllowDiscount>1</AllowDiscount>
      <itemStatus>1</itemStatus>
      <LastUpdateDate />
      <LastUpdateTime />
    </Product>
    <Product>
      <PriceUpdateDate>2016/12/07 08:07</PriceUpdateDate>
      <ItemCode>7290107937634</ItemCode>
      <ItemType>1</ItemType>
      <ItemName>צנצנת קוביות פפירמינט גומי לעיסה 58גר</ItemName>
      <ManufactureName>שטראוס גרופ בעמ</ManufactureName>
      <ManufactureCountry />
      <ManufactureItemDescription />
      <UnitQty>יח`</UnitQty>
      <Quantity>58</Quantity>
      <UnitMeasure>גרם</UnitMeasure>
      <BisWeighted>0</BisWeighted>
      <QtyInPackage>1</QtyInPackage>
      <ItemPrice>9.90</ItemPrice>
      <UnitOfMeasurePrice>17.07</UnitOfMeasurePrice>
      <AllowDiscount>1</AllowDiscount>
      <itemStatus>1</itemStatus>
      <LastUpdateDate />
      <LastUpdateTime />
    </Product>
    <Product>
      <PriceUpdateDate>2016/12/07 08:07</PriceUpdateDate>
      <ItemCode>7290107937641</ItemCode>
      <ItemType>1</ItemType>
      <ItemName>צנצנת קוביות בזוקה גומי לעיסה 58גר</ItemName>
      <ManufactureName>שטראוס גרופ בעמ</ManufactureName>
      <ManufactureCountry />
      <ManufactureItemDescription />
      <UnitQty>יח`</UnitQty>
      <Quantity>58</Quantity>
      <UnitMeasure>גרם</UnitMeasure>
      <BisWeighted>0</BisWeighted>
      <QtyInPackage>1</QtyInPackage>
      <ItemPrice>9.90</ItemPrice>
      <UnitOfMeasurePrice>17.07</UnitOfMeasurePrice>
      <AllowDiscount>1</AllowDiscount>
      <itemStatus>1</itemStatus>
      <LastUpdateDate />
      <LastUpdateTime />
    </Product>
    <Product>
      <PriceUpdateDate>2016/11/16 08:09</PriceUpdateDate>
      <ItemCode>7290107937856</ItemCode>
      <ItemType>1</ItemType>
      <ItemName>קפסולות קפה עלית 100% גואטמלה (10)</ItemName>
      <ManufactureName>שטראוס גרופ בעמ</ManufactureName>
      <ManufactureCountry />
      <ManufactureItemDescription />
      <UnitQty>יח`</UnitQty>
      <Quantity>50</Quantity>
      <UnitMeasure>גרם</UnitMeasure>
      <BisWeighted>0</BisWeighted>
      <QtyInPackage>1</QtyInPackage>
      <ItemPrice>16.90</ItemPrice>
      <UnitOfMeasurePrice>33.80</UnitOfMeasurePrice>
      <AllowDiscount>1</AllowDiscount>
      <itemStatus>1</itemStatus>
      <LastUpdateDate />
      <LastUpdateTime />
    </Product>
    <Product>
      <PriceUpdateDate>2019/09/03 09:09</PriceUpdateDate>
      <ItemCode>7290107938396</ItemCode>
      <ItemType>1</ItemType>
      <ItemName>אקטימל תות שמינייה בנים</ItemName>
      <ManufactureName>שטראוס גרופ בעמ/מצונן</ManufactureName>
      <ManufactureCountry />
      <ManufactureItemDescription />
      <UnitQty>יח`</UnitQty>
      <Quantity>864</Quantity>
      <UnitMeasure>גרם</UnitMeasure>
      <BisWeighted>0</BisWeighted>
      <QtyInPackage>1</QtyInPackage>
      <ItemPrice>19.90</ItemPrice>
      <UnitOfMeasurePrice>2.30</UnitOfMeasurePrice>
      <AllowDiscount>0</AllowDiscount>
      <itemStatus>1</itemStatus>
      <LastUpdateDate />
      <LastUpdateTime />
    </Product>
    <Product>
      <PriceUpdateDate>2016/09/26 08:48</PriceUpdateDate>
      <ItemCode>7290107938884</ItemCode>
      <ItemType>1</ItemType>
      <ItemName>חציל על האש אחלה (500 גרם)</ItemName>
      <ManufactureName>שטראוס גרופ בעמ/מצונן</ManufactureName>
      <ManufactureCountry />
      <ManufactureItemDescription />
      <UnitQty>יח`</UnitQty>
      <Quantity>500</Quantity>
      <UnitMeasure>גרם</UnitMeasure>
      <BisWeighted>0</BisWeighted>
      <QtyInPackage>1</QtyInPackage>
      <ItemPrice>15.50</ItemPrice>
      <UnitOfMeasurePrice>3.10</UnitOfMeasurePrice>
      <AllowDiscount>0</AllowDiscount>
      <itemStatus>1</itemStatus>
      <LastUpdateDate />
      <LastUpdateTime />
    </Product>
    <Product>
      <PriceUpdateDate>2017/07/21 08:21</PriceUpdateDate>
      <ItemCode>7290107939027</ItemCode>
      <ItemType>1</ItemType>
      <ItemName>גזר דק דק 250 גר שטראוס ירקות טעם הטבע</ItemName>
      <ManufactureName>שטראוס גרופ בעמ/מצונן</ManufactureName>
      <ManufactureCountry />
      <ManufactureItemDescription />
      <UnitQty>יח`</UnitQty>
      <Quantity>250</Quantity>
      <UnitMeasure>גרם</UnitMeasure>
      <BisWeighted>0</BisWeighted>
      <QtyInPackage>1</QtyInPackage>
      <ItemPrice>7.90</ItemPrice>
      <UnitOfMeasurePrice>3.16</UnitOfMeasurePrice>
      <AllowDiscount>0</AllowDiscount>
      <itemStatus>1</itemStatus>
      <LastUpdateDate />
      <LastUpdateTime />
    </Product>
    <Product>
      <PriceUpdateDate>2017/01/17 08:21</PriceUpdateDate>
      <ItemCode>7290107939959</ItemCode>
      <ItemType>1</ItemType>
      <ItemName>דנונה פרו טריפל זירו תות</ItemName>
      <ManufactureName>שטראוס גרופ בעמ/מצונן</ManufactureName>
      <ManufactureCountry />
      <ManufactureItemDescription />
      <UnitQty>יח`</UnitQty>
      <Quantity>150</Quantity>
      <UnitMeasure>גרם</UnitMeasure>
      <BisWeighted>0</BisWeighted>
      <QtyInPackage>1</QtyInPackage>
      <ItemPrice>4.60</ItemPrice>
      <UnitOfMeasurePrice>3.07</UnitOfMeasurePrice>
      <AllowDiscount>0</AllowDiscount>
      <itemStatus>1</itemStatus>
      <LastUpdateDate />
      <LastUpdateTime />
    </Product>
    <Product>
      <PriceUpdateDate>2016/06/06 08:41</PriceUpdateDate>
      <ItemCode>7290107940252</ItemCode>
      <ItemType>1</ItemType>
      <ItemName>השוקו שלי - שוקו ללא תוספת סוכר</ItemName>
      <ManufactureName>שטראוס גרופ בעמ/מצונן</ManufactureName>
      <ManufactureCountry />
      <ManufactureItemDescription />
      <UnitQty>יח`</UnitQty>
      <Quantity>1</Quantity>
      <UnitMeasure>1 ליטר</UnitMeasure>
      <BisWeighted>0</BisWeighted>
      <QtyInPackage>1</QtyInPackage>
      <ItemPrice>11.60</ItemPrice>
      <UnitOfMeasurePrice>11.60</UnitOfMeasurePrice>
      <AllowDiscount>0</AllowDiscount>
      <itemStatus>1</itemStatus>
      <LastUpdateDate />
      <LastUpdateTime />
    </Product>
    <Product>
      <PriceUpdateDate>2016/12/07 08:07</PriceUpdateDate>
      <ItemCode>7290107942133</ItemCode>
      <ItemType>1</ItemType>
      <ItemName>גרנולה עם זרעי פשתן 400 גרם אנרג`י</ItemName>
      <ManufactureName>שטראוס גרופ בעמ</ManufactureName>
      <ManufactureCountry />
      <ManufactureItemDescription />
      <UnitQty>יח`</UnitQty>
      <Quantity>400</Quantity>
      <UnitMeasure>גרם</UnitMeasure>
      <BisWeighted>0</BisWeighted>
      <QtyInPackage>1</QtyInPackage>
      <ItemPrice>17.90</ItemPrice>
      <UnitOfMeasurePrice>4.48</UnitOfMeasurePrice>
      <AllowDiscount>1</AllowDiscount>
      <itemStatus>1</itemStatus>
      <LastUpdateDate />
      <LastUpdateTime />
    </Product>
    <Product>
      <PriceUpdateDate>2016/12/20 08:15</PriceUpdateDate>
      <ItemCode>7290107942232</ItemCode>
      <ItemType>1</ItemType>
      <ItemName>מעדן חלב עם שוקולד ספלנדיד (130 גרם)</ItemName>
      <ManufactureName>שטראוס גרופ בעמ/מצונן</ManufactureName>
      <ManufactureCountry />
      <ManufactureItemDescription />
      <UnitQty>יח`</UnitQty>
      <Quantity>130</Quantity>
      <UnitMeasure>גרם</UnitMeasure>
      <BisWeighted>0</BisWeighted>
      <QtyInPackage>1</QtyInPackage>
      <ItemPrice>3.20</ItemPrice>
      <UnitOfMeasurePrice>2.46</UnitOfMeasurePrice>
      <AllowDiscount>0</AllowDiscount>
      <itemStatus>1</itemStatus>
      <LastUpdateDate />
      <LastUpdateTime />
    </Product>
    <Product>
      <PriceUpdateDate>2017/04/03 08:48</PriceUpdateDate>
      <ItemCode>7290107942324</ItemCode>
      <ItemType>1</ItemType>
      <ItemName>מילקי שוקולד עשיר 133 גר</ItemName>
      <ManufactureName>שטראוס גרופ בעמ/מצונן</ManufactureName>
      <ManufactureCountry />
      <ManufactureItemDescription />
      <UnitQty>יח`</UnitQty>
      <Quantity>133</Quantity>
      <UnitMeasure>גרם</UnitMeasure>
      <BisWeighted>0</BisWeighted>
      <QtyInPackage>1</QtyInPackage>
      <ItemPrice>3.70</ItemPrice>
      <UnitOfMeasurePrice>2.78</UnitOfMeasurePrice>
      <AllowDiscount>0</AllowDiscount>
      <itemStatus>1</itemStatus>
      <LastUpdateDate />
      <LastUpdateTime />
    </Product>
    <Product>
      <PriceUpdateDate>2017/07/10 14:38</PriceUpdateDate>
      <ItemCode>7290107942447</ItemCode>
      <ItemType>1</ItemType>
      <ItemName>ממרח פסק זמן מגדים 350 גר`</ItemName>
      <ManufactureName>שטראוס גרופ בעמ</ManufactureName>
      <ManufactureCountry />
      <ManufactureItemDescription />
      <UnitQty>יח`</UnitQty>
      <Quantity>350</Quantity>
      <UnitMeasure>גרם</UnitMeasure>
      <BisWeighted>0</BisWeighted>
      <QtyInPackage>1</QtyInPackage>
      <ItemPrice>11.90</ItemPrice>
      <UnitOfMeasurePrice>3.40</UnitOfMeasurePrice>
      <AllowDiscount>0</AllowDiscount>
      <itemStatus>1</itemStatus>
      <LastUpdateDate />
      <LastUpdateTime />
    </Product>
    <Product>
      <PriceUpdateDate>2017/07/10 14:38</PriceUpdateDate>
      <ItemCode>7290107942454</ItemCode>
      <ItemType>1</ItemType>
      <ItemName>ממרח פסק זמן מגדים 700 גר`</ItemName>
      <ManufactureName>שטראוס גרופ בעמ</ManufactureName>
      <ManufactureCountry />
      <ManufactureItemDescription />
      <UnitQty>יח`</UnitQty>
      <Quantity>700</Quantity>
      <UnitMeasure>גרם</UnitMeasure>
      <BisWeighted>0</BisWeighted>
      <QtyInPackage>1</QtyInPackage>
      <ItemPrice>19.90</ItemPrice>
      <UnitOfMeasurePrice>2.84</UnitOfMeasurePrice>
      <AllowDiscount>0</AllowDiscount>
      <itemStatus>1</itemStatus>
      <LastUpdateDate />
      <LastUpdateTime />
    </Product>
    <Product>
      <PriceUpdateDate>2017/11/07 08:11</PriceUpdateDate>
      <ItemCode>7290107943192</ItemCode>
      <ItemType>1</ItemType>
      <ItemName>שמנת חמוצה מהערבה 27% שומן יטבתה</ItemName>
      <ManufactureName>שטראוס גרופ בעמ/מצונן</ManufactureName>
      <ManufactureCountry />
      <ManufactureItemDescription />
      <UnitQty>יח`</UnitQty>
      <Quantity>200</Quantity>
      <UnitMeasure>מ"ל</UnitMeasure>
      <BisWeighted>0</BisWeighted>
      <QtyInPackage>1</QtyInPackage>
      <ItemPrice>3.90</ItemPrice>
      <UnitOfMeasurePrice>1.95</UnitOfMeasurePrice>
      <AllowDiscount>0</AllowDiscount>
      <itemStatus>1</itemStatus>
      <LastUpdateDate />
      <LastUpdateTime />
    </Product>
    <Product>
      <PriceUpdateDate>2017/09/16 23:11</PriceUpdateDate>
      <ItemCode>7290107943369</ItemCode>
      <ItemType>1</ItemType>
      <ItemName>קוואקר שיבולת שועל ללא גולטן 511 גר`</ItemName>
      <ManufactureName>שטראוס פריטו ליי בעמ</ManufactureName>
      <ManufactureCountry />
      <ManufactureItemDescription />
      <UnitQty>יח`</UnitQty>
      <Quantity>511</Quantity>
      <UnitMeasure>גרם</UnitMeasure>
      <BisWeighted>0</BisWeighted>
      <QtyInPackage>1</QtyInPackage>
      <ItemPrice>19.90</ItemPrice>
      <UnitOfMeasurePrice>3.89</UnitOfMeasurePrice>
      <AllowDiscount>0</AllowDiscount>
      <itemStatus>1</itemStatus>
      <LastUpdateDate />
      <LastUpdateTime />
    </Product>
    <Product>
      <PriceUpdateDate>2018/05/13 10:35</PriceUpdateDate>
      <ItemCode>7290107944236</ItemCode>
      <ItemType>1</ItemType>
      <ItemName>רולדה קפה נמס ווסטהיים 350 גר`</ItemName>
      <ManufactureName>שטראוס גרופ בעמ</ManufactureName>
      <ManufactureCountry />
      <ManufactureItemDescription />
      <UnitQty>יח`</UnitQty>
      <Quantity>350</Quantity>
      <UnitMeasure>גרם</UnitMeasure>
      <BisWeighted>0</BisWeighted>
      <QtyInPackage>1</QtyInPackage>
      <ItemPrice>15.90</ItemPrice>
      <UnitOfMeasurePrice>4.54</UnitOfMeasurePrice>
      <AllowDiscount>1</AllowDiscount>
      <itemStatus>1</itemStatus>
      <LastUpdateDate />
      <LastUpdateTime />
    </Product>
    <Product>
      <PriceUpdateDate>2017/04/13 10:47</PriceUpdateDate>
      <ItemCode>7290107944366</ItemCode>
      <ItemType>1</ItemType>
      <ItemName>רבע לשבע לבן 120 גר</ItemName>
      <ManufactureName>שטראוס גרופ בעמ</ManufactureName>
      <ManufactureCountry />
      <ManufactureItemDescription />
      <UnitQty>יח`</UnitQty>
      <Quantity>120</Quantity>
      <UnitMeasure>גרם</UnitMeasure>
      <BisWeighted>0</BisWeighted>
      <QtyInPackage>1</QtyInPackage>
      <ItemPrice>12.90</ItemPrice>
      <UnitOfMeasurePrice>10.75</UnitOfMeasurePrice>
      <AllowDiscount>1</AllowDiscount>
      <itemStatus>1</itemStatus>
      <LastUpdateDate />
      <LastUpdateTime />
    </Product>
    <Product>
      <PriceUpdateDate>2017/02/16 08:20</PriceUpdateDate>
      <ItemCode>7290107944380</ItemCode>
      <ItemType>1</ItemType>
      <ItemName>אגוזי 45 גר` כשלפ</ItemName>
      <ManufactureName>שטראוס גרופ בעמ</ManufactureName>
      <ManufactureCountry />
      <ManufactureItemDescription />
      <UnitQty>יח`</UnitQty>
      <Quantity>1</Quantity>
      <UnitMeasure />
      <BisWeighted>0</BisWeighted>
      <QtyInPackage>1</QtyInPackage>
      <ItemPrice>3.90</ItemPrice>
      <UnitOfMeasurePrice>3.90</UnitOfMeasurePrice>
      <AllowDiscount>1</AllowDiscount>
      <itemStatus>1</itemStatus>
      <LastUpdateDate />
      <LastUpdateTime />
    </Product>
    <Product>
      <PriceUpdateDate>2017/01/17 08:21</PriceUpdateDate>
      <ItemCode>7290107944472</ItemCode>
      <ItemType>1</ItemType>
      <ItemName>סימפוניה שום שמיר 5%</ItemName>
      <ManufactureName>שטראוס גרופ בעמ/מצונן</ManufactureName>
      <ManufactureCountry />
      <ManufactureItemDescription />
      <UnitQty>יח`</UnitQty>
      <Quantity>200</Quantity>
      <UnitMeasure>גרם</UnitMeasure>
      <BisWeighted>0</BisWeighted>
      <QtyInPackage>1</QtyInPackage>
      <ItemPrice>11.40</ItemPrice>
      <UnitOfMeasurePrice>5.70</UnitOfMeasurePrice>
      <AllowDiscount>0</AllowDiscount>
      <itemStatus>1</itemStatus>
      <LastUpdateDate />
      <LastUpdateTime />
    </Product>
    <Product>
      <PriceUpdateDate>2017/04/13 10:47</PriceUpdateDate>
      <ItemCode>7290107945165</ItemCode>
      <ItemType>1</ItemType>
      <ItemName>קונפיטורת משמש 340 גר</ItemName>
      <ManufactureName>שטראוס גרופ בעמ</ManufactureName>
      <ManufactureCountry />
      <ManufactureItemDescription />
      <UnitQty>יח`</UnitQty>
      <Quantity>340</Quantity>
      <UnitMeasure>גרם</UnitMeasure>
      <BisWeighted>0</BisWeighted>
      <QtyInPackage>1</QtyInPackage>
      <ItemPrice>14.90</ItemPrice>
      <UnitOfMeasurePrice>4.38</UnitOfMeasurePrice>
      <AllowDiscount>1</AllowDiscount>
      <itemStatus>1</itemStatus>
      <LastUpdateDate />
      <LastUpdateTime />
    </Product>
    <Product>
      <PriceUpdateDate>2017/12/26 08:38</PriceUpdateDate>
      <ItemCode>7290107946193</ItemCode>
      <ItemType>1</ItemType>
      <ItemName>מאגדת פרה עד 99 שוקולד חלב עם עוגיות עלי</ItemName>
      <ManufactureName>שטראוס גרופ בעמ</ManufactureName>
      <ManufactureCountry />
      <ManufactureItemDescription />
      <UnitQty>יח`</UnitQty>
      <Quantity>100</Quantity>
      <UnitMeasure>גרם</UnitMeasure>
      <BisWeighted>0</BisWeighted>
      <QtyInPackage>1</QtyInPackage>
      <ItemPrice>13.90</ItemPrice>
      <UnitOfMeasurePrice>13.90</UnitOfMeasurePrice>
      <AllowDiscount>0</AllowDiscount>
      <itemStatus>1</itemStatus>
      <LastUpdateDate />
      <LastUpdateTime />
    </Product>
    <Product>
      <PriceUpdateDate>2017/12/26 08:38</PriceUpdateDate>
      <ItemCode>7290107946315</ItemCode>
      <ItemType>1</ItemType>
      <ItemName>בפלות דקיקות שוקולד 110  גר`עלית</ItemName>
      <ManufactureName>שטראוס גרופ בעמ</ManufactureName>
      <ManufactureCountry />
      <ManufactureItemDescription />
      <UnitQty>יח`</UnitQty>
      <Quantity>110</Quantity>
      <UnitMeasure>גרם</UnitMeasure>
      <BisWeighted>0</BisWeighted>
      <QtyInPackage>1</QtyInPackage>
      <ItemPrice>7.90</ItemPrice>
      <UnitOfMeasurePrice>7.18</UnitOfMeasurePrice>
      <AllowDiscount>0</AllowDiscount>
      <itemStatus>1</itemStatus>
      <LastUpdateDate />
      <LastUpdateTime />
    </Product>
    <Product>
      <PriceUpdateDate>2018/06/13 08:42</PriceUpdateDate>
      <ItemCode>7290107947466</ItemCode>
      <ItemType>1</ItemType>
      <ItemName>מאגדת אנרג`י מצופה טעמי</ItemName>
      <ManufactureName>שטראוס גרופ בעמ</ManufactureName>
      <ManufactureCountry />
      <ManufactureItemDescription />
      <UnitQty>יח`</UnitQty>
      <Quantity>168</Quantity>
      <UnitMeasure>גרם</UnitMeasure>
      <BisWeighted>0</BisWeighted>
      <QtyInPackage>1</QtyInPackage>
      <ItemPrice>14.90</ItemPrice>
      <UnitOfMeasurePrice>8.87</UnitOfMeasurePrice>
      <AllowDiscount>1</AllowDiscount>
      <itemStatus>1</itemStatus>
      <LastUpdateDate />
      <LastUpdateTime />
    </Product>
    <Product>
      <PriceUpdateDate>2018/06/13 08:42</PriceUpdateDate>
      <ItemCode>7290107947480</ItemCode>
      <ItemType>1</ItemType>
      <ItemName>מאגדת אנרג`י מצופה שוקולד חלב</ItemName>
      <ManufactureName>שטראוס גרופ בעמ</ManufactureName>
      <ManufactureCountry />
      <ManufactureItemDescription />
      <UnitQty>יח`</UnitQty>
      <Quantity>168</Quantity>
      <UnitMeasure>גרם</UnitMeasure>
      <BisWeighted>0</BisWeighted>
      <QtyInPackage>1</QtyInPackage>
      <ItemPrice>14.90</ItemPrice>
      <UnitOfMeasurePrice>8.87</UnitOfMeasurePrice>
      <AllowDiscount>1</AllowDiscount>
      <itemStatus>1</itemStatus>
      <LastUpdateDate />
      <LastUpdateTime />
    </Product>
    <Product>
      <PriceUpdateDate>2018/07/18 12:25</PriceUpdateDate>
      <ItemCode>7290107947992</ItemCode>
      <ItemType>1</ItemType>
      <ItemName>שוקולד פרה אקסטרה חלב עלית (100 גרם)</ItemName>
      <ManufactureName>שטראוס גרופ בעמ</ManufactureName>
      <ManufactureCountry />
      <ManufactureItemDescription />
      <UnitQty>יח`</UnitQty>
      <Quantity>100</Quantity>
      <UnitMeasure>גרם</UnitMeasure>
      <BisWeighted>0</BisWeighted>
      <QtyInPackage>1</QtyInPackage>
      <ItemPrice>6.90</ItemPrice>
      <UnitOfMeasurePrice>6.90</UnitOfMeasurePrice>
      <AllowDiscount>1</AllowDiscount>
      <itemStatus>1</itemStatus>
      <LastUpdateDate />
      <LastUpdateTime />
    </Product>
    <Product>
      <PriceUpdateDate>2018/07/18 12:25</PriceUpdateDate>
      <ItemCode>7290107948005</ItemCode>
      <ItemType>1</ItemType>
      <ItemName>פרה אקסטרא וניל ועוגיות שוקו 100 גרם</ItemName>
      <ManufactureName>שטראוס גרופ בעמ</ManufactureName>
      <ManufactureCountry />
      <ManufactureItemDescription />
      <UnitQty>יח`</UnitQty>
      <Quantity>100</Quantity>
      <UnitMeasure>גרם</UnitMeasure>
      <BisWeighted>0</BisWeighted>
      <QtyInPackage>1</QtyInPackage>
      <ItemPrice>6.90</ItemPrice>
      <UnitOfMeasurePrice>6.90</UnitOfMeasurePrice>
      <AllowDiscount>1</AllowDiscount>
      <itemStatus>1</itemStatus>
      <LastUpdateDate />
      <LastUpdateTime />
    </Product>
    <Product>
      <PriceUpdateDate>2018/07/18 12:25</PriceUpdateDate>
      <ItemCode>7290107948029</ItemCode>
      <ItemType>1</ItemType>
      <ItemName>שוקולד פרה אקסטרא צימוקים ואגוזים 100 גר</ItemName>
      <ManufactureName>שטראוס גרופ בעמ</ManufactureName>
      <ManufactureCountry />
      <ManufactureItemDescription />
      <UnitQty>יח`</UnitQty>
      <Quantity>100</Quantity>
      <UnitMeasure>גרם</UnitMeasure>
      <BisWeighted>0</BisWeighted>
      <QtyInPackage>1</QtyInPackage>
      <ItemPrice>6.90</ItemPrice>
      <UnitOfMeasurePrice>6.90</UnitOfMeasurePrice>
      <AllowDiscount>1</AllowDiscount>
      <itemStatus>1</itemStatus>
      <LastUpdateDate />
      <LastUpdateTime />
    </Product>
    <Product>
      <PriceUpdateDate>2018/07/18 12:25</PriceUpdateDate>
      <ItemCode>7290107948265</ItemCode>
      <ItemType>1</ItemType>
      <ItemName>עדשים מיני מיני חלבי 170  גר`עלית</ItemName>
      <ManufactureName>שטראוס גרופ בעמ</ManufactureName>
      <ManufactureCountry />
      <ManufactureItemDescription />
      <UnitQty>יח`</UnitQty>
      <Quantity>170</Quantity>
      <UnitMeasure>גרם</UnitMeasure>
      <BisWeighted>0</BisWeighted>
      <QtyInPackage>1</QtyInPackage>
      <ItemPrice>16.90</ItemPrice>
      <UnitOfMeasurePrice>9.94</UnitOfMeasurePrice>
      <AllowDiscount>0</AllowDiscount>
      <itemStatus>1</itemStatus>
      <LastUpdateDate />
      <LastUpdateTime />
    </Product>
    <Product>
      <PriceUpdateDate>2016/12/20 08:15</PriceUpdateDate>
      <ItemCode>7290107950183</ItemCode>
      <ItemType>1</ItemType>
      <ItemName>מעדן שטראוס דיאט וניל 0%</ItemName>
      <ManufactureName>שטראוס גרופ בעמ/מצונן</ManufactureName>
      <ManufactureCountry />
      <ManufactureItemDescription />
      <UnitQty>יח`</UnitQty>
      <Quantity>130</Quantity>
      <UnitMeasure>גרם</UnitMeasure>
      <BisWeighted>0</BisWeighted>
      <QtyInPackage>1</QtyInPackage>
      <ItemPrice>3.20</ItemPrice>
      <UnitOfMeasurePrice>2.46</UnitOfMeasurePrice>
      <AllowDiscount>0</AllowDiscount>
      <itemStatus>1</itemStatus>
      <LastUpdateDate />
      <LastUpdateTime />
    </Product>
    <Product>
      <PriceUpdateDate>2016/12/20 08:15</PriceUpdateDate>
      <ItemCode>7290107950190</ItemCode>
      <ItemType>1</ItemType>
      <ItemName>מעדן שטראוס דיאט שוקולד מריר</ItemName>
      <ManufactureName>שטראוס גרופ בעמ/מצונן</ManufactureName>
      <ManufactureCountry />
      <ManufactureItemDescription />
      <UnitQty>יח`</UnitQty>
      <Quantity>130</Quantity>
      <UnitMeasure>גרם</UnitMeasure>
      <BisWeighted>0</BisWeighted>
      <QtyInPackage>1</QtyInPackage>
      <ItemPrice>3.20</ItemPrice>
      <UnitOfMeasurePrice>2.46</UnitOfMeasurePrice>
      <AllowDiscount>0</AllowDiscount>
      <itemStatus>1</itemStatus>
      <LastUpdateDate />
      <LastUpdateTime />
    </Product>
    <Product>
      <PriceUpdateDate>2016/12/20 08:15</PriceUpdateDate>
      <ItemCode>7290107950206</ItemCode>
      <ItemType>1</ItemType>
      <ItemName>מעדן שטראוס דיאט שוקולד 0%</ItemName>
      <ManufactureName>שטראוס גרופ בעמ/מצונן</ManufactureName>
      <ManufactureCountry />
      <ManufactureItemDescription />
      <UnitQty>יח`</UnitQty>
      <Quantity>130</Quantity>
      <UnitMeasure>גרם</UnitMeasure>
      <BisWeighted>0</BisWeighted>
      <QtyInPackage>1</QtyInPackage>
      <ItemPrice>3.20</ItemPrice>
      <UnitOfMeasurePrice>2.46</UnitOfMeasurePrice>
      <AllowDiscount>0</AllowDiscount>
      <itemStatus>1</itemStatus>
      <LastUpdateDate />
      <LastUpdateTime />
    </Product>
    <Product>
      <PriceUpdateDate>2017/04/03 08:48</PriceUpdateDate>
      <ItemCode>7290107950275</ItemCode>
      <ItemType>1</ItemType>
      <ItemName>מילקי קצפת קפוצ`ינו 133 גר</ItemName>
      <ManufactureName>שטראוס גרופ בעמ/מצונן</ManufactureName>
      <ManufactureCountry />
      <ManufactureItemDescription />
      <UnitQty>יח`</UnitQty>
      <Quantity>133</Quantity>
      <UnitMeasure>גרם</UnitMeasure>
      <BisWeighted>0</BisWeighted>
      <QtyInPackage>1</QtyInPackage>
      <ItemPrice>3.70</ItemPrice>
      <UnitOfMeasurePrice>2.78</UnitOfMeasurePrice>
      <AllowDiscount>0</AllowDiscount>
      <itemStatus>1</itemStatus>
      <LastUpdateDate />
      <LastUpdateTime />
    </Product>
    <Product>
      <PriceUpdateDate>2017/08/14 12:26</PriceUpdateDate>
      <ItemCode>7290107951395</ItemCode>
      <ItemType>1</ItemType>
      <ItemName>משקה יטבתה פרו וניל 250 מל</ItemName>
      <ManufactureName>שטראוס גרופ בעמ/מצונן</ManufactureName>
      <ManufactureCountry />
      <ManufactureItemDescription />
      <UnitQty>יח`</UnitQty>
      <Quantity>250</Quantity>
      <UnitMeasure>מ"ל</UnitMeasure>
      <BisWeighted>0</BisWeighted>
      <QtyInPackage>1</QtyInPackage>
      <ItemPrice>4.90</ItemPrice>
      <UnitOfMeasurePrice>1.96</UnitOfMeasurePrice>
      <AllowDiscount>0</AllowDiscount>
      <itemStatus>1</itemStatus>
      <LastUpdateDate />
      <LastUpdateTime />
    </Product>
    <Product>
      <PriceUpdateDate>2017/08/14 12:26</PriceUpdateDate>
      <ItemCode>7290107951401</ItemCode>
      <ItemType>1</ItemType>
      <ItemName>משקה יטבתה פרו לקפה 250 מל</ItemName>
      <ManufactureName>שטראוס גרופ בעמ/מצונן</ManufactureName>
      <ManufactureCountry />
      <ManufactureItemDescription />
      <UnitQty>יח`</UnitQty>
      <Quantity>250</Quantity>
      <UnitMeasure>מ"ל</UnitMeasure>
      <BisWeighted>0</BisWeighted>
      <QtyInPackage>1</QtyInPackage>
      <ItemPrice>4.90</ItemPrice>
      <UnitOfMeasurePrice>1.96</UnitOfMeasurePrice>
      <AllowDiscount>0</AllowDiscount>
      <itemStatus>1</itemStatus>
      <LastUpdateDate />
      <LastUpdateTime />
    </Product>
    <Product>
      <PriceUpdateDate>2017/10/10 07:30</PriceUpdateDate>
      <ItemCode>7290107951548</ItemCode>
      <ItemType>1</ItemType>
      <ItemName>בלונדי שקדים 100  גר`עלית</ItemName>
      <ManufactureName>שטראוס גרופ בעמ</ManufactureName>
      <ManufactureCountry />
      <ManufactureItemDescription />
      <UnitQty>יח`</UnitQty>
      <Quantity>100</Quantity>
      <UnitMeasure>גרם</UnitMeasure>
      <BisWeighted>0</BisWeighted>
      <QtyInPackage>1</QtyInPackage>
      <ItemPrice>7.50</ItemPrice>
      <UnitOfMeasurePrice>7.50</UnitOfMeasurePrice>
      <AllowDiscount>0</AllowDiscount>
      <itemStatus>1</itemStatus>
      <LastUpdateDate />
      <LastUpdateTime />
    </Product>
    <Product>
      <PriceUpdateDate>2017/10/09 13:29</PriceUpdateDate>
      <ItemCode>7290107951623</ItemCode>
      <ItemType>1</ItemType>
      <ItemName>בלונדי קרמל ומלח 100  גר`עלית</ItemName>
      <ManufactureName>שטראוס גרופ בעמ</ManufactureName>
      <ManufactureCountry />
      <ManufactureItemDescription />
      <UnitQty>יח`</UnitQty>
      <Quantity>100</Quantity>
      <UnitMeasure>גרם</UnitMeasure>
      <BisWeighted>0</BisWeighted>
      <QtyInPackage>1</QtyInPackage>
      <ItemPrice>7.50</ItemPrice>
      <UnitOfMeasurePrice>7.50</UnitOfMeasurePrice>
      <AllowDiscount>0</AllowDiscount>
      <itemStatus>1</itemStatus>
      <LastUpdateDate />
      <LastUpdateTime />
    </Product>
    <Product>
      <PriceUpdateDate>2017/10/10 07:30</PriceUpdateDate>
      <ItemCode>7290107951630</ItemCode>
      <ItemType>1</ItemType>
      <ItemName>בלונדי שבבי קוקוס קלוי 100  גר`עלית</ItemName>
      <ManufactureName>שטראוס גרופ בעמ</ManufactureName>
      <ManufactureCountry />
      <ManufactureItemDescription />
      <UnitQty>יח`</UnitQty>
      <Quantity>100</Quantity>
      <UnitMeasure>גרם</UnitMeasure>
      <BisWeighted>0</BisWeighted>
      <QtyInPackage>1</QtyInPackage>
      <ItemPrice>7.50</ItemPrice>
      <UnitOfMeasurePrice>7.50</UnitOfMeasurePrice>
      <AllowDiscount>0</AllowDiscount>
      <itemStatus>1</itemStatus>
      <LastUpdateDate />
      <LastUpdateTime />
    </Product>
    <Product>
      <PriceUpdateDate>2018/02/05 11:15</PriceUpdateDate>
      <ItemCode>7290107951678</ItemCode>
      <ItemType>1</ItemType>
      <ItemName>שוקולד פרה  קראנצ`קוקי 98  גר`עלית</ItemName>
      <ManufactureName>שטראוס גרופ בעמ</ManufactureName>
      <ManufactureCountry />
      <ManufactureItemDescription />
      <UnitQty>יח`</UnitQty>
      <Quantity>98</Quantity>
      <UnitMeasure>גרם</UnitMeasure>
      <BisWeighted>0</BisWeighted>
      <QtyInPackage>1</QtyInPackage>
      <ItemPrice>6.90</ItemPrice>
      <UnitOfMeasurePrice>7.04</UnitOfMeasurePrice>
      <AllowDiscount>0</AllowDiscount>
      <itemStatus>1</itemStatus>
      <LastUpdateDate />
      <LastUpdateTime />
    </Product>
    <Product>
      <PriceUpdateDate>2017/02/19 08:31</PriceUpdateDate>
      <ItemCode>7290107951685</ItemCode>
      <ItemType>1</ItemType>
      <ItemName>מאסט באבלמינט מגדים 66 גר כשלפ</ItemName>
      <ManufactureName>שטראוס גרופ בעמ</ManufactureName>
      <ManufactureCountry />
      <ManufactureItemDescription />
      <UnitQty>יח`</UnitQty>
      <Quantity>66</Quantity>
      <UnitMeasure>גרם</UnitMeasure>
      <BisWeighted>0</BisWeighted>
      <QtyInPackage>1</QtyInPackage>
      <ItemPrice>9.90</ItemPrice>
      <UnitOfMeasurePrice>15</UnitOfMeasurePrice>
      <AllowDiscount>1</AllowDiscount>
      <itemStatus>1</itemStatus>
      <LastUpdateDate />
      <LastUpdateTime />
    </Product>
    <Product>
      <PriceUpdateDate>2017/04/12 12:10</PriceUpdateDate>
      <ItemCode>7290107951715</ItemCode>
      <ItemType>1</ItemType>
      <ItemName>צנצנת קוביות ענבים 58 גר</ItemName>
      <ManufactureName>שטראוס גרופ בעמ</ManufactureName>
      <ManufactureCountry />
      <ManufactureItemDescription />
      <UnitQty>יח`</UnitQty>
      <Quantity>58</Quantity>
      <UnitMeasure>גרם</UnitMeasure>
      <BisWeighted>0</BisWeighted>
      <QtyInPackage>1</QtyInPackage>
      <ItemPrice>9.90</ItemPrice>
      <UnitOfMeasurePrice>17.07</UnitOfMeasurePrice>
      <AllowDiscount>1</AllowDiscount>
      <itemStatus>1</itemStatus>
      <LastUpdateDate />
      <LastUpdateTime />
    </Product>
    <Product>
      <PriceUpdateDate>2017/02/23 08:58</PriceUpdateDate>
      <ItemCode>7290107953559</ItemCode>
      <ItemType>1</ItemType>
      <ItemName>מארז טורקי לדרך כשלפ</ItemName>
      <ManufactureName>שטראוס גרופ בעמ</ManufactureName>
      <ManufactureCountry />
      <ManufactureItemDescription />
      <UnitQty>יח`</UnitQty>
      <Quantity>168</Quantity>
      <UnitMeasure>גרם</UnitMeasure>
      <BisWeighted>0</BisWeighted>
      <QtyInPackage>1</QtyInPackage>
      <ItemPrice>17.90</ItemPrice>
      <UnitOfMeasurePrice>10.65</UnitOfMeasurePrice>
      <AllowDiscount>0</AllowDiscount>
      <itemStatus>1</itemStatus>
      <LastUpdateDate />
      <LastUpdateTime />
    </Product>
    <Product>
      <PriceUpdateDate>2017/08/10 08:49</PriceUpdateDate>
      <ItemCode>7290107954457</ItemCode>
      <ItemType>1</ItemType>
      <ItemName>בראוניז פסק זמן בדצ 380 גר`</ItemName>
      <ManufactureName>שטראוס גרופ בעמ</ManufactureName>
      <ManufactureCountry />
      <ManufactureItemDescription />
      <UnitQty>יח`</UnitQty>
      <Quantity>380</Quantity>
      <UnitMeasure>גרם</UnitMeasure>
      <BisWeighted>0</BisWeighted>
      <QtyInPackage>1</QtyInPackage>
      <ItemPrice>16.90</ItemPrice>
      <UnitOfMeasurePrice>4.45</UnitOfMeasurePrice>
      <AllowDiscount>0</AllowDiscount>
      <itemStatus>1</itemStatus>
      <LastUpdateDate />
      <LastUpdateTime />
    </Product>
    <Product>
      <PriceUpdateDate>2017/07/07 14:25</PriceUpdateDate>
      <ItemCode>7290107954709</ItemCode>
      <ItemType>1</ItemType>
      <ItemName>קונפיטורת פירות יער 340 גר יד מרדכי</ItemName>
      <ManufactureName>שטראוס גרופ בעמ</ManufactureName>
      <ManufactureCountry />
      <ManufactureItemDescription />
      <UnitQty>יח`</UnitQty>
      <Quantity>340</Quantity>
      <UnitMeasure>גרם</UnitMeasure>
      <BisWeighted>0</BisWeighted>
      <QtyInPackage>1</QtyInPackage>
      <ItemPrice>14.90</ItemPrice>
      <UnitOfMeasurePrice>4.38</UnitOfMeasurePrice>
      <AllowDiscount>1</AllowDiscount>
      <itemStatus>1</itemStatus>
      <LastUpdateDate />
      <LastUpdateTime />
    </Product>
    <Product>
      <PriceUpdateDate>2017/08/14 12:26</PriceUpdateDate>
      <ItemCode>7290107954976</ItemCode>
      <ItemType>1</ItemType>
      <ItemName>משקה יטבתה פרו קפה 350 מל</ItemName>
      <ManufactureName>שטראוס גרופ בעמ/מצונן</ManufactureName>
      <ManufactureCountry />
      <ManufactureItemDescription />
      <UnitQty>יח`</UnitQty>
      <Quantity>350</Quantity>
      <UnitMeasure>מ"ל</UnitMeasure>
      <BisWeighted>0</BisWeighted>
      <QtyInPackage>1</QtyInPackage>
      <ItemPrice>6.50</ItemPrice>
      <UnitOfMeasurePrice>1.86</UnitOfMeasurePrice>
      <AllowDiscount>0</AllowDiscount>
      <itemStatus>1</itemStatus>
      <LastUpdateDate />
      <LastUpdateTime />
    </Product>
    <Product>
      <PriceUpdateDate>2018/04/12 06:37</PriceUpdateDate>
      <ItemCode>7290107955782</ItemCode>
      <ItemType>1</ItemType>
      <ItemName>שוקולד מריר ללא סוכר 100 גר`</ItemName>
      <ManufactureName>שטראוס גרופ בעמ</ManufactureName>
      <ManufactureCountry />
      <ManufactureItemDescription />
      <UnitQty>יח`</UnitQty>
      <Quantity>100</Quantity>
      <UnitMeasure>גרם</UnitMeasure>
      <BisWeighted>0</BisWeighted>
      <QtyInPackage>1</QtyInPackage>
      <ItemPrice>7.90</ItemPrice>
      <UnitOfMeasurePrice>7.90</UnitOfMeasurePrice>
      <AllowDiscount>0</AllowDiscount>
      <itemStatus>1</itemStatus>
      <LastUpdateDate />
      <LastUpdateTime />
    </Product>
    <Product>
      <PriceUpdateDate>2019/08/07 10:33</PriceUpdateDate>
      <ItemCode>7290107955805</ItemCode>
      <ItemType>1</ItemType>
      <ItemName>שוקולד חלב במתיקות מעודנת 100 גר` עלית</ItemName>
      <ManufactureName>שטראוס גרופ בעמ</ManufactureName>
      <ManufactureCountry />
      <ManufactureItemDescription />
      <UnitQty>יח`</UnitQty>
      <Quantity>100</Quantity>
      <UnitMeasure>גרם</UnitMeasure>
      <BisWeighted>0</BisWeighted>
      <QtyInPackage>1</QtyInPackage>
      <ItemPrice>7.90</ItemPrice>
      <UnitOfMeasurePrice>7.90</UnitOfMeasurePrice>
      <AllowDiscount>1</AllowDiscount>
      <itemStatus>1</itemStatus>
      <LastUpdateDate />
      <LastUpdateTime />
    </Product>
    <Product>
      <PriceUpdateDate>2019/08/07 10:33</PriceUpdateDate>
      <ItemCode>7290107955829</ItemCode>
      <ItemType>1</ItemType>
      <ItemName>שוקולד קוקוס במתיקות מעודנת 100 גר` עלית</ItemName>
      <ManufactureName>שטראוס גרופ בעמ</ManufactureName>
      <ManufactureCountry />
      <ManufactureItemDescription />
      <UnitQty>יח`</UnitQty>
      <Quantity>100</Quantity>
      <UnitMeasure>גרם</UnitMeasure>
      <BisWeighted>0</BisWeighted>
      <QtyInPackage>1</QtyInPackage>
      <ItemPrice>7.90</ItemPrice>
      <UnitOfMeasurePrice>7.90</UnitOfMeasurePrice>
      <AllowDiscount>1</AllowDiscount>
      <itemStatus>1</itemStatus>
      <LastUpdateDate />
      <LastUpdateTime />
    </Product>
    <Product>
      <PriceUpdateDate>2017/10/06 10:34</PriceUpdateDate>
      <ItemCode>7290107956833</ItemCode>
      <ItemType>1</ItemType>
      <ItemName>עוגיות שוקוציפס תחתית חלב 180 גר` עלית</ItemName>
      <ManufactureName>שטראוס גרופ בעמ</ManufactureName>
      <ManufactureCountry />
      <ManufactureItemDescription />
      <UnitQty>יח`</UnitQty>
      <Quantity>180</Quantity>
      <UnitMeasure>גרם</UnitMeasure>
      <BisWeighted>0</BisWeighted>
      <QtyInPackage>1</QtyInPackage>
      <ItemPrice>9.90</ItemPrice>
      <UnitOfMeasurePrice>5.50</UnitOfMeasurePrice>
      <AllowDiscount>0</AllowDiscount>
      <itemStatus>1</itemStatus>
      <LastUpdateDate />
      <LastUpdateTime />
    </Product>
    <Product>
      <PriceUpdateDate>2018/04/12 12:07</PriceUpdateDate>
      <ItemCode>7290107956895</ItemCode>
      <ItemType>1</ItemType>
      <ItemName>קפסולות קפה עלית אספרסו בטעם קרמל</ItemName>
      <ManufactureName>שטראוס גרופ בעמ</ManufactureName>
      <ManufactureCountry />
      <ManufactureItemDescription />
      <UnitQty>יח`</UnitQty>
      <Quantity>50</Quantity>
      <UnitMeasure>גרם</UnitMeasure>
      <BisWeighted>0</BisWeighted>
      <QtyInPackage>1</QtyInPackage>
      <ItemPrice>16.90</ItemPrice>
      <UnitOfMeasurePrice>33.80</UnitOfMeasurePrice>
      <AllowDiscount>1</AllowDiscount>
      <itemStatus>1</itemStatus>
      <LastUpdateDate />
      <LastUpdateTime />
    </Product>
    <Product>
      <PriceUpdateDate>2017/12/26 08:38</PriceUpdateDate>
      <ItemCode>7290107956901</ItemCode>
      <ItemType>1</ItemType>
      <ItemName>קפסולות אספרסו בטעם אגוזים עלית</ItemName>
      <ManufactureName>שטראוס גרופ בעמ</ManufactureName>
      <ManufactureCountry />
      <ManufactureItemDescription />
      <UnitQty>יח`</UnitQty>
      <Quantity>50</Quantity>
      <UnitMeasure>גרם</UnitMeasure>
      <BisWeighted>0</BisWeighted>
      <QtyInPackage>1</QtyInPackage>
      <ItemPrice>16.90</ItemPrice>
      <UnitOfMeasurePrice>33.80</UnitOfMeasurePrice>
      <AllowDiscount>1</AllowDiscount>
      <itemStatus>1</itemStatus>
      <LastUpdateDate />
      <LastUpdateTime />
    </Product>
    <Product>
      <PriceUpdateDate>2018/10/12 13:18</PriceUpdateDate>
      <ItemCode>7290107956925</ItemCode>
      <ItemType>1</ItemType>
      <ItemName>קפסולות קפה עלית אוגנדה 13 למכונות נספרו</ItemName>
      <ManufactureName>שטראוס גרופ בעמ</ManufactureName>
      <ManufactureCountry />
      <ManufactureItemDescription />
      <UnitQty>יח`</UnitQty>
      <Quantity>50</Quantity>
      <UnitMeasure>גרם</UnitMeasure>
      <BisWeighted>0</BisWeighted>
      <QtyInPackage>1</QtyInPackage>
      <ItemPrice>16.90</ItemPrice>
      <UnitOfMeasurePrice>33.80</UnitOfMeasurePrice>
      <AllowDiscount>1</AllowDiscount>
      <itemStatus>1</itemStatus>
      <LastUpdateDate />
      <LastUpdateTime />
    </Product>
    <Product>
      <PriceUpdateDate>2017/11/07 08:11</PriceUpdateDate>
      <ItemCode>7290107956932</ItemCode>
      <ItemType>1</ItemType>
      <ItemName>קפסולות קפה עלית אידונזיה מס` 12</ItemName>
      <ManufactureName>שטראוס גרופ בעמ</ManufactureName>
      <ManufactureCountry />
      <ManufactureItemDescription />
      <UnitQty>יח`</UnitQty>
      <Quantity>50</Quantity>
      <UnitMeasure>גרם</UnitMeasure>
      <BisWeighted>0</BisWeighted>
      <QtyInPackage>1</QtyInPackage>
      <ItemPrice>16.90</ItemPrice>
      <UnitOfMeasurePrice>33.80</UnitOfMeasurePrice>
      <AllowDiscount>1</AllowDiscount>
      <itemStatus>1</itemStatus>
      <LastUpdateDate />
      <LastUpdateTime />
    </Product>
    <Product>
      <PriceUpdateDate>2017/11/07 08:11</PriceUpdateDate>
      <ItemCode>7290107957069</ItemCode>
      <ItemType>1</ItemType>
      <ItemName>צנצנת עלמה בטעם אוכמניות 66 גר`</ItemName>
      <ManufactureName>שטראוס גרופ בעמ</ManufactureName>
      <ManufactureCountry />
      <ManufactureItemDescription />
      <UnitQty>יח`</UnitQty>
      <Quantity>1</Quantity>
      <UnitMeasure />
      <BisWeighted>0</BisWeighted>
      <QtyInPackage>1</QtyInPackage>
      <ItemPrice>9.90</ItemPrice>
      <UnitOfMeasurePrice>9.90</UnitOfMeasurePrice>
      <AllowDiscount>1</AllowDiscount>
      <itemStatus>1</itemStatus>
      <LastUpdateDate />
      <LastUpdateTime />
    </Product>
    <Product>
      <PriceUpdateDate>2017/11/07 08:11</PriceUpdateDate>
      <ItemCode>7290107957076</ItemCode>
      <ItemType>1</ItemType>
      <ItemName>צנצנת עלמה בטעם ספירמינט 66 גר`</ItemName>
      <ManufactureName>שטראוס גרופ בעמ</ManufactureName>
      <ManufactureCountry />
      <ManufactureItemDescription />
      <UnitQty>יח`</UnitQty>
      <Quantity>1</Quantity>
      <UnitMeasure />
      <BisWeighted>0</BisWeighted>
      <QtyInPackage>1</QtyInPackage>
      <ItemPrice>9.90</ItemPrice>
      <UnitOfMeasurePrice>9.90</UnitOfMeasurePrice>
      <AllowDiscount>1</AllowDiscount>
      <itemStatus>1</itemStatus>
      <LastUpdateDate />
      <LastUpdateTime />
    </Product>
    <Product>
      <PriceUpdateDate>2018/04/12 06:37</PriceUpdateDate>
      <ItemCode>7290107957229</ItemCode>
      <ItemType>1</ItemType>
      <ItemName>נטיפי שוקולד צ`יפס מריר 250  גר`עלית</ItemName>
      <ManufactureName>שטראוס גרופ בעמ</ManufactureName>
      <ManufactureCountry />
      <ManufactureItemDescription />
      <UnitQty>יח`</UnitQty>
      <Quantity>250</Quantity>
      <UnitMeasure>גרם</UnitMeasure>
      <BisWeighted>0</BisWeighted>
      <QtyInPackage>1</QtyInPackage>
      <ItemPrice>11.90</ItemPrice>
      <UnitOfMeasurePrice>4.76</UnitOfMeasurePrice>
      <AllowDiscount>0</AllowDiscount>
      <itemStatus>1</itemStatus>
      <LastUpdateDate />
      <LastUpdateTime />
    </Product>
    <Product>
      <PriceUpdateDate>2018/08/21 11:53</PriceUpdateDate>
      <ItemCode>7290107957991</ItemCode>
      <ItemType>1</ItemType>
      <ItemName>מילקי מיניייס cake</ItemName>
      <ManufactureName>שטראוס גרופ בעמ/מצונן</ManufactureName>
      <ManufactureCountry />
      <ManufactureItemDescription />
      <UnitQty>יח`</UnitQty>
      <Quantity>144</Quantity>
      <UnitMeasure>גרם</UnitMeasure>
      <BisWeighted>0</BisWeighted>
      <QtyInPackage>1</QtyInPackage>
      <ItemPrice>13.90</ItemPrice>
      <UnitOfMeasurePrice>9.65</UnitOfMeasurePrice>
      <AllowDiscount>0</AllowDiscount>
      <itemStatus>1</itemStatus>
      <LastUpdateDate />
      <LastUpdateTime />
    </Product>
    <Product>
      <PriceUpdateDate>2017/12/14 10:28</PriceUpdateDate>
      <ItemCode>7290107958035</ItemCode>
      <ItemType>1</ItemType>
      <ItemName>מארז 8 דנונה מתיקות מעודנת ללא סוכר וממת</ItemName>
      <ManufactureName>שטראוס גרופ בעמ/מצונן</ManufactureName>
      <ManufactureCountry />
      <ManufactureItemDescription />
      <UnitQty>יח`</UnitQty>
      <Quantity>1.20</Quantity>
      <UnitMeasure>1 ליטר</UnitMeasure>
      <BisWeighted>0</BisWeighted>
      <QtyInPackage>1</QtyInPackage>
      <ItemPrice>18.50</ItemPrice>
      <UnitOfMeasurePrice>15.42</UnitOfMeasurePrice>
      <AllowDiscount>0</AllowDiscount>
      <itemStatus>1</itemStatus>
      <LastUpdateDate />
      <LastUpdateTime />
    </Product>
    <Product>
      <PriceUpdateDate>2019/07/14 08:24</PriceUpdateDate>
      <ItemCode>7290107958578</ItemCode>
      <ItemType>1</ItemType>
      <ItemName>אצבעות שוקולד קרם חלבי ועדשים 96 גר`</ItemName>
      <ManufactureName>שטראוס גרופ בעמ</ManufactureName>
      <ManufactureCountry />
      <ManufactureItemDescription />
      <UnitQty>יח`</UnitQty>
      <Quantity>96</Quantity>
      <UnitMeasure>גרם</UnitMeasure>
      <BisWeighted>0</BisWeighted>
      <QtyInPackage>1</QtyInPackage>
      <ItemPrice>7.90</ItemPrice>
      <UnitOfMeasurePrice>8.23</UnitOfMeasurePrice>
      <AllowDiscount>0</AllowDiscount>
      <itemStatus>1</itemStatus>
      <LastUpdateDate />
      <LastUpdateTime />
    </Product>
    <Product>
      <PriceUpdateDate>2017/12/14 10:28</PriceUpdateDate>
      <ItemCode>7290107958639</ItemCode>
      <ItemType>1</ItemType>
      <ItemName>מטבוחה מרוקאית חריפה 400  גר`אחלה</ItemName>
      <ManufactureName>שטראוס גרופ בעמ/מצונן</ManufactureName>
      <ManufactureCountry />
      <ManufactureItemDescription />
      <UnitQty>יח`</UnitQty>
      <Quantity>400</Quantity>
      <UnitMeasure>גרם</UnitMeasure>
      <BisWeighted>0</BisWeighted>
      <QtyInPackage>1</QtyInPackage>
      <ItemPrice>16.50</ItemPrice>
      <UnitOfMeasurePrice>4.13</UnitOfMeasurePrice>
      <AllowDiscount>0</AllowDiscount>
      <itemStatus>1</itemStatus>
      <LastUpdateDate />
      <LastUpdateTime />
    </Product>
    <Product>
      <PriceUpdateDate>2018/12/17 09:33</PriceUpdateDate>
      <ItemCode>7290107958813</ItemCode>
      <ItemType>1</ItemType>
      <ItemName>רבע לשבע רולס קרם קפה 120 גר` עלית</ItemName>
      <ManufactureName>שטראוס גרופ בעמ</ManufactureName>
      <ManufactureCountry />
      <ManufactureItemDescription />
      <UnitQty>יח`</UnitQty>
      <Quantity>120</Quantity>
      <UnitMeasure>גרם</UnitMeasure>
      <BisWeighted>0</BisWeighted>
      <QtyInPackage>1</QtyInPackage>
      <ItemPrice>12.90</ItemPrice>
      <UnitOfMeasurePrice>10.75</UnitOfMeasurePrice>
      <AllowDiscount>1</AllowDiscount>
      <itemStatus>1</itemStatus>
      <LastUpdateDate />
      <LastUpdateTime />
    </Product>
    <Product>
      <PriceUpdateDate>2018/12/18 12:52</PriceUpdateDate>
      <ItemCode>7290107959032</ItemCode>
      <ItemType>1</ItemType>
      <ItemName>מעדן טחינה בטעם נוגט 125 גר` SOOM</ItemName>
      <ManufactureName>שטראוס גרופ בעמ/מצונן</ManufactureName>
      <ManufactureCountry />
      <ManufactureItemDescription />
      <UnitQty>יח`</UnitQty>
      <Quantity>125</Quantity>
      <UnitMeasure>גרם</UnitMeasure>
      <BisWeighted>0</BisWeighted>
      <QtyInPackage>1</QtyInPackage>
      <ItemPrice>3.90</ItemPrice>
      <UnitOfMeasurePrice>3.12</UnitOfMeasurePrice>
      <AllowDiscount>0</AllowDiscount>
      <itemStatus>1</itemStatus>
      <LastUpdateDate />
      <LastUpdateTime />
    </Product>
    <Product>
      <PriceUpdateDate>2018/12/18 12:52</PriceUpdateDate>
      <ItemCode>7290107959049</ItemCode>
      <ItemType>1</ItemType>
      <ItemName>מעדן טחינה בטעם וניל 125 גר` SOOM</ItemName>
      <ManufactureName>שטראוס גרופ בעמ/מצונן</ManufactureName>
      <ManufactureCountry />
      <ManufactureItemDescription />
      <UnitQty>יח`</UnitQty>
      <Quantity>125</Quantity>
      <UnitMeasure>גרם</UnitMeasure>
      <BisWeighted>0</BisWeighted>
      <QtyInPackage>1</QtyInPackage>
      <ItemPrice>3.90</ItemPrice>
      <UnitOfMeasurePrice>3.12</UnitOfMeasurePrice>
      <AllowDiscount>0</AllowDiscount>
      <itemStatus>1</itemStatus>
      <LastUpdateDate />
      <LastUpdateTime />
    </Product>
    <Product>
      <PriceUpdateDate>2019/03/03 10:01</PriceUpdateDate>
      <ItemCode>7290107971645</ItemCode>
      <ItemType>1</ItemType>
      <ItemName>ליידי ספיד סטיק ביו קונטרול סטיק</ItemName>
      <ManufactureName>ש.שסטוביץ בעמ</ManufactureName>
      <ManufactureCountry />
      <ManufactureItemDescription />
      <UnitQty>יח`</UnitQty>
      <Quantity>45</Quantity>
      <UnitMeasure>גרם</UnitMeasure>
      <BisWeighted>0</BisWeighted>
      <QtyInPackage>1</QtyInPackage>
      <ItemPrice>29.90</ItemPrice>
      <UnitOfMeasurePrice>66.44</UnitOfMeasurePrice>
      <AllowDiscount>0</AllowDiscount>
      <itemStatus>1</itemStatus>
      <LastUpdateDate />
      <LastUpdateTime />
    </Product>
    <Product>
      <PriceUpdateDate>2018/04/17 11:56</PriceUpdateDate>
      <ItemCode>7290107972307</ItemCode>
      <ItemType>1</ItemType>
      <ItemName>קולגיט אופטיק וויטן אנד ריסטור 75 מל</ItemName>
      <ManufactureName>ש.שסטוביץ בעמ</ManufactureName>
      <ManufactureCountry />
      <ManufactureItemDescription />
      <UnitQty>יח`</UnitQty>
      <Quantity>0</Quantity>
      <UnitMeasure>גרם</UnitMeasure>
      <BisWeighted>0</BisWeighted>
      <QtyInPackage>1</QtyInPackage>
      <ItemPrice>24.90</ItemPrice>
      <UnitOfMeasurePrice>24.90</UnitOfMeasurePrice>
      <AllowDiscount>0</AllowDiscount>
      <itemStatus>1</itemStatus>
      <LastUpdateDate />
      <LastUpdateTime />
    </Product>
    <Product>
      <PriceUpdateDate>2016/10/31 08:07</PriceUpdateDate>
      <ItemCode>7290107973793</ItemCode>
      <ItemType>1</ItemType>
      <ItemName>רסק עגבניות שלמות 400  גר`מנה מאסטר שף</ItemName>
      <ManufactureName>ש.שסטוביץ בעמ</ManufactureName>
      <ManufactureCountry />
      <ManufactureItemDescription />
      <UnitQty>יח`</UnitQty>
      <Quantity>400</Quantity>
      <UnitMeasure>גרם</UnitMeasure>
      <BisWeighted>0</BisWeighted>
      <QtyInPackage>1</QtyInPackage>
      <ItemPrice>5.90</ItemPrice>
      <UnitOfMeasurePrice>1.48</UnitOfMeasurePrice>
      <AllowDiscount>0</AllowDiscount>
      <itemStatus>1</itemStatus>
      <LastUpdateDate />
      <LastUpdateTime />
    </Product>
    <Product>
      <PriceUpdateDate>2016/11/01 08:10</PriceUpdateDate>
      <ItemCode>7290107974066</ItemCode>
      <ItemType>1</ItemType>
      <ItemName>עלי טורטיה קמח מלא 320 גר` מנה מאסטר שף</ItemName>
      <ManufactureName>ש.שסטוביץ בעמ</ManufactureName>
      <ManufactureCountry />
      <ManufactureItemDescription />
      <UnitQty>יח`</UnitQty>
      <Quantity>320</Quantity>
      <UnitMeasure>גרם</UnitMeasure>
      <BisWeighted>0</BisWeighted>
      <QtyInPackage>1</QtyInPackage>
      <ItemPrice>9.90</ItemPrice>
      <UnitOfMeasurePrice>3.09</UnitOfMeasurePrice>
      <AllowDiscount>0</AllowDiscount>
      <itemStatus>1</itemStatus>
      <LastUpdateDate />
      <LastUpdateTime />
    </Product>
    <Product>
      <PriceUpdateDate>2017/03/12 17:20</PriceUpdateDate>
      <ItemCode>7290107974806</ItemCode>
      <ItemType>1</ItemType>
      <ItemName>מנה אורז בסמטי 1 קג</ItemName>
      <ManufactureName>ש.שסטוביץ בעמ</ManufactureName>
      <ManufactureCountry />
      <ManufactureItemDescription />
      <UnitQty>יח`</UnitQty>
      <Quantity>100</Quantity>
      <UnitMeasure>גרם</UnitMeasure>
      <BisWeighted>0</BisWeighted>
      <QtyInPackage>1</QtyInPackage>
      <ItemPrice>9.90</ItemPrice>
      <UnitOfMeasurePrice>9.90</UnitOfMeasurePrice>
      <AllowDiscount>0</AllowDiscount>
      <itemStatus>1</itemStatus>
      <LastUpdateDate />
      <LastUpdateTime />
    </Product>
    <Product>
      <PriceUpdateDate>2016/12/07 08:07</PriceUpdateDate>
      <ItemCode>7290107974820</ItemCode>
      <ItemType>1</ItemType>
      <ItemName>ממרח מתובל ספייסי 252 גר מנה מאסטר שף</ItemName>
      <ManufactureName>ש.שסטוביץ בעמ</ManufactureName>
      <ManufactureCountry />
      <ManufactureItemDescription />
      <UnitQty>יח`</UnitQty>
      <Quantity>252</Quantity>
      <UnitMeasure>גרם</UnitMeasure>
      <BisWeighted>0</BisWeighted>
      <QtyInPackage>1</QtyInPackage>
      <ItemPrice>7.90</ItemPrice>
      <UnitOfMeasurePrice>3.13</UnitOfMeasurePrice>
      <AllowDiscount>0</AllowDiscount>
      <itemStatus>1</itemStatus>
      <LastUpdateDate />
      <LastUpdateTime />
    </Product>
    <Product>
      <PriceUpdateDate>2016/12/07 08:07</PriceUpdateDate>
      <ItemCode>7290107974837</ItemCode>
      <ItemType>1</ItemType>
      <ItemName>ממרח מתובל שום 253 גר מנה מאסטר שף</ItemName>
      <ManufactureName>ש.שסטוביץ בעמ</ManufactureName>
      <ManufactureCountry />
      <ManufactureItemDescription />
      <UnitQty>יח`</UnitQty>
      <Quantity>253</Quantity>
      <UnitMeasure>גרם</UnitMeasure>
      <BisWeighted>0</BisWeighted>
      <QtyInPackage>1</QtyInPackage>
      <ItemPrice>7.90</ItemPrice>
      <UnitOfMeasurePrice>3.12</UnitOfMeasurePrice>
      <AllowDiscount>0</AllowDiscount>
      <itemStatus>1</itemStatus>
      <LastUpdateDate />
      <LastUpdateTime />
    </Product>
    <Product>
      <PriceUpdateDate>2020/05/03 12:53</PriceUpdateDate>
      <ItemCode>7290107975278</ItemCode>
      <ItemType>1</ItemType>
      <ItemName>ליידי ספיד סטיק אלוורה 45 גר</ItemName>
      <ManufactureName>ש.שסטוביץ בעמ</ManufactureName>
      <ManufactureCountry />
      <ManufactureItemDescription />
      <UnitQty>יח`</UnitQty>
      <Quantity>45</Quantity>
      <UnitMeasure>מ"ל</UnitMeasure>
      <BisWeighted>0</BisWeighted>
      <QtyInPackage>1</QtyInPackage>
      <ItemPrice>29.90</ItemPrice>
      <UnitOfMeasurePrice>66.44</UnitOfMeasurePrice>
      <AllowDiscount>0</AllowDiscount>
      <itemStatus>1</itemStatus>
      <LastUpdateDate />
      <LastUpdateTime />
    </Product>
    <Product>
      <PriceUpdateDate>2020/05/03 12:53</PriceUpdateDate>
      <ItemCode>7290107975346</ItemCode>
      <ItemType>1</ItemType>
      <ItemName>ספיד סטיק כח הטבע אולנג ג`ל</ItemName>
      <ManufactureName>ש.שסטוביץ בעמ</ManufactureName>
      <ManufactureCountry />
      <ManufactureItemDescription />
      <UnitQty>יח`</UnitQty>
      <Quantity>65</Quantity>
      <UnitMeasure>גרם</UnitMeasure>
      <BisWeighted>0</BisWeighted>
      <QtyInPackage>1</QtyInPackage>
      <ItemPrice>16.90</ItemPrice>
      <UnitOfMeasurePrice>26</UnitOfMeasurePrice>
      <AllowDiscount>0</AllowDiscount>
      <itemStatus>1</itemStatus>
      <LastUpdateDate />
      <LastUpdateTime />
    </Product>
    <Product>
      <PriceUpdateDate>2017/07/13 07:31</PriceUpdateDate>
      <ItemCode>7290107975360</ItemCode>
      <ItemType>1</ItemType>
      <ItemName>ליידי ספיד סטיקפיור פרשנס ג`ל 24/7</ItemName>
      <ManufactureName>ש.שסטוביץ בעמ</ManufactureName>
      <ManufactureCountry />
      <ManufactureItemDescription />
      <UnitQty>יח`</UnitQty>
      <Quantity>65</Quantity>
      <UnitMeasure>מ"ל</UnitMeasure>
      <BisWeighted>0</BisWeighted>
      <QtyInPackage>1</QtyInPackage>
      <ItemPrice>16.90</ItemPrice>
      <UnitOfMeasurePrice>26</UnitOfMeasurePrice>
      <AllowDiscount>0</AllowDiscount>
      <itemStatus>1</itemStatus>
      <LastUpdateDate />
      <LastUpdateTime />
    </Product>
    <Product>
      <PriceUpdateDate>2017/11/09 08:53</PriceUpdateDate>
      <ItemCode>7290107976848</ItemCode>
      <ItemType>1</ItemType>
      <ItemName>פלמוליב סבון מוצק רביעייה קמומיל</ItemName>
      <ManufactureName>ש.שסטוביץ בעמ</ManufactureName>
      <ManufactureCountry />
      <ManufactureItemDescription />
      <UnitQty>יח`</UnitQty>
      <Quantity>360</Quantity>
      <UnitMeasure>גרם</UnitMeasure>
      <BisWeighted>0</BisWeighted>
      <QtyInPackage>1</QtyInPackage>
      <ItemPrice>16.90</ItemPrice>
      <UnitOfMeasurePrice>4.69</UnitOfMeasurePrice>
      <AllowDiscount>0</AllowDiscount>
      <itemStatus>1</itemStatus>
      <LastUpdateDate />
      <LastUpdateTime />
    </Product>
    <Product>
      <PriceUpdateDate>2017/05/04 12:43</PriceUpdateDate>
      <ItemCode>7290107976855</ItemCode>
      <ItemType>1</ItemType>
      <ItemName>פלמוליב סבון לומינוס אבוקדו 500 מל</ItemName>
      <ManufactureName>ש.שסטוביץ בעמ</ManufactureName>
      <ManufactureCountry />
      <ManufactureItemDescription />
      <UnitQty>יח`</UnitQty>
      <Quantity>500</Quantity>
      <UnitMeasure>מ"ל</UnitMeasure>
      <BisWeighted>0</BisWeighted>
      <QtyInPackage>1</QtyInPackage>
      <ItemPrice>19.90</ItemPrice>
      <UnitOfMeasurePrice>3.98</UnitOfMeasurePrice>
      <AllowDiscount>1</AllowDiscount>
      <itemStatus>1</itemStatus>
      <LastUpdateDate />
      <LastUpdateTime />
    </Product>
    <Product>
      <PriceUpdateDate>2018/04/17 11:56</PriceUpdateDate>
      <ItemCode>7290107978101</ItemCode>
      <ItemType>1</ItemType>
      <ItemName>קולגייט אופטיק אקסטרה פאוור 75 מל</ItemName>
      <ManufactureName>ש.שסטוביץ בעמ</ManufactureName>
      <ManufactureCountry />
      <ManufactureItemDescription />
      <UnitQty>יח`</UnitQty>
      <Quantity>75</Quantity>
      <UnitMeasure>מ"ל</UnitMeasure>
      <BisWeighted>0</BisWeighted>
      <QtyInPackage>1</QtyInPackage>
      <ItemPrice>24.90</ItemPrice>
      <UnitOfMeasurePrice>33.20</UnitOfMeasurePrice>
      <AllowDiscount>0</AllowDiscount>
      <itemStatus>1</itemStatus>
      <LastUpdateDate />
      <LastUpdateTime />
    </Product>
    <Product>
      <PriceUpdateDate>2017/07/16 08:24</PriceUpdateDate>
      <ItemCode>7290107978323</ItemCode>
      <ItemType>1</ItemType>
      <ItemName>מאסטר שף איטריות דקיקות 400 גר</ItemName>
      <ManufactureName>ש.שסטוביץ בעמ</ManufactureName>
      <ManufactureCountry />
      <ManufactureItemDescription />
      <UnitQty>יח`</UnitQty>
      <Quantity>400</Quantity>
      <UnitMeasure>גרם</UnitMeasure>
      <BisWeighted>0</BisWeighted>
      <QtyInPackage>1</QtyInPackage>
      <ItemPrice>5.90</ItemPrice>
      <UnitOfMeasurePrice>1.48</UnitOfMeasurePrice>
      <AllowDiscount>1</AllowDiscount>
      <itemStatus>1</itemStatus>
      <LastUpdateDate />
      <LastUpdateTime />
    </Product>
    <Product>
      <PriceUpdateDate>2017/06/01 10:26</PriceUpdateDate>
      <ItemCode>7290107978637</ItemCode>
      <ItemType>1</ItemType>
      <ItemName>מרידול משחת שיניים 75מל</ItemName>
      <ManufactureName>ש.שסטוביץ בעמ</ManufactureName>
      <ManufactureCountry />
      <ManufactureItemDescription />
      <UnitQty>יח`</UnitQty>
      <Quantity>75</Quantity>
      <UnitMeasure>גרם</UnitMeasure>
      <BisWeighted>0</BisWeighted>
      <QtyInPackage>1</QtyInPackage>
      <ItemPrice>19.90</ItemPrice>
      <UnitOfMeasurePrice>26.53</UnitOfMeasurePrice>
      <AllowDiscount>0</AllowDiscount>
      <itemStatus>1</itemStatus>
      <LastUpdateDate />
      <LastUpdateTime />
    </Product>
    <Product>
      <PriceUpdateDate>2017/09/14 14:30</PriceUpdateDate>
      <ItemCode>7290107979559</ItemCode>
      <ItemType>1</ItemType>
      <ItemName>רדיד אלומיניום+סכין  חתוך 30  מ`קוקי</ItemName>
      <ManufactureName>ש.שסטוביץ בעמ</ManufactureName>
      <ManufactureCountry />
      <ManufactureItemDescription />
      <UnitQty>יח`</UnitQty>
      <Quantity>1</Quantity>
      <UnitMeasure />
      <BisWeighted>0</BisWeighted>
      <QtyInPackage>1</QtyInPackage>
      <ItemPrice>22.90</ItemPrice>
      <UnitOfMeasurePrice>22.90</UnitOfMeasurePrice>
      <AllowDiscount>0</AllowDiscount>
      <itemStatus>1</itemStatus>
      <LastUpdateDate />
      <LastUpdateTime />
    </Product>
    <Product>
      <PriceUpdateDate>2017/11/09 08:53</PriceUpdateDate>
      <ItemCode>7290107979566</ItemCode>
      <ItemType>1</ItemType>
      <ItemName>ניילון נצמד  קוקי+ סכין חיתוך 120 מטר</ItemName>
      <ManufactureName>ש.שסטוביץ בעמ</ManufactureName>
      <ManufactureCountry />
      <ManufactureItemDescription />
      <UnitQty>יח`</UnitQty>
      <Quantity>1</Quantity>
      <UnitMeasure />
      <BisWeighted>0</BisWeighted>
      <QtyInPackage>1</QtyInPackage>
      <ItemPrice>19.90</ItemPrice>
      <UnitOfMeasurePrice>19.90</UnitOfMeasurePrice>
      <AllowDiscount>0</AllowDiscount>
      <itemStatus>1</itemStatus>
      <LastUpdateDate />
      <LastUpdateTime />
    </Product>
    <Product>
      <PriceUpdateDate>2016/02/28 10:58</PriceUpdateDate>
      <ItemCode>7290108200225</ItemCode>
      <ItemType>1</ItemType>
      <ItemName>וניש גולד אבקה 470גר` ורוד</ItemName>
      <ManufactureName>רקיט בנקיזר (ניר איסט) בעמ</ManufactureName>
      <ManufactureCountry />
      <ManufactureItemDescription />
      <UnitQty>יח`</UnitQty>
      <Quantity>470</Quantity>
      <UnitMeasure>גרם</UnitMeasure>
      <BisWeighted>0</BisWeighted>
      <QtyInPackage>1</QtyInPackage>
      <ItemPrice>19.90</ItemPrice>
      <UnitOfMeasurePrice>4.23</UnitOfMeasurePrice>
      <AllowDiscount>1</AllowDiscount>
      <itemStatus>1</itemStatus>
      <LastUpdateDate />
      <LastUpdateTime />
    </Product>
    <Product>
      <PriceUpdateDate>2017/03/28 16:19</PriceUpdateDate>
      <ItemCode>7290108201437</ItemCode>
      <ItemType>1</ItemType>
      <ItemName>קולון 101 אבקה 2.5 קג</ItemName>
      <ManufactureName>רקיט בנקיזר (ניר איסט) בעמ</ManufactureName>
      <ManufactureCountry />
      <ManufactureItemDescription />
      <UnitQty>יח`</UnitQty>
      <Quantity>1</Quantity>
      <UnitMeasure />
      <BisWeighted>0</BisWeighted>
      <QtyInPackage>1</QtyInPackage>
      <ItemPrice>24.90</ItemPrice>
      <UnitOfMeasurePrice>24.90</UnitOfMeasurePrice>
      <AllowDiscount>1</AllowDiscount>
      <itemStatus>1</itemStatus>
      <LastUpdateDate />
      <LastUpdateTime />
    </Product>
    <Product>
      <PriceUpdateDate>2017/10/02 18:17</PriceUpdateDate>
      <ItemCode>7290108201574</ItemCode>
      <ItemType>1</ItemType>
      <ItemName>וניש אבקה 1620 גר` ורוד</ItemName>
      <ManufactureName>רקיט בנקיזר (ניר איסט) בעמ</ManufactureName>
      <ManufactureCountry />
      <ManufactureItemDescription />
      <UnitQty>יח`</UnitQty>
      <Quantity>1620</Quantity>
      <UnitMeasure>גרם</UnitMeasure>
      <BisWeighted>0</BisWeighted>
      <QtyInPackage>1</QtyInPackage>
      <ItemPrice>29.90</ItemPrice>
      <UnitOfMeasurePrice>1.85</UnitOfMeasurePrice>
      <AllowDiscount>0</AllowDiscount>
      <itemStatus>1</itemStatus>
      <LastUpdateDate />
      <LastUpdateTime />
    </Product>
    <Product>
      <PriceUpdateDate>2017/11/16 08:16</PriceUpdateDate>
      <ItemCode>7290108201819</ItemCode>
      <ItemType>1</ItemType>
      <ItemName>וולייט ג`ל כביסה גולד 1.5 ליטר</ItemName>
      <ManufactureName>רקיט בנקיזר (ניר איסט) בעמ</ManufactureName>
      <ManufactureCountry />
      <ManufactureItemDescription />
      <UnitQty>יח`</UnitQty>
      <Quantity>1.50</Quantity>
      <UnitMeasure>מ"ל</UnitMeasure>
      <BisWeighted>0</BisWeighted>
      <QtyInPackage>1</QtyInPackage>
      <ItemPrice>19.90</ItemPrice>
      <UnitOfMeasurePrice>1326.67</UnitOfMeasurePrice>
      <AllowDiscount>1</AllowDiscount>
      <itemStatus>1</itemStatus>
      <LastUpdateDate />
      <LastUpdateTime />
    </Product>
    <Product>
      <PriceUpdateDate>2017/10/02 18:17</PriceUpdateDate>
      <ItemCode>7290108201857</ItemCode>
      <ItemType>1</ItemType>
      <ItemName>וניש אבקה 1620 גר` לבן</ItemName>
      <ManufactureName>רקיט בנקיזר (ניר איסט) בעמ</ManufactureName>
      <ManufactureCountry />
      <ManufactureItemDescription />
      <UnitQty>יח`</UnitQty>
      <Quantity>1620</Quantity>
      <UnitMeasure>גרם</UnitMeasure>
      <BisWeighted>0</BisWeighted>
      <QtyInPackage>1</QtyInPackage>
      <ItemPrice>29.90</ItemPrice>
      <UnitOfMeasurePrice>1.85</UnitOfMeasurePrice>
      <AllowDiscount>0</AllowDiscount>
      <itemStatus>1</itemStatus>
      <LastUpdateDate />
      <LastUpdateTime />
    </Product>
    <Product>
      <PriceUpdateDate>2020/02/02 08:19</PriceUpdateDate>
      <ItemCode>7290108201871</ItemCode>
      <ItemType>1</ItemType>
      <ItemName>קולון קפסולות לכביסה 42 יח</ItemName>
      <ManufactureName>רקיט בנקיזר (ניר איסט) בעמ</ManufactureName>
      <ManufactureCountry />
      <ManufactureItemDescription />
      <UnitQty>יח`</UnitQty>
      <Quantity>1</Quantity>
      <UnitMeasure />
      <BisWeighted>0</BisWeighted>
      <QtyInPackage>1</QtyInPackage>
      <ItemPrice>34.90</ItemPrice>
      <UnitOfMeasurePrice>34.90</UnitOfMeasurePrice>
      <AllowDiscount>0</AllowDiscount>
      <itemStatus>1</itemStatus>
      <LastUpdateDate />
      <LastUpdateTime />
    </Product>
    <Product>
      <PriceUpdateDate>2015/02/18 08:31</PriceUpdateDate>
      <ItemCode>7290108350128</ItemCode>
      <ItemType>1</ItemType>
      <ItemName>סושי- שקיות אשפה חזקות במיוחד</ItemName>
      <ManufactureName>החברה הדרומית לשיווק בעמ</ManufactureName>
      <ManufactureCountry />
      <ManufactureItemDescription />
      <UnitQty>יח`</UnitQty>
      <Quantity>1</Quantity>
      <UnitMeasure />
      <BisWeighted>0</BisWeighted>
      <QtyInPackage>1</QtyInPackage>
      <ItemPrice>24.90</ItemPrice>
      <UnitOfMeasurePrice>24.90</UnitOfMeasurePrice>
      <AllowDiscount>0</AllowDiscount>
      <itemStatus>1</itemStatus>
      <LastUpdateDate />
      <LastUpdateTime />
    </Product>
    <Product>
      <PriceUpdateDate>2018/02/07 10:43</PriceUpdateDate>
      <ItemCode>7290108350142</ItemCode>
      <ItemType>1</ItemType>
      <ItemName> סושי-שקיות רב שימושיותXXL</ItemName>
      <ManufactureName>החברה הדרומית לשיווק בעמ</ManufactureName>
      <ManufactureCountry />
      <ManufactureItemDescription />
      <UnitQty>יח`</UnitQty>
      <Quantity>1</Quantity>
      <UnitMeasure />
      <BisWeighted>0</BisWeighted>
      <QtyInPackage>1</QtyInPackage>
      <ItemPrice>13.90</ItemPrice>
      <UnitOfMeasurePrice>13.90</UnitOfMeasurePrice>
      <AllowDiscount>0</AllowDiscount>
      <itemStatus>1</itemStatus>
      <LastUpdateDate />
      <LastUpdateTime />
    </Product>
    <Product>
      <PriceUpdateDate>2016/08/17 10:18</PriceUpdateDate>
      <ItemCode>7290108350203</ItemCode>
      <ItemType>1</ItemType>
      <ItemName>כרית קרצוף עם ספוג מקציף סנו סושי (6)</ItemName>
      <ManufactureName>החברה הדרומית לשיווק בעמ</ManufactureName>
      <ManufactureCountry />
      <ManufactureItemDescription />
      <UnitQty>יח`</UnitQty>
      <Quantity>1</Quantity>
      <UnitMeasure />
      <BisWeighted>0</BisWeighted>
      <QtyInPackage>1</QtyInPackage>
      <ItemPrice>10.90</ItemPrice>
      <UnitOfMeasurePrice>10.90</UnitOfMeasurePrice>
      <AllowDiscount>1</AllowDiscount>
      <itemStatus>1</itemStatus>
      <LastUpdateDate />
      <LastUpdateTime />
    </Product>
    <Product>
      <PriceUpdateDate>2016/01/27 08:28</PriceUpdateDate>
      <ItemCode>7290108350210</ItemCode>
      <ItemType>1</ItemType>
      <ItemName>סנו סושי-שקיות אשפה XL חזקות במיוחד!</ItemName>
      <ManufactureName>החברה הדרומית לשיווק בעמ</ManufactureName>
      <ManufactureCountry />
      <ManufactureItemDescription />
      <UnitQty>יח`</UnitQty>
      <Quantity>1</Quantity>
      <UnitMeasure />
      <BisWeighted>0</BisWeighted>
      <QtyInPackage>1</QtyInPackage>
      <ItemPrice>24.90</ItemPrice>
      <UnitOfMeasurePrice>24.90</UnitOfMeasurePrice>
      <AllowDiscount>0</AllowDiscount>
      <itemStatus>1</itemStatus>
      <LastUpdateDate />
      <LastUpdateTime />
    </Product>
    <Product>
      <PriceUpdateDate>2018/12/23 12:04</PriceUpdateDate>
      <ItemCode>7290108350586</ItemCode>
      <ItemType>1</ItemType>
      <ItemName>ספארק 1.5 ליטר נוזל כלים</ItemName>
      <ManufactureName>החברה הדרומית לשיווק בעמ</ManufactureName>
      <ManufactureCountry />
      <ManufactureItemDescription />
      <UnitQty>יח`</UnitQty>
      <Quantity>1500</Quantity>
      <UnitMeasure>מ"ל</UnitMeasure>
      <BisWeighted>0</BisWeighted>
      <QtyInPackage>1</QtyInPackage>
      <ItemPrice>14.90</ItemPrice>
      <UnitOfMeasurePrice>0.99</UnitOfMeasurePrice>
      <AllowDiscount>0</AllowDiscount>
      <itemStatus>1</itemStatus>
      <LastUpdateDate />
      <LastUpdateTime />
    </Product>
    <Product>
      <PriceUpdateDate>2018/01/07 07:32</PriceUpdateDate>
      <ItemCode>7290108350616</ItemCode>
      <ItemType>1</ItemType>
      <ItemName>סנו מקסימה מרכך 1 ליטר blue blossom</ItemName>
      <ManufactureName>החברה הדרומית לשיווק בעמ</ManufactureName>
      <ManufactureCountry />
      <ManufactureItemDescription />
      <UnitQty>יח`</UnitQty>
      <Quantity>1000</Quantity>
      <UnitMeasure>מ"ל</UnitMeasure>
      <BisWeighted>0</BisWeighted>
      <QtyInPackage>1</QtyInPackage>
      <ItemPrice>17.90</ItemPrice>
      <UnitOfMeasurePrice>1.79</UnitOfMeasurePrice>
      <AllowDiscount>1</AllowDiscount>
      <itemStatus>1</itemStatus>
      <LastUpdateDate />
      <LastUpdateTime />
    </Product>
    <Product>
      <PriceUpdateDate>2018/01/07 07:32</PriceUpdateDate>
      <ItemCode>7290108350623</ItemCode>
      <ItemType>1</ItemType>
      <ItemName>מקסימה מרכך כביסה סופט סילק סנו (1 ליטר)</ItemName>
      <ManufactureName>החברה הדרומית לשיווק בעמ</ManufactureName>
      <ManufactureCountry />
      <ManufactureItemDescription />
      <UnitQty>יח`</UnitQty>
      <Quantity>1000</Quantity>
      <UnitMeasure>מ"ל</UnitMeasure>
      <BisWeighted>0</BisWeighted>
      <QtyInPackage>1</QtyInPackage>
      <ItemPrice>17.90</ItemPrice>
      <UnitOfMeasurePrice>1.79</UnitOfMeasurePrice>
      <AllowDiscount>1</AllowDiscount>
      <itemStatus>1</itemStatus>
      <LastUpdateDate />
      <LastUpdateTime />
    </Product>
    <Product>
      <PriceUpdateDate>2017/05/01 09:34</PriceUpdateDate>
      <ItemCode>7290108350715</ItemCode>
      <ItemType>1</ItemType>
      <ItemName>פורטה 750 מל free</ItemName>
      <ManufactureName>החברה הדרומית לשיווק בעמ</ManufactureName>
      <ManufactureCountry />
      <ManufactureItemDescription />
      <UnitQty>יח`</UnitQty>
      <Quantity>750</Quantity>
      <UnitMeasure>מ"ל</UnitMeasure>
      <BisWeighted>0</BisWeighted>
      <QtyInPackage>1</QtyInPackage>
      <ItemPrice>16.90</ItemPrice>
      <UnitOfMeasurePrice>2.25</UnitOfMeasurePrice>
      <AllowDiscount>1</AllowDiscount>
      <itemStatus>1</itemStatus>
      <LastUpdateDate />
      <LastUpdateTime />
    </Product>
    <Product>
      <PriceUpdateDate>2017/03/20 16:31</PriceUpdateDate>
      <ItemCode>7290108351149</ItemCode>
      <ItemType>1</ItemType>
      <ItemName>סנו ג`ט פלוס לניקוי כללי ורצפות בתוספת</ItemName>
      <ManufactureName>החברה הדרומית לשיווק בעמ</ManufactureName>
      <ManufactureCountry />
      <ManufactureItemDescription />
      <UnitQty>יח`</UnitQty>
      <Quantity>1.50</Quantity>
      <UnitMeasure>1 ליטר</UnitMeasure>
      <BisWeighted>0</BisWeighted>
      <QtyInPackage>1</QtyInPackage>
      <ItemPrice>15.90</ItemPrice>
      <UnitOfMeasurePrice>10.60</UnitOfMeasurePrice>
      <AllowDiscount>0</AllowDiscount>
      <itemStatus>1</itemStatus>
      <LastUpdateDate />
      <LastUpdateTime />
    </Product>
    <Product>
      <PriceUpdateDate>2017/06/01 08:45</PriceUpdateDate>
      <ItemCode>7290108351156</ItemCode>
      <ItemType>1</ItemType>
      <ItemName>סנו ג`ט לניקוי כללי ורצפות בתוספת חומץ 1</ItemName>
      <ManufactureName>החברה הדרומית לשיווק בעמ</ManufactureName>
      <ManufactureCountry />
      <ManufactureItemDescription />
      <UnitQty>יח`</UnitQty>
      <Quantity>1.50</Quantity>
      <UnitMeasure>1 ליטר</UnitMeasure>
      <BisWeighted>0</BisWeighted>
      <QtyInPackage>1</QtyInPackage>
      <ItemPrice>15.90</ItemPrice>
      <UnitOfMeasurePrice>10.60</UnitOfMeasurePrice>
      <AllowDiscount>0</AllowDiscount>
      <itemStatus>1</itemStatus>
      <LastUpdateDate />
      <LastUpdateTime />
    </Product>
    <Product>
      <PriceUpdateDate>2017/08/08 13:23</PriceUpdateDate>
      <ItemCode>7290108351491</ItemCode>
      <ItemType>1</ItemType>
      <ItemName>סנו אוקסיג`ן 720 גר POWER</ItemName>
      <ManufactureName>החברה הדרומית לשיווק בעמ</ManufactureName>
      <ManufactureCountry />
      <ManufactureItemDescription />
      <UnitQty>יח`</UnitQty>
      <Quantity>720</Quantity>
      <UnitMeasure>גרם</UnitMeasure>
      <BisWeighted>0</BisWeighted>
      <QtyInPackage>1</QtyInPackage>
      <ItemPrice>19.90</ItemPrice>
      <UnitOfMeasurePrice>2.76</UnitOfMeasurePrice>
      <AllowDiscount>0</AllowDiscount>
      <itemStatus>1</itemStatus>
      <LastUpdateDate />
      <LastUpdateTime />
    </Product>
    <Product>
      <PriceUpdateDate>2019/01/30 08:31</PriceUpdateDate>
      <ItemCode>7290108351514</ItemCode>
      <ItemType>1</ItemType>
      <ItemName>מרכך כביסה מקסימה 4 ליטר Blue Dlosson</ItemName>
      <ManufactureName>החברה הדרומית לשיווק בעמ</ManufactureName>
      <ManufactureCountry />
      <ManufactureItemDescription />
      <UnitQty>יח`</UnitQty>
      <Quantity>4</Quantity>
      <UnitMeasure>1 ליטר</UnitMeasure>
      <BisWeighted>0</BisWeighted>
      <QtyInPackage>1</QtyInPackage>
      <ItemPrice>19.90</ItemPrice>
      <UnitOfMeasurePrice>4.98</UnitOfMeasurePrice>
      <AllowDiscount>0</AllowDiscount>
      <itemStatus>1</itemStatus>
      <LastUpdateDate />
      <LastUpdateTime />
    </Product>
    <Product>
      <PriceUpdateDate>2018/06/11 11:56</PriceUpdateDate>
      <ItemCode>7290108351545</ItemCode>
      <ItemType>1</ItemType>
      <ItemName>סנופרש יבש מבשם לבית</ItemName>
      <ManufactureName>החברה הדרומית לשיווק בעמ</ManufactureName>
      <ManufactureCountry />
      <ManufactureItemDescription />
      <UnitQty>יח`</UnitQty>
      <Quantity>1</Quantity>
      <UnitMeasure />
      <BisWeighted>0</BisWeighted>
      <QtyInPackage>1</QtyInPackage>
      <ItemPrice>12.90</ItemPrice>
      <UnitOfMeasurePrice>12.90</UnitOfMeasurePrice>
      <AllowDiscount>0</AllowDiscount>
      <itemStatus>1</itemStatus>
      <LastUpdateDate />
      <LastUpdateTime />
    </Product>
    <Product>
      <PriceUpdateDate>2017/08/03 08:10</PriceUpdateDate>
      <ItemCode>7290108351569</ItemCode>
      <ItemType>1</ItemType>
      <ItemName>סנו מקסימה למייבש 750 מל בייבי</ItemName>
      <ManufactureName>החברה הדרומית לשיווק בעמ</ManufactureName>
      <ManufactureCountry />
      <ManufactureItemDescription />
      <UnitQty>יח`</UnitQty>
      <Quantity>750</Quantity>
      <UnitMeasure>מ"ל</UnitMeasure>
      <BisWeighted>0</BisWeighted>
      <QtyInPackage>1</QtyInPackage>
      <ItemPrice>19.90</ItemPrice>
      <UnitOfMeasurePrice>2.65</UnitOfMeasurePrice>
      <AllowDiscount>0</AllowDiscount>
      <itemStatus>1</itemStatus>
      <LastUpdateDate />
      <LastUpdateTime />
    </Product>
    <Product>
      <PriceUpdateDate>2018/05/23 16:33</PriceUpdateDate>
      <ItemCode>7290108351583</ItemCode>
      <ItemType>1</ItemType>
      <ItemName>ג`ט פלוס לניקוי אסלות+חומץ  750 ל סנו</ItemName>
      <ManufactureName>החברה הדרומית לשיווק בעמ</ManufactureName>
      <ManufactureCountry />
      <ManufactureItemDescription />
      <UnitQty>יח`</UnitQty>
      <Quantity>750</Quantity>
      <UnitMeasure>מ"ל</UnitMeasure>
      <BisWeighted>0</BisWeighted>
      <QtyInPackage>1</QtyInPackage>
      <ItemPrice>13.90</ItemPrice>
      <UnitOfMeasurePrice>1.85</UnitOfMeasurePrice>
      <AllowDiscount>0</AllowDiscount>
      <itemStatus>1</itemStatus>
      <LastUpdateDate />
      <LastUpdateTime />
    </Product>
    <Product>
      <PriceUpdateDate>2017/10/29 09:25</PriceUpdateDate>
      <ItemCode>7290108351590</ItemCode>
      <ItemType>1</ItemType>
      <ItemName>סנופרש הום נטול גז 350 מל הום בלו בלוסו</ItemName>
      <ManufactureName>החברה הדרומית לשיווק בעמ</ManufactureName>
      <ManufactureCountry />
      <ManufactureItemDescription />
      <UnitQty>יח`</UnitQty>
      <Quantity>350</Quantity>
      <UnitMeasure>מ"ל</UnitMeasure>
      <BisWeighted>0</BisWeighted>
      <QtyInPackage>1</QtyInPackage>
      <ItemPrice>14.90</ItemPrice>
      <UnitOfMeasurePrice>4.26</UnitOfMeasurePrice>
      <AllowDiscount>0</AllowDiscount>
      <itemStatus>1</itemStatus>
      <LastUpdateDate />
      <LastUpdateTime />
    </Product>
    <Product>
      <PriceUpdateDate>2017/10/29 09:25</PriceUpdateDate>
      <ItemCode>7290108351606</ItemCode>
      <ItemType>1</ItemType>
      <ItemName>סנופרש הום נטול גז 350 מל הום סופט סילק</ItemName>
      <ManufactureName>החברה הדרומית לשיווק בעמ</ManufactureName>
      <ManufactureCountry />
      <ManufactureItemDescription />
      <UnitQty>יח`</UnitQty>
      <Quantity>350</Quantity>
      <UnitMeasure>מ"ל</UnitMeasure>
      <BisWeighted>0</BisWeighted>
      <QtyInPackage>1</QtyInPackage>
      <ItemPrice>14.90</ItemPrice>
      <UnitOfMeasurePrice>4.26</UnitOfMeasurePrice>
      <AllowDiscount>0</AllowDiscount>
      <itemStatus>1</itemStatus>
      <LastUpdateDate />
      <LastUpdateTime />
    </Product>
    <Product>
      <PriceUpdateDate>2019/01/30 08:31</PriceUpdateDate>
      <ItemCode>7290108351613</ItemCode>
      <ItemType>1</ItemType>
      <ItemName>ריצפז פרש הום בניחות מלון חלומי 2 ליטר</ItemName>
      <ManufactureName>החברה הדרומית לשיווק בעמ</ManufactureName>
      <ManufactureCountry />
      <ManufactureItemDescription />
      <UnitQty>יח`</UnitQty>
      <Quantity>2</Quantity>
      <UnitMeasure>1 ליטר</UnitMeasure>
      <BisWeighted>0</BisWeighted>
      <QtyInPackage>1</QtyInPackage>
      <ItemPrice>19.90</ItemPrice>
      <UnitOfMeasurePrice>9.95</UnitOfMeasurePrice>
      <AllowDiscount>0</AllowDiscount>
      <itemStatus>1</itemStatus>
      <LastUpdateDate />
      <LastUpdateTime />
    </Product>
    <Product>
      <PriceUpdateDate>2019/08/06 09:42</PriceUpdateDate>
      <ItemCode>7290108351699</ItemCode>
      <ItemType>1</ItemType>
      <ItemName>מגבונים  ג`ט+ חומץ מארז שלישייה</ItemName>
      <ManufactureName>החברה הדרומית לשיווק בעמ</ManufactureName>
      <ManufactureCountry />
      <ManufactureItemDescription />
      <UnitQty>יח`</UnitQty>
      <Quantity>1</Quantity>
      <UnitMeasure />
      <BisWeighted>0</BisWeighted>
      <QtyInPackage>1</QtyInPackage>
      <ItemPrice>20</ItemPrice>
      <UnitOfMeasurePrice>20</UnitOfMeasurePrice>
      <AllowDiscount>0</AllowDiscount>
      <itemStatus>1</itemStatus>
      <LastUpdateDate />
      <LastUpdateTime />
    </Product>
    <Product>
      <PriceUpdateDate>2019/09/09 10:35</PriceUpdateDate>
      <ItemCode>7290108351705</ItemCode>
      <ItemType>1</ItemType>
      <ItemName>פניני בישום לכביסה 275  גר`fresh linen</ItemName>
      <ManufactureName>החברה הדרומית לשיווק בעמ</ManufactureName>
      <ManufactureCountry />
      <ManufactureItemDescription />
      <UnitQty>יח`</UnitQty>
      <Quantity>275</Quantity>
      <UnitMeasure>גרם</UnitMeasure>
      <BisWeighted>0</BisWeighted>
      <QtyInPackage>1</QtyInPackage>
      <ItemPrice>29.90</ItemPrice>
      <UnitOfMeasurePrice>10.87</UnitOfMeasurePrice>
      <AllowDiscount>0</AllowDiscount>
      <itemStatus>1</itemStatus>
      <LastUpdateDate />
      <LastUpdateTime />
    </Product>
    <Product>
      <PriceUpdateDate>2019/01/02 09:10</PriceUpdateDate>
      <ItemCode>7290108351781</ItemCode>
      <ItemType>1</ItemType>
      <ItemName>ג`ט פלוס לניקוי אסלות בניחוח הדרים</ItemName>
      <ManufactureName>החברה הדרומית לשיווק בעמ</ManufactureName>
      <ManufactureCountry />
      <ManufactureItemDescription />
      <UnitQty>יח`</UnitQty>
      <Quantity>750</Quantity>
      <UnitMeasure>מ"ל</UnitMeasure>
      <BisWeighted>0</BisWeighted>
      <QtyInPackage>1</QtyInPackage>
      <ItemPrice>13.90</ItemPrice>
      <UnitOfMeasurePrice>1.85</UnitOfMeasurePrice>
      <AllowDiscount>0</AllowDiscount>
      <itemStatus>1</itemStatus>
      <LastUpdateDate />
      <LastUpdateTime />
    </Product>
    <Product>
      <PriceUpdateDate>2019/07/23 07:31</PriceUpdateDate>
      <ItemCode>7290108351804</ItemCode>
      <ItemType>1</ItemType>
      <ItemName>סנו מקסימה סופר מרוכז (1 ליטר) - בריזה</ItemName>
      <ManufactureName>החברה הדרומית לשיווק בעמ</ManufactureName>
      <ManufactureCountry />
      <ManufactureItemDescription />
      <UnitQty>יח`</UnitQty>
      <Quantity>1000</Quantity>
      <UnitMeasure>מ"ל</UnitMeasure>
      <BisWeighted>0</BisWeighted>
      <QtyInPackage>1</QtyInPackage>
      <ItemPrice>17.90</ItemPrice>
      <UnitOfMeasurePrice>1.79</UnitOfMeasurePrice>
      <AllowDiscount>0</AllowDiscount>
      <itemStatus>1</itemStatus>
      <LastUpdateDate />
      <LastUpdateTime />
    </Product>
    <Product>
      <PriceUpdateDate>2019/07/23 07:31</PriceUpdateDate>
      <ItemCode>7290108351811</ItemCode>
      <ItemType>1</ItemType>
      <ItemName>סנו מקסימה סופר מרוכז (1 ליטר) - פרחוני</ItemName>
      <ManufactureName>החברה הדרומית לשיווק בעמ</ManufactureName>
      <ManufactureCountry />
      <ManufactureItemDescription />
      <UnitQty>יח`</UnitQty>
      <Quantity>1000</Quantity>
      <UnitMeasure>מ"ל</UnitMeasure>
      <BisWeighted>0</BisWeighted>
      <QtyInPackage>1</QtyInPackage>
      <ItemPrice>17.90</ItemPrice>
      <UnitOfMeasurePrice>1.79</UnitOfMeasurePrice>
      <AllowDiscount>0</AllowDiscount>
      <itemStatus>1</itemStatus>
      <LastUpdateDate />
      <LastUpdateTime />
    </Product>
    <Product>
      <PriceUpdateDate>2019/10/16 14:26</PriceUpdateDate>
      <ItemCode>7290108351835</ItemCode>
      <ItemType>1</ItemType>
      <ItemName>סנו מקסימה מרכך כביסה 4 ליטר floral tou</ItemName>
      <ManufactureName>החברה הדרומית לשיווק בעמ</ManufactureName>
      <ManufactureCountry />
      <ManufactureItemDescription />
      <UnitQty>יח`</UnitQty>
      <Quantity>4</Quantity>
      <UnitMeasure>מ"ל</UnitMeasure>
      <BisWeighted>0</BisWeighted>
      <QtyInPackage>1</QtyInPackage>
      <ItemPrice>19.90</ItemPrice>
      <UnitOfMeasurePrice>497.50</UnitOfMeasurePrice>
      <AllowDiscount>0</AllowDiscount>
      <itemStatus>1</itemStatus>
      <LastUpdateDate />
      <LastUpdateTime />
    </Product>
    <Product>
      <PriceUpdateDate>2019/01/16 15:22</PriceUpdateDate>
      <ItemCode>7290108351910</ItemCode>
      <ItemType>1</ItemType>
      <ItemName>ספארק טבליות למדיח סנו) (30</ItemName>
      <ManufactureName>החברה הדרומית לשיווק בעמ</ManufactureName>
      <ManufactureCountry />
      <ManufactureItemDescription />
      <UnitQty>יח`</UnitQty>
      <Quantity>1</Quantity>
      <UnitMeasure />
      <BisWeighted>0</BisWeighted>
      <QtyInPackage>1</QtyInPackage>
      <ItemPrice>19.90</ItemPrice>
      <UnitOfMeasurePrice>19.90</UnitOfMeasurePrice>
      <AllowDiscount>0</AllowDiscount>
      <itemStatus>1</itemStatus>
      <LastUpdateDate />
      <LastUpdateTime />
    </Product>
    <Product>
      <PriceUpdateDate>2019/01/16 15:22</PriceUpdateDate>
      <ItemCode>7290108351927</ItemCode>
      <ItemType>1</ItemType>
      <ItemName>ספארק טבליות למדיח סנו) (70</ItemName>
      <ManufactureName>החברה הדרומית לשיווק בעמ</ManufactureName>
      <ManufactureCountry />
      <ManufactureItemDescription />
      <UnitQty>יח`</UnitQty>
      <Quantity>1</Quantity>
      <UnitMeasure />
      <BisWeighted>0</BisWeighted>
      <QtyInPackage>1</QtyInPackage>
      <ItemPrice>40</ItemPrice>
      <UnitOfMeasurePrice>40</UnitOfMeasurePrice>
      <AllowDiscount>0</AllowDiscount>
      <itemStatus>1</itemStatus>
      <LastUpdateDate />
      <LastUpdateTime />
    </Product>
    <Product>
      <PriceUpdateDate>2019/04/08 10:33</PriceUpdateDate>
      <ItemCode>7290108351965</ItemCode>
      <ItemType>1</ItemType>
      <ItemName>סנובון ג`ט לאסלה בתוספת חומץ</ItemName>
      <ManufactureName>החברה הדרומית לשיווק בעמ</ManufactureName>
      <ManufactureCountry />
      <ManufactureItemDescription />
      <UnitQty>יח`</UnitQty>
      <Quantity>1</Quantity>
      <UnitMeasure />
      <BisWeighted>0</BisWeighted>
      <QtyInPackage>1</QtyInPackage>
      <ItemPrice>11.90</ItemPrice>
      <UnitOfMeasurePrice>11.90</UnitOfMeasurePrice>
      <AllowDiscount>0</AllowDiscount>
      <itemStatus>1</itemStatus>
      <LastUpdateDate />
      <LastUpdateTime />
    </Product>
    <Product>
      <PriceUpdateDate>2019/10/16 14:26</PriceUpdateDate>
      <ItemCode>7290108351972</ItemCode>
      <ItemType>1</ItemType>
      <ItemName>סנופרש הום מלון בוטיק 200 מל סנו</ItemName>
      <ManufactureName>החברה הדרומית לשיווק בעמ</ManufactureName>
      <ManufactureCountry />
      <ManufactureItemDescription />
      <UnitQty>יח`</UnitQty>
      <Quantity>1</Quantity>
      <UnitMeasure />
      <BisWeighted>0</BisWeighted>
      <QtyInPackage>1</QtyInPackage>
      <ItemPrice>12.90</ItemPrice>
      <UnitOfMeasurePrice>12.90</UnitOfMeasurePrice>
      <AllowDiscount>0</AllowDiscount>
      <itemStatus>1</itemStatus>
      <LastUpdateDate />
      <LastUpdateTime />
    </Product>
    <Product>
      <PriceUpdateDate>2019/05/30 13:52</PriceUpdateDate>
      <ItemCode>7290108351996</ItemCode>
      <ItemType>1</ItemType>
      <ItemName>מרסס בייבי לחיטוי משטחים 750 מל סנו</ItemName>
      <ManufactureName>החברה הדרומית לשיווק בעמ</ManufactureName>
      <ManufactureCountry />
      <ManufactureItemDescription />
      <UnitQty>יח`</UnitQty>
      <Quantity>750</Quantity>
      <UnitMeasure>מ"ל</UnitMeasure>
      <BisWeighted>0</BisWeighted>
      <QtyInPackage>1</QtyInPackage>
      <ItemPrice>15.90</ItemPrice>
      <UnitOfMeasurePrice>2.12</UnitOfMeasurePrice>
      <AllowDiscount>0</AllowDiscount>
      <itemStatus>1</itemStatus>
      <LastUpdateDate />
      <LastUpdateTime />
    </Product>
    <Product>
      <PriceUpdateDate>2019/08/26 12:30</PriceUpdateDate>
      <ItemCode>7290108352627</ItemCode>
      <ItemType>1</ItemType>
      <ItemName>מפת ניילון שקופה בגליל סנו סושי</ItemName>
      <ManufactureName>החברה הדרומית לשיווק בעמ</ManufactureName>
      <ManufactureCountry />
      <ManufactureItemDescription />
      <UnitQty>יח`</UnitQty>
      <Quantity>1</Quantity>
      <UnitMeasure />
      <BisWeighted>0</BisWeighted>
      <QtyInPackage>1</QtyInPackage>
      <ItemPrice>15.90</ItemPrice>
      <UnitOfMeasurePrice>15.90</UnitOfMeasurePrice>
      <AllowDiscount>0</AllowDiscount>
      <itemStatus>1</itemStatus>
      <LastUpdateDate />
      <LastUpdateTime />
    </Product>
    <Product>
      <PriceUpdateDate>2016/07/27 08:27</PriceUpdateDate>
      <ItemCode>7290108352689</ItemCode>
      <ItemType>1</ItemType>
      <ItemName>כרית קרצוף ללכלוך קשה סנו סושי) (9</ItemName>
      <ManufactureName>החברה הדרומית לשיווק בעמ</ManufactureName>
      <ManufactureCountry />
      <ManufactureItemDescription />
      <UnitQty>יח`</UnitQty>
      <Quantity>1</Quantity>
      <UnitMeasure />
      <BisWeighted>0</BisWeighted>
      <QtyInPackage>1</QtyInPackage>
      <ItemPrice>11.90</ItemPrice>
      <UnitOfMeasurePrice>11.90</UnitOfMeasurePrice>
      <AllowDiscount>0</AllowDiscount>
      <itemStatus>1</itemStatus>
      <LastUpdateDate />
      <LastUpdateTime />
    </Product>
    <Product>
      <PriceUpdateDate>2018/01/07 07:32</PriceUpdateDate>
      <ItemCode>7290108352702</ItemCode>
      <ItemType>1</ItemType>
      <ItemName>מגבוני בוב ספוג שלישייה</ItemName>
      <ManufactureName>החברה הדרומית לשיווק בעמ</ManufactureName>
      <ManufactureCountry />
      <ManufactureItemDescription />
      <UnitQty>יח`</UnitQty>
      <Quantity>1</Quantity>
      <UnitMeasure />
      <BisWeighted>0</BisWeighted>
      <QtyInPackage>1</QtyInPackage>
      <ItemPrice>16.90</ItemPrice>
      <UnitOfMeasurePrice>16.90</UnitOfMeasurePrice>
      <AllowDiscount>0</AllowDiscount>
      <itemStatus>1</itemStatus>
      <LastUpdateDate />
      <LastUpdateTime />
    </Product>
    <Product>
      <PriceUpdateDate>2018/05/24 06:38</PriceUpdateDate>
      <ItemCode>7290108352801</ItemCode>
      <ItemType>1</ItemType>
      <ItemName>סושי סנו שקיות אשפה לפחים קטנים 100 יח</ItemName>
      <ManufactureName>החברה הדרומית לשיווק בעמ</ManufactureName>
      <ManufactureCountry />
      <ManufactureItemDescription />
      <UnitQty>יח`</UnitQty>
      <Quantity>1</Quantity>
      <UnitMeasure />
      <BisWeighted>0</BisWeighted>
      <QtyInPackage>1</QtyInPackage>
      <ItemPrice>19.90</ItemPrice>
      <UnitOfMeasurePrice>19.90</UnitOfMeasurePrice>
      <AllowDiscount>0</AllowDiscount>
      <itemStatus>1</itemStatus>
      <LastUpdateDate />
      <LastUpdateTime />
    </Product>
    <Product>
      <PriceUpdateDate>2019/02/11 08:36</PriceUpdateDate>
      <ItemCode>7290108352818</ItemCode>
      <ItemType>1</ItemType>
      <ItemName>מטלית במבוק לניקוי סנו סושי</ItemName>
      <ManufactureName>החברה הדרומית לשיווק בעמ</ManufactureName>
      <ManufactureCountry />
      <ManufactureItemDescription />
      <UnitQty>יח`</UnitQty>
      <Quantity>1</Quantity>
      <UnitMeasure />
      <BisWeighted>0</BisWeighted>
      <QtyInPackage>1</QtyInPackage>
      <ItemPrice>8.90</ItemPrice>
      <UnitOfMeasurePrice>8.90</UnitOfMeasurePrice>
      <AllowDiscount>0</AllowDiscount>
      <itemStatus>1</itemStatus>
      <LastUpdateDate />
      <LastUpdateTime />
    </Product>
    <Product>
      <PriceUpdateDate>2018/07/20 14:13</PriceUpdateDate>
      <ItemCode>7290108352825</ItemCode>
      <ItemType>1</ItemType>
      <ItemName>ספוג הפלא נירוסטה סנו סושי</ItemName>
      <ManufactureName>החברה הדרומית לשיווק בעמ</ManufactureName>
      <ManufactureCountry />
      <ManufactureItemDescription />
      <UnitQty>יח`</UnitQty>
      <Quantity>1</Quantity>
      <UnitMeasure />
      <BisWeighted>0</BisWeighted>
      <QtyInPackage>1</QtyInPackage>
      <ItemPrice>10.90</ItemPrice>
      <UnitOfMeasurePrice>10.90</UnitOfMeasurePrice>
      <AllowDiscount>0</AllowDiscount>
      <itemStatus>1</itemStatus>
      <LastUpdateDate />
      <LastUpdateTime />
    </Product>
    <Product>
      <PriceUpdateDate>2019/02/01 12:24</PriceUpdateDate>
      <ItemCode>7290108352894</ItemCode>
      <ItemType>1</ItemType>
      <ItemName>סנו סושי מפת שולחן חגיגית</ItemName>
      <ManufactureName>החברה הדרומית לשיווק בעמ</ManufactureName>
      <ManufactureCountry />
      <ManufactureItemDescription />
      <UnitQty>יח`</UnitQty>
      <Quantity>1</Quantity>
      <UnitMeasure />
      <BisWeighted>0</BisWeighted>
      <QtyInPackage>1</QtyInPackage>
      <ItemPrice>5.90</ItemPrice>
      <UnitOfMeasurePrice>5.90</UnitOfMeasurePrice>
      <AllowDiscount>0</AllowDiscount>
      <itemStatus>1</itemStatus>
      <LastUpdateDate />
      <LastUpdateTime />
    </Product>
    <Product>
      <PriceUpdateDate>2019/04/05 11:38</PriceUpdateDate>
      <ItemCode>7290108352924</ItemCode>
      <ItemType>1</ItemType>
      <ItemName>כפפות כחולות ניטריל 80 יח-סנו  סושי(מי </ItemName>
      <ManufactureName>החברה הדרומית לשיווק בעמ</ManufactureName>
      <ManufactureCountry />
      <ManufactureItemDescription />
      <UnitQty>יח`</UnitQty>
      <Quantity>1</Quantity>
      <UnitMeasure />
      <BisWeighted>0</BisWeighted>
      <QtyInPackage>1</QtyInPackage>
      <ItemPrice>24.90</ItemPrice>
      <UnitOfMeasurePrice>24.90</UnitOfMeasurePrice>
      <AllowDiscount>0</AllowDiscount>
      <itemStatus>1</itemStatus>
      <LastUpdateDate />
      <LastUpdateTime />
    </Product>
    <Product>
      <PriceUpdateDate>2019/08/07 15:16</PriceUpdateDate>
      <ItemCode>7290108353020</ItemCode>
      <ItemType>1</ItemType>
      <ItemName>4 תבניות אפייה מנייר מלבנית גדולה סנו סו</ItemName>
      <ManufactureName>החברה הדרומית לשיווק בעמ</ManufactureName>
      <ManufactureCountry />
      <ManufactureItemDescription />
      <UnitQty>יח`</UnitQty>
      <Quantity>1</Quantity>
      <UnitMeasure />
      <BisWeighted>0</BisWeighted>
      <QtyInPackage>1</QtyInPackage>
      <ItemPrice>9.90</ItemPrice>
      <UnitOfMeasurePrice>9.90</UnitOfMeasurePrice>
      <AllowDiscount>0</AllowDiscount>
      <itemStatus>1</itemStatus>
      <LastUpdateDate />
      <LastUpdateTime />
    </Product>
    <Product>
      <PriceUpdateDate>2019/08/07 15:16</PriceUpdateDate>
      <ItemCode>7290108353037</ItemCode>
      <ItemType>1</ItemType>
      <ItemName>4 תבניות אפייה מנייר עגולה סנו סושי</ItemName>
      <ManufactureName>החברה הדרומית לשיווק בעמ</ManufactureName>
      <ManufactureCountry />
      <ManufactureItemDescription />
      <UnitQty>יח`</UnitQty>
      <Quantity>1</Quantity>
      <UnitMeasure />
      <BisWeighted>0</BisWeighted>
      <QtyInPackage>1</QtyInPackage>
      <ItemPrice>9.90</ItemPrice>
      <UnitOfMeasurePrice>9.90</UnitOfMeasurePrice>
      <AllowDiscount>0</AllowDiscount>
      <itemStatus>1</itemStatus>
      <LastUpdateDate />
      <LastUpdateTime />
    </Product>
    <Product>
      <PriceUpdateDate>2019/07/19 13:19</PriceUpdateDate>
      <ItemCode>7290108353068</ItemCode>
      <ItemType>1</ItemType>
      <ItemName>כרית קרצוף עם סיבי נירוסטה</ItemName>
      <ManufactureName>החברה הדרומית לשיווק בעמ</ManufactureName>
      <ManufactureCountry />
      <ManufactureItemDescription />
      <UnitQty>יח`</UnitQty>
      <Quantity>1</Quantity>
      <UnitMeasure />
      <BisWeighted>0</BisWeighted>
      <QtyInPackage>1</QtyInPackage>
      <ItemPrice>9.90</ItemPrice>
      <UnitOfMeasurePrice>9.90</UnitOfMeasurePrice>
      <AllowDiscount>0</AllowDiscount>
      <itemStatus>1</itemStatus>
      <LastUpdateDate />
      <LastUpdateTime />
    </Product>
    <Product>
      <PriceUpdateDate>2019/07/19 13:19</PriceUpdateDate>
      <ItemCode>7290108353099</ItemCode>
      <ItemType>1</ItemType>
      <ItemName>ממחטות אף סנו סופט חמישייה</ItemName>
      <ManufactureName>החברה הדרומית לשיווק בעמ</ManufactureName>
      <ManufactureCountry />
      <ManufactureItemDescription />
      <UnitQty>יח`</UnitQty>
      <Quantity>1</Quantity>
      <UnitMeasure />
      <BisWeighted>0</BisWeighted>
      <QtyInPackage>1</QtyInPackage>
      <ItemPrice>11.90</ItemPrice>
      <UnitOfMeasurePrice>11.90</UnitOfMeasurePrice>
      <AllowDiscount>0</AllowDiscount>
      <itemStatus>1</itemStatus>
      <LastUpdateDate />
      <LastUpdateTime />
    </Product>
    <Product>
      <PriceUpdateDate>2019/12/30 10:41</PriceUpdateDate>
      <ItemCode>7290108353518</ItemCode>
      <ItemType>1</ItemType>
      <ItemName>סנו סושי-תבניות  אלומניום XL</ItemName>
      <ManufactureName>החברה הדרומית לשיווק בעמ</ManufactureName>
      <ManufactureCountry />
      <ManufactureItemDescription />
      <UnitQty>יח`</UnitQty>
      <Quantity>1</Quantity>
      <UnitMeasure />
      <BisWeighted>0</BisWeighted>
      <QtyInPackage>1</QtyInPackage>
      <ItemPrice>9.90</ItemPrice>
      <UnitOfMeasurePrice>9.90</UnitOfMeasurePrice>
      <AllowDiscount>0</AllowDiscount>
      <itemStatus>1</itemStatus>
      <LastUpdateDate />
      <LastUpdateTime />
    </Product>
    <Product>
      <PriceUpdateDate>2019/12/30 10:41</PriceUpdateDate>
      <ItemCode>7290108353525</ItemCode>
      <ItemType>1</ItemType>
      <ItemName>סנו סושי-תבניות  אלומניום L</ItemName>
      <ManufactureName>החברה הדרומית לשיווק בעמ</ManufactureName>
      <ManufactureCountry />
      <ManufactureItemDescription />
      <UnitQty>יח`</UnitQty>
      <Quantity>1</Quantity>
      <UnitMeasure />
      <BisWeighted>0</BisWeighted>
      <QtyInPackage>1</QtyInPackage>
      <ItemPrice>9.90</ItemPrice>
      <UnitOfMeasurePrice>9.90</UnitOfMeasurePrice>
      <AllowDiscount>0</AllowDiscount>
      <itemStatus>1</itemStatus>
      <LastUpdateDate />
      <LastUpdateTime />
    </Product>
    <Product>
      <PriceUpdateDate>2019/12/16 08:39</PriceUpdateDate>
      <ItemCode>7290108353532</ItemCode>
      <ItemType>1</ItemType>
      <ItemName>שקית אשפה בגליל 100 יח סנו סושי</ItemName>
      <ManufactureName>החברה הדרומית לשיווק בעמ</ManufactureName>
      <ManufactureCountry />
      <ManufactureItemDescription />
      <UnitQty>יח`</UnitQty>
      <Quantity>1</Quantity>
      <UnitMeasure />
      <BisWeighted>0</BisWeighted>
      <QtyInPackage>1</QtyInPackage>
      <ItemPrice>29.90</ItemPrice>
      <UnitOfMeasurePrice>29.90</UnitOfMeasurePrice>
      <AllowDiscount>0</AllowDiscount>
      <itemStatus>1</itemStatus>
      <LastUpdateDate />
      <LastUpdateTime />
    </Product>
    <Product>
      <PriceUpdateDate>2020/01/15 08:46</PriceUpdateDate>
      <ItemCode>7290108353549</ItemCode>
      <ItemType>1</ItemType>
      <ItemName>100 דפי נייר אפיה סנו סושי</ItemName>
      <ManufactureName>החברה הדרומית לשיווק בעמ</ManufactureName>
      <ManufactureCountry />
      <ManufactureItemDescription />
      <UnitQty>יח`</UnitQty>
      <Quantity>1</Quantity>
      <UnitMeasure />
      <BisWeighted>0</BisWeighted>
      <QtyInPackage>1</QtyInPackage>
      <ItemPrice>19.90</ItemPrice>
      <UnitOfMeasurePrice>19.90</UnitOfMeasurePrice>
      <AllowDiscount>0</AllowDiscount>
      <itemStatus>1</itemStatus>
      <LastUpdateDate />
      <LastUpdateTime />
    </Product>
    <Product>
      <PriceUpdateDate>2018/12/18 06:26</PriceUpdateDate>
      <ItemCode>7290108354751</ItemCode>
      <ItemType>1</ItemType>
      <ItemName>ג`ט פלוס לניקוי כללי+סודה 750 ל סנו</ItemName>
      <ManufactureName>החברה הדרומית לשיווק בעמ</ManufactureName>
      <ManufactureCountry />
      <ManufactureItemDescription />
      <UnitQty>יח`</UnitQty>
      <Quantity>750</Quantity>
      <UnitMeasure>מ"ל</UnitMeasure>
      <BisWeighted>0</BisWeighted>
      <QtyInPackage>1</QtyInPackage>
      <ItemPrice>14.90</ItemPrice>
      <UnitOfMeasurePrice>1.99</UnitOfMeasurePrice>
      <AllowDiscount>0</AllowDiscount>
      <itemStatus>1</itemStatus>
      <LastUpdateDate />
      <LastUpdateTime />
    </Product>
    <Product>
      <PriceUpdateDate>2019/07/03 08:40</PriceUpdateDate>
      <ItemCode>7290108354874</ItemCode>
      <ItemType>1</ItemType>
      <ItemName>סבון מוצק קרמה  מאסק( 400 גר`)</ItemName>
      <ManufactureName>החברה הדרומית לשיווק בעמ</ManufactureName>
      <ManufactureCountry />
      <ManufactureItemDescription />
      <UnitQty>יח`</UnitQty>
      <Quantity>400</Quantity>
      <UnitMeasure>גרם</UnitMeasure>
      <BisWeighted>0</BisWeighted>
      <QtyInPackage>1</QtyInPackage>
      <ItemPrice>12.90</ItemPrice>
      <UnitOfMeasurePrice>3.23</UnitOfMeasurePrice>
      <AllowDiscount>0</AllowDiscount>
      <itemStatus>1</itemStatus>
      <LastUpdateDate />
      <LastUpdateTime />
    </Product>
    <Product>
      <PriceUpdateDate>2020/04/14 06:59</PriceUpdateDate>
      <ItemCode>7290108354911</ItemCode>
      <ItemType>1</ItemType>
      <ItemName>קרמה מן 3ב1 שמפו גל רחצה וגילוח 700 מל</ItemName>
      <ManufactureName>החברה הדרומית לשיווק בעמ</ManufactureName>
      <ManufactureCountry />
      <ManufactureItemDescription />
      <UnitQty>יח`</UnitQty>
      <Quantity>700</Quantity>
      <UnitMeasure>מ"ל</UnitMeasure>
      <BisWeighted>0</BisWeighted>
      <QtyInPackage>1</QtyInPackage>
      <ItemPrice>19.90</ItemPrice>
      <UnitOfMeasurePrice>2.84</UnitOfMeasurePrice>
      <AllowDiscount>0</AllowDiscount>
      <itemStatus>1</itemStatus>
      <LastUpdateDate />
      <LastUpdateTime />
    </Product>
    <Product>
      <PriceUpdateDate>2017/08/27 08:36</PriceUpdateDate>
      <ItemCode>7290108355055</ItemCode>
      <ItemType>1</ItemType>
      <ItemName>לחות מקצועית עם גלייז נטורל 400 מל</ItemName>
      <ManufactureName>החברה הדרומית לשיווק בעמ</ManufactureName>
      <ManufactureCountry />
      <ManufactureItemDescription />
      <UnitQty>יח`</UnitQty>
      <Quantity>410</Quantity>
      <UnitMeasure>מ"ל</UnitMeasure>
      <BisWeighted>0</BisWeighted>
      <QtyInPackage>1</QtyInPackage>
      <ItemPrice>29.90</ItemPrice>
      <UnitOfMeasurePrice>7.29</UnitOfMeasurePrice>
      <AllowDiscount>0</AllowDiscount>
      <itemStatus>1</itemStatus>
      <LastUpdateDate />
      <LastUpdateTime />
    </Product>
    <Product>
      <PriceUpdateDate>2017/08/27 08:36</PriceUpdateDate>
      <ItemCode>7290108355062</ItemCode>
      <ItemType>1</ItemType>
      <ItemName>לחות מקצועית עם קרטין נטורל 400 מל</ItemName>
      <ManufactureName>החברה הדרומית לשיווק בעמ</ManufactureName>
      <ManufactureCountry />
      <ManufactureItemDescription />
      <UnitQty>יח`</UnitQty>
      <Quantity>410</Quantity>
      <UnitMeasure>מ"ל</UnitMeasure>
      <BisWeighted>0</BisWeighted>
      <QtyInPackage>1</QtyInPackage>
      <ItemPrice>29.90</ItemPrice>
      <UnitOfMeasurePrice>7.29</UnitOfMeasurePrice>
      <AllowDiscount>0</AllowDiscount>
      <itemStatus>1</itemStatus>
      <LastUpdateDate />
      <LastUpdateTime />
    </Product>
    <Product>
      <PriceUpdateDate>2019/01/31 09:52</PriceUpdateDate>
      <ItemCode>7290108355154</ItemCode>
      <ItemType>1</ItemType>
      <ItemName>נקה 7 שמפו שמני הזנה 750 מל</ItemName>
      <ManufactureName>החברה הדרומית לשיווק בעמ</ManufactureName>
      <ManufactureCountry />
      <ManufactureItemDescription />
      <UnitQty>יח`</UnitQty>
      <Quantity>750</Quantity>
      <UnitMeasure>מ"ל</UnitMeasure>
      <BisWeighted>0</BisWeighted>
      <QtyInPackage>1</QtyInPackage>
      <ItemPrice>10.90</ItemPrice>
      <UnitOfMeasurePrice>1.45</UnitOfMeasurePrice>
      <AllowDiscount>1</AllowDiscount>
      <itemStatus>1</itemStatus>
      <LastUpdateDate />
      <LastUpdateTime />
    </Product>
    <Product>
      <PriceUpdateDate>2019/01/31 09:52</PriceUpdateDate>
      <ItemCode>7290108355161</ItemCode>
      <ItemType>1</ItemType>
      <ItemName>נקה 7 מרכך שמני הזנה 750 מל</ItemName>
      <ManufactureName>החברה הדרומית לשיווק בעמ</ManufactureName>
      <ManufactureCountry />
      <ManufactureItemDescription />
      <UnitQty>יח`</UnitQty>
      <Quantity>750</Quantity>
      <UnitMeasure>מ"ל</UnitMeasure>
      <BisWeighted>0</BisWeighted>
      <QtyInPackage>1</QtyInPackage>
      <ItemPrice>10.90</ItemPrice>
      <UnitOfMeasurePrice>1.45</UnitOfMeasurePrice>
      <AllowDiscount>1</AllowDiscount>
      <itemStatus>1</itemStatus>
      <LastUpdateDate />
      <LastUpdateTime />
    </Product>
    <Product>
      <PriceUpdateDate>2019/06/20 10:45</PriceUpdateDate>
      <ItemCode>7290108355307</ItemCode>
      <ItemType>1</ItemType>
      <ItemName>נקה 7 שמפו 750 מל סירוק קל</ItemName>
      <ManufactureName>החברה הדרומית לשיווק בעמ</ManufactureName>
      <ManufactureCountry />
      <ManufactureItemDescription />
      <UnitQty>יח`</UnitQty>
      <Quantity>750</Quantity>
      <UnitMeasure>מ"ל</UnitMeasure>
      <BisWeighted>0</BisWeighted>
      <QtyInPackage>1</QtyInPackage>
      <ItemPrice>12.90</ItemPrice>
      <UnitOfMeasurePrice>1.72</UnitOfMeasurePrice>
      <AllowDiscount>0</AllowDiscount>
      <itemStatus>1</itemStatus>
      <LastUpdateDate />
      <LastUpdateTime />
    </Product>
    <Product>
      <PriceUpdateDate>2019/06/20 10:45</PriceUpdateDate>
      <ItemCode>7290108355314</ItemCode>
      <ItemType>1</ItemType>
      <ItemName>נקה 7 מרכך 750 מל סירוק קל</ItemName>
      <ManufactureName>החברה הדרומית לשיווק בעמ</ManufactureName>
      <ManufactureCountry />
      <ManufactureItemDescription />
      <UnitQty>יח`</UnitQty>
      <Quantity>750</Quantity>
      <UnitMeasure>מ"ל</UnitMeasure>
      <BisWeighted>0</BisWeighted>
      <QtyInPackage>1</QtyInPackage>
      <ItemPrice>12.90</ItemPrice>
      <UnitOfMeasurePrice>1.72</UnitOfMeasurePrice>
      <AllowDiscount>0</AllowDiscount>
      <itemStatus>1</itemStatus>
      <LastUpdateDate />
      <LastUpdateTime />
    </Product>
    <Product>
      <PriceUpdateDate>2018/12/09 08:55</PriceUpdateDate>
      <ItemCode>7290108356113</ItemCode>
      <ItemType>1</ItemType>
      <ItemName>תחליב רחצה כיף ניחוח דבש 700 מל</ItemName>
      <ManufactureName>החברה הדרומית לשיווק בעמ</ManufactureName>
      <ManufactureCountry />
      <ManufactureItemDescription />
      <UnitQty>יח`</UnitQty>
      <Quantity>700</Quantity>
      <UnitMeasure>מ"ל</UnitMeasure>
      <BisWeighted>0</BisWeighted>
      <QtyInPackage>1</QtyInPackage>
      <ItemPrice>12.90</ItemPrice>
      <UnitOfMeasurePrice>1.84</UnitOfMeasurePrice>
      <AllowDiscount>1</AllowDiscount>
      <itemStatus>1</itemStatus>
      <LastUpdateDate />
      <LastUpdateTime />
    </Product>
    <Product>
      <PriceUpdateDate>2018/12/09 08:55</PriceUpdateDate>
      <ItemCode>7290108356120</ItemCode>
      <ItemType>1</ItemType>
      <ItemName>תחליב רחצה כיף ניחוח קוקוס וניל 700 מל</ItemName>
      <ManufactureName>החברה הדרומית לשיווק בעמ</ManufactureName>
      <ManufactureCountry />
      <ManufactureItemDescription />
      <UnitQty>יח`</UnitQty>
      <Quantity>700</Quantity>
      <UnitMeasure>מ"ל</UnitMeasure>
      <BisWeighted>0</BisWeighted>
      <QtyInPackage>1</QtyInPackage>
      <ItemPrice>12.90</ItemPrice>
      <UnitOfMeasurePrice>1.84</UnitOfMeasurePrice>
      <AllowDiscount>1</AllowDiscount>
      <itemStatus>1</itemStatus>
      <LastUpdateDate />
      <LastUpdateTime />
    </Product>
    <Product>
      <PriceUpdateDate>2018/12/09 08:55</PriceUpdateDate>
      <ItemCode>7290108356137</ItemCode>
      <ItemType>1</ItemType>
      <ItemName>תחליב רחצה כיף ניחוח לבנדר 700 מל</ItemName>
      <ManufactureName>החברה הדרומית לשיווק בעמ</ManufactureName>
      <ManufactureCountry />
      <ManufactureItemDescription />
      <UnitQty>יח`</UnitQty>
      <Quantity>700</Quantity>
      <UnitMeasure>מ"ל</UnitMeasure>
      <BisWeighted>0</BisWeighted>
      <QtyInPackage>1</QtyInPackage>
      <ItemPrice>12.90</ItemPrice>
      <UnitOfMeasurePrice>1.84</UnitOfMeasurePrice>
      <AllowDiscount>1</AllowDiscount>
      <itemStatus>1</itemStatus>
      <LastUpdateDate />
      <LastUpdateTime />
    </Product>
    <Product>
      <PriceUpdateDate>2020/05/01 12:30</PriceUpdateDate>
      <ItemCode>7290108356144</ItemCode>
      <ItemType>1</ItemType>
      <ItemName>תחליב רחצה כיף בניחוח שמן אמבר וגרדניה 7</ItemName>
      <ManufactureName>החברה הדרומית לשיווק בעמ</ManufactureName>
      <ManufactureCountry />
      <ManufactureItemDescription />
      <UnitQty>יח`</UnitQty>
      <Quantity>700</Quantity>
      <UnitMeasure>מ"ל</UnitMeasure>
      <BisWeighted>0</BisWeighted>
      <QtyInPackage>1</QtyInPackage>
      <ItemPrice>12.90</ItemPrice>
      <UnitOfMeasurePrice>1.84</UnitOfMeasurePrice>
      <AllowDiscount>0</AllowDiscount>
      <itemStatus>1</itemStatus>
      <LastUpdateDate />
      <LastUpdateTime />
    </Product>
    <Product>
      <PriceUpdateDate>2018/12/09 08:55</PriceUpdateDate>
      <ItemCode>7290108356151</ItemCode>
      <ItemType>1</ItemType>
      <ItemName>תחליב רחצה כיף ניחוח מאסק יסמין 700 מל</ItemName>
      <ManufactureName>החברה הדרומית לשיווק בעמ</ManufactureName>
      <ManufactureCountry />
      <ManufactureItemDescription />
      <UnitQty>יח`</UnitQty>
      <Quantity>700</Quantity>
      <UnitMeasure>מ"ל</UnitMeasure>
      <BisWeighted>0</BisWeighted>
      <QtyInPackage>1</QtyInPackage>
      <ItemPrice>12.90</ItemPrice>
      <UnitOfMeasurePrice>1.84</UnitOfMeasurePrice>
      <AllowDiscount>1</AllowDiscount>
      <itemStatus>1</itemStatus>
      <LastUpdateDate />
      <LastUpdateTime />
    </Product>
    <Product>
      <PriceUpdateDate>2018/12/09 08:55</PriceUpdateDate>
      <ItemCode>7290108356168</ItemCode>
      <ItemType>1</ItemType>
      <ItemName>תחליב רחצה כיף ניחוח אוקיינס 700 מל</ItemName>
      <ManufactureName>החברה הדרומית לשיווק בעמ</ManufactureName>
      <ManufactureCountry />
      <ManufactureItemDescription />
      <UnitQty>יח`</UnitQty>
      <Quantity>700</Quantity>
      <UnitMeasure>מ"ל</UnitMeasure>
      <BisWeighted>0</BisWeighted>
      <QtyInPackage>1</QtyInPackage>
      <ItemPrice>12.90</ItemPrice>
      <UnitOfMeasurePrice>1.84</UnitOfMeasurePrice>
      <AllowDiscount>1</AllowDiscount>
      <itemStatus>1</itemStatus>
      <LastUpdateDate />
      <LastUpdateTime />
    </Product>
    <Product>
      <PriceUpdateDate>2020/05/01 12:30</PriceUpdateDate>
      <ItemCode>7290108356281</ItemCode>
      <ItemType>1</ItemType>
      <ItemName>תחליב רחצה כיף בניחוח אננס וקוקס 700</ItemName>
      <ManufactureName>החברה הדרומית לשיווק בעמ</ManufactureName>
      <ManufactureCountry />
      <ManufactureItemDescription />
      <UnitQty>יח`</UnitQty>
      <Quantity>700</Quantity>
      <UnitMeasure>מ"ל</UnitMeasure>
      <BisWeighted>0</BisWeighted>
      <QtyInPackage>1</QtyInPackage>
      <ItemPrice>12.90</ItemPrice>
      <UnitOfMeasurePrice>1.84</UnitOfMeasurePrice>
      <AllowDiscount>0</AllowDiscount>
      <itemStatus>1</itemStatus>
      <LastUpdateDate />
      <LastUpdateTime />
    </Product>
    <Product>
      <PriceUpdateDate>2020/05/01 12:30</PriceUpdateDate>
      <ItemCode>7290108356304</ItemCode>
      <ItemType>1</ItemType>
      <ItemName>תחליב רחצה בניחוח וטיבר ומלח ים 700</ItemName>
      <ManufactureName>החברה הדרומית לשיווק בעמ</ManufactureName>
      <ManufactureCountry />
      <ManufactureItemDescription />
      <UnitQty>יח`</UnitQty>
      <Quantity>700</Quantity>
      <UnitMeasure>מ"ל</UnitMeasure>
      <BisWeighted>0</BisWeighted>
      <QtyInPackage>1</QtyInPackage>
      <ItemPrice>12.90</ItemPrice>
      <UnitOfMeasurePrice>1.84</UnitOfMeasurePrice>
      <AllowDiscount>0</AllowDiscount>
      <itemStatus>1</itemStatus>
      <LastUpdateDate />
      <LastUpdateTime />
    </Product>
    <Product>
      <PriceUpdateDate>2020/05/01 12:30</PriceUpdateDate>
      <ItemCode>7290108356328</ItemCode>
      <ItemType>1</ItemType>
      <ItemName>תחליב רחצה כיף בניחוח ברגמוט ונרולי 700</ItemName>
      <ManufactureName>החברה הדרומית לשיווק בעמ</ManufactureName>
      <ManufactureCountry />
      <ManufactureItemDescription />
      <UnitQty>יח`</UnitQty>
      <Quantity>700</Quantity>
      <UnitMeasure>מ"ל</UnitMeasure>
      <BisWeighted>0</BisWeighted>
      <QtyInPackage>1</QtyInPackage>
      <ItemPrice>12.90</ItemPrice>
      <UnitOfMeasurePrice>1.84</UnitOfMeasurePrice>
      <AllowDiscount>0</AllowDiscount>
      <itemStatus>1</itemStatus>
      <LastUpdateDate />
      <LastUpdateTime />
    </Product>
    <Product>
      <PriceUpdateDate>2020/04/14 06:59</PriceUpdateDate>
      <ItemCode>7290108356359</ItemCode>
      <ItemType>1</ItemType>
      <ItemName>קרמה מן קרם לחות לגוף לאחר גילוח 400 מל</ItemName>
      <ManufactureName>החברה הדרומית לשיווק בעמ</ManufactureName>
      <ManufactureCountry />
      <ManufactureItemDescription />
      <UnitQty>יח`</UnitQty>
      <Quantity>400</Quantity>
      <UnitMeasure>מ"ל</UnitMeasure>
      <BisWeighted>0</BisWeighted>
      <QtyInPackage>1</QtyInPackage>
      <ItemPrice>24.90</ItemPrice>
      <UnitOfMeasurePrice>6.23</UnitOfMeasurePrice>
      <AllowDiscount>0</AllowDiscount>
      <itemStatus>1</itemStatus>
      <LastUpdateDate />
      <LastUpdateTime />
    </Product>
    <Product>
      <PriceUpdateDate>2019/12/16 08:39</PriceUpdateDate>
      <ItemCode>7290108357004</ItemCode>
      <ItemType>1</ItemType>
      <ItemName>כיף שמפו ורד ושמן קוקוי 700</ItemName>
      <ManufactureName>החברה הדרומית לשיווק בעמ</ManufactureName>
      <ManufactureCountry />
      <ManufactureItemDescription />
      <UnitQty>יח`</UnitQty>
      <Quantity>700</Quantity>
      <UnitMeasure>מ"ל</UnitMeasure>
      <BisWeighted>0</BisWeighted>
      <QtyInPackage>1</QtyInPackage>
      <ItemPrice>12.90</ItemPrice>
      <UnitOfMeasurePrice>1.84</UnitOfMeasurePrice>
      <AllowDiscount>0</AllowDiscount>
      <itemStatus>1</itemStatus>
      <LastUpdateDate />
      <LastUpdateTime />
    </Product>
    <Product>
      <PriceUpdateDate>2019/12/16 08:39</PriceUpdateDate>
      <ItemCode>7290108357011</ItemCode>
      <ItemType>1</ItemType>
      <ItemName>כיף מרכך ורד ושמן קוקוי 700</ItemName>
      <ManufactureName>החברה הדרומית לשיווק בעמ</ManufactureName>
      <ManufactureCountry />
      <ManufactureItemDescription />
      <UnitQty>יח`</UnitQty>
      <Quantity>700</Quantity>
      <UnitMeasure>מ"ל</UnitMeasure>
      <BisWeighted>0</BisWeighted>
      <QtyInPackage>1</QtyInPackage>
      <ItemPrice>12.90</ItemPrice>
      <UnitOfMeasurePrice>1.84</UnitOfMeasurePrice>
      <AllowDiscount>0</AllowDiscount>
      <itemStatus>1</itemStatus>
      <LastUpdateDate />
      <LastUpdateTime />
    </Product>
    <Product>
      <PriceUpdateDate>2019/12/16 08:39</PriceUpdateDate>
      <ItemCode>7290108357028</ItemCode>
      <ItemType>1</ItemType>
      <ItemName>כיף תחליב רחצה ורד ושמן קוקוי 700</ItemName>
      <ManufactureName>החברה הדרומית לשיווק בעמ</ManufactureName>
      <ManufactureCountry />
      <ManufactureItemDescription />
      <UnitQty>יח`</UnitQty>
      <Quantity>700</Quantity>
      <UnitMeasure>מ"ל</UnitMeasure>
      <BisWeighted>0</BisWeighted>
      <QtyInPackage>1</QtyInPackage>
      <ItemPrice>12.90</ItemPrice>
      <UnitOfMeasurePrice>1.84</UnitOfMeasurePrice>
      <AllowDiscount>0</AllowDiscount>
      <itemStatus>1</itemStatus>
      <LastUpdateDate />
      <LastUpdateTime />
    </Product>
    <Product>
      <PriceUpdateDate>2019/02/18 11:46</PriceUpdateDate>
      <ItemCode>7290108357707</ItemCode>
      <ItemType>1</ItemType>
      <ItemName>כיף שמפו לשיער רגיל תפוח זרעי צ`יה 700</ItemName>
      <ManufactureName>החברה הדרומית לשיווק בעמ</ManufactureName>
      <ManufactureCountry />
      <ManufactureItemDescription />
      <UnitQty>יח`</UnitQty>
      <Quantity>700</Quantity>
      <UnitMeasure>מ"ל</UnitMeasure>
      <BisWeighted>0</BisWeighted>
      <QtyInPackage>1</QtyInPackage>
      <ItemPrice>12.90</ItemPrice>
      <UnitOfMeasurePrice>1.84</UnitOfMeasurePrice>
      <AllowDiscount>1</AllowDiscount>
      <itemStatus>1</itemStatus>
      <LastUpdateDate />
      <LastUpdateTime />
    </Product>
    <Product>
      <PriceUpdateDate>2019/02/18 11:46</PriceUpdateDate>
      <ItemCode>7290108357745</ItemCode>
      <ItemType>1</ItemType>
      <ItemName>כיף שמפו ומרכך 2+1 תאנה ומנטה 700</ItemName>
      <ManufactureName>החברה הדרומית לשיווק בעמ</ManufactureName>
      <ManufactureCountry />
      <ManufactureItemDescription />
      <UnitQty>יח`</UnitQty>
      <Quantity>700</Quantity>
      <UnitMeasure>מ"ל</UnitMeasure>
      <BisWeighted>0</BisWeighted>
      <QtyInPackage>1</QtyInPackage>
      <ItemPrice>12.90</ItemPrice>
      <UnitOfMeasurePrice>1.84</UnitOfMeasurePrice>
      <AllowDiscount>1</AllowDiscount>
      <itemStatus>1</itemStatus>
      <LastUpdateDate />
      <LastUpdateTime />
    </Product>
    <Product>
      <PriceUpdateDate>2019/02/18 11:46</PriceUpdateDate>
      <ItemCode>7290108357752</ItemCode>
      <ItemType>1</ItemType>
      <ItemName>כיף שמפו לשיער מעוצב קרטין וחמאת שיאה 70</ItemName>
      <ManufactureName>החברה הדרומית לשיווק בעמ</ManufactureName>
      <ManufactureCountry />
      <ManufactureItemDescription />
      <UnitQty>יח`</UnitQty>
      <Quantity>700</Quantity>
      <UnitMeasure>מ"ל</UnitMeasure>
      <BisWeighted>0</BisWeighted>
      <QtyInPackage>1</QtyInPackage>
      <ItemPrice>12.90</ItemPrice>
      <UnitOfMeasurePrice>1.84</UnitOfMeasurePrice>
      <AllowDiscount>1</AllowDiscount>
      <itemStatus>1</itemStatus>
      <LastUpdateDate />
      <LastUpdateTime />
    </Product>
    <Product>
      <PriceUpdateDate>2019/02/18 11:46</PriceUpdateDate>
      <ItemCode>7290108357769</ItemCode>
      <ItemType>1</ItemType>
      <ItemName>כיף מרכך לשיער רגיל תפוח זרעי צ`יה 700</ItemName>
      <ManufactureName>החברה הדרומית לשיווק בעמ</ManufactureName>
      <ManufactureCountry />
      <ManufactureItemDescription />
      <UnitQty>יח`</UnitQty>
      <Quantity>700</Quantity>
      <UnitMeasure>מ"ל</UnitMeasure>
      <BisWeighted>0</BisWeighted>
      <QtyInPackage>1</QtyInPackage>
      <ItemPrice>12.90</ItemPrice>
      <UnitOfMeasurePrice>1.84</UnitOfMeasurePrice>
      <AllowDiscount>1</AllowDiscount>
      <itemStatus>1</itemStatus>
      <LastUpdateDate />
      <LastUpdateTime />
    </Product>
    <Product>
      <PriceUpdateDate>2019/02/18 11:46</PriceUpdateDate>
      <ItemCode>7290108357783</ItemCode>
      <ItemType>1</ItemType>
      <ItemName>כיף מרכך לשיער דק ושביר 700</ItemName>
      <ManufactureName>החברה הדרומית לשיווק בעמ</ManufactureName>
      <ManufactureCountry />
      <ManufactureItemDescription />
      <UnitQty>יח`</UnitQty>
      <Quantity>700</Quantity>
      <UnitMeasure>מ"ל</UnitMeasure>
      <BisWeighted>0</BisWeighted>
      <QtyInPackage>1</QtyInPackage>
      <ItemPrice>12.90</ItemPrice>
      <UnitOfMeasurePrice>1.84</UnitOfMeasurePrice>
      <AllowDiscount>1</AllowDiscount>
      <itemStatus>1</itemStatus>
      <LastUpdateDate />
      <LastUpdateTime />
    </Product>
    <Product>
      <PriceUpdateDate>2018/12/04 08:38</PriceUpdateDate>
      <ItemCode>7290108359824</ItemCode>
      <ItemType>1</ItemType>
      <ItemName>בייבי קרם גוף כיף (500 מל)</ItemName>
      <ManufactureName>החברה הדרומית לשיווק בעמ</ManufactureName>
      <ManufactureCountry />
      <ManufactureItemDescription />
      <UnitQty>יח`</UnitQty>
      <Quantity>500</Quantity>
      <UnitMeasure>מ"ל</UnitMeasure>
      <BisWeighted>0</BisWeighted>
      <QtyInPackage>1</QtyInPackage>
      <ItemPrice>24.90</ItemPrice>
      <UnitOfMeasurePrice>4.98</UnitOfMeasurePrice>
      <AllowDiscount>0</AllowDiscount>
      <itemStatus>1</itemStatus>
      <LastUpdateDate />
      <LastUpdateTime />
    </Product>
    <Product>
      <PriceUpdateDate>2018/12/04 08:38</PriceUpdateDate>
      <ItemCode>7290108359848</ItemCode>
      <ItemType>1</ItemType>
      <ItemName>בייבי כיף שמפו אל דמע (1 ליטר)</ItemName>
      <ManufactureName>החברה הדרומית לשיווק בעמ</ManufactureName>
      <ManufactureCountry />
      <ManufactureItemDescription />
      <UnitQty>יח`</UnitQty>
      <Quantity>1</Quantity>
      <UnitMeasure>1 ליטר</UnitMeasure>
      <BisWeighted>0</BisWeighted>
      <QtyInPackage>1</QtyInPackage>
      <ItemPrice>22.90</ItemPrice>
      <UnitOfMeasurePrice>22.90</UnitOfMeasurePrice>
      <AllowDiscount>0</AllowDiscount>
      <itemStatus>1</itemStatus>
      <LastUpdateDate />
      <LastUpdateTime />
    </Product>
    <Product>
      <PriceUpdateDate>2018/12/04 08:38</PriceUpdateDate>
      <ItemCode>7290108359855</ItemCode>
      <ItemType>1</ItemType>
      <ItemName>בייבי כיף שמפו אל דמע (750 מל)</ItemName>
      <ManufactureName>החברה הדרומית לשיווק בעמ</ManufactureName>
      <ManufactureCountry />
      <ManufactureItemDescription />
      <UnitQty>יח`</UnitQty>
      <Quantity>750</Quantity>
      <UnitMeasure>מ"ל</UnitMeasure>
      <BisWeighted>0</BisWeighted>
      <QtyInPackage>1</QtyInPackage>
      <ItemPrice>17.90</ItemPrice>
      <UnitOfMeasurePrice>2.39</UnitOfMeasurePrice>
      <AllowDiscount>0</AllowDiscount>
      <itemStatus>1</itemStatus>
      <LastUpdateDate />
      <LastUpdateTime />
    </Product>
    <Product>
      <PriceUpdateDate>2018/12/04 08:38</PriceUpdateDate>
      <ItemCode>7290108359862</ItemCode>
      <ItemType>1</ItemType>
      <ItemName>בייבי כיף אלסבון 1 ליטר</ItemName>
      <ManufactureName>החברה הדרומית לשיווק בעמ</ManufactureName>
      <ManufactureCountry />
      <ManufactureItemDescription />
      <UnitQty>יח`</UnitQty>
      <Quantity>1</Quantity>
      <UnitMeasure>1 ליטר</UnitMeasure>
      <BisWeighted>0</BisWeighted>
      <QtyInPackage>1</QtyInPackage>
      <ItemPrice>22.90</ItemPrice>
      <UnitOfMeasurePrice>22.90</UnitOfMeasurePrice>
      <AllowDiscount>0</AllowDiscount>
      <itemStatus>1</itemStatus>
      <LastUpdateDate />
      <LastUpdateTime />
    </Product>
    <Product>
      <PriceUpdateDate>2018/12/04 08:38</PriceUpdateDate>
      <ItemCode>7290108359879</ItemCode>
      <ItemType>1</ItemType>
      <ItemName>בייבי כיף אל סבון 750 מל</ItemName>
      <ManufactureName>החברה הדרומית לשיווק בעמ</ManufactureName>
      <ManufactureCountry />
      <ManufactureItemDescription />
      <UnitQty>יח`</UnitQty>
      <Quantity>750</Quantity>
      <UnitMeasure>מ"ל</UnitMeasure>
      <BisWeighted>0</BisWeighted>
      <QtyInPackage>1</QtyInPackage>
      <ItemPrice>17.90</ItemPrice>
      <UnitOfMeasurePrice>2.39</UnitOfMeasurePrice>
      <AllowDiscount>0</AllowDiscount>
      <itemStatus>1</itemStatus>
      <LastUpdateDate />
      <LastUpdateTime />
    </Product>
    <Product>
      <PriceUpdateDate>2018/12/04 08:38</PriceUpdateDate>
      <ItemCode>7290108359893</ItemCode>
      <ItemType>1</ItemType>
      <ItemName>בייבי כיף תחליב רחצה 750 מל</ItemName>
      <ManufactureName>החברה הדרומית לשיווק בעמ</ManufactureName>
      <ManufactureCountry />
      <ManufactureItemDescription />
      <UnitQty>יח`</UnitQty>
      <Quantity>750</Quantity>
      <UnitMeasure>מ"ל</UnitMeasure>
      <BisWeighted>0</BisWeighted>
      <QtyInPackage>1</QtyInPackage>
      <ItemPrice>17.90</ItemPrice>
      <UnitOfMeasurePrice>2.39</UnitOfMeasurePrice>
      <AllowDiscount>0</AllowDiscount>
      <itemStatus>1</itemStatus>
      <LastUpdateDate />
      <LastUpdateTime />
    </Product>
    <Product>
      <PriceUpdateDate>2018/10/22 08:18</PriceUpdateDate>
      <ItemCode>7290108501599</ItemCode>
      <ItemType>1</ItemType>
      <ItemName>משקה סויה 1 ליטר EURO VEG</ItemName>
      <ManufactureName>ג.וילי-פוד אינטרנשיונל בעמ</ManufactureName>
      <ManufactureCountry />
      <ManufactureItemDescription />
      <UnitQty>יח`</UnitQty>
      <Quantity>100</Quantity>
      <UnitMeasure>מ"ל</UnitMeasure>
      <BisWeighted>0</BisWeighted>
      <QtyInPackage>1</QtyInPackage>
      <ItemPrice>9.90</ItemPrice>
      <UnitOfMeasurePrice>9.90</UnitOfMeasurePrice>
      <AllowDiscount>0</AllowDiscount>
      <itemStatus>1</itemStatus>
      <LastUpdateDate />
      <LastUpdateTime />
    </Product>
    <Product>
      <PriceUpdateDate>2018/10/22 08:18</PriceUpdateDate>
      <ItemCode>7290108501629</ItemCode>
      <ItemType>1</ItemType>
      <ItemName>משקה אורז 1 ליטר EURO VEG</ItemName>
      <ManufactureName>ג.וילי-פוד אינטרנשיונל בעמ</ManufactureName>
      <ManufactureCountry />
      <ManufactureItemDescription />
      <UnitQty>יח`</UnitQty>
      <Quantity>100</Quantity>
      <UnitMeasure>מ"ל</UnitMeasure>
      <BisWeighted>0</BisWeighted>
      <QtyInPackage>1</QtyInPackage>
      <ItemPrice>9.90</ItemPrice>
      <UnitOfMeasurePrice>9.90</UnitOfMeasurePrice>
      <AllowDiscount>0</AllowDiscount>
      <itemStatus>1</itemStatus>
      <LastUpdateDate />
      <LastUpdateTime />
    </Product>
    <Product>
      <PriceUpdateDate>2018/07/19 16:39</PriceUpdateDate>
      <ItemCode>7290108501650</ItemCode>
      <ItemType>1</ItemType>
      <ItemName>חתיכות אננס בסירופ קל 4 יח במשקל 113 גר`</ItemName>
      <ManufactureName>ג.וילי-פוד אינטרנשיונל בעמ</ManufactureName>
      <ManufactureCountry />
      <ManufactureItemDescription />
      <UnitQty>יח`</UnitQty>
      <Quantity>113</Quantity>
      <UnitMeasure>גרם</UnitMeasure>
      <BisWeighted>0</BisWeighted>
      <QtyInPackage>1</QtyInPackage>
      <ItemPrice>9.90</ItemPrice>
      <UnitOfMeasurePrice>8.76</UnitOfMeasurePrice>
      <AllowDiscount>0</AllowDiscount>
      <itemStatus>1</itemStatus>
      <LastUpdateDate />
      <LastUpdateTime />
    </Product>
    <Product>
      <PriceUpdateDate>2018/07/19 16:39</PriceUpdateDate>
      <ItemCode>7290108501667</ItemCode>
      <ItemType>1</ItemType>
      <ItemName>קוקטייל פירות בסירופ קל 4 יח במשקל 113 ג</ItemName>
      <ManufactureName>ג.וילי-פוד אינטרנשיונל בעמ</ManufactureName>
      <ManufactureCountry />
      <ManufactureItemDescription />
      <UnitQty>יח`</UnitQty>
      <Quantity>113</Quantity>
      <UnitMeasure>גרם</UnitMeasure>
      <BisWeighted>0</BisWeighted>
      <QtyInPackage>1</QtyInPackage>
      <ItemPrice>9.90</ItemPrice>
      <UnitOfMeasurePrice>8.76</UnitOfMeasurePrice>
      <AllowDiscount>0</AllowDiscount>
      <itemStatus>1</itemStatus>
      <LastUpdateDate />
      <LastUpdateTime />
    </Product>
    <Product>
      <PriceUpdateDate>2019/09/01 08:38</PriceUpdateDate>
      <ItemCode>7290108501766</ItemCode>
      <ItemType>1</ItemType>
      <ItemName>ממרח חמאה 250 גר` ללא מלח Euro spread ו</ItemName>
      <ManufactureName>ג.וילי-פוד אינטרנשיונל בעמ</ManufactureName>
      <ManufactureCountry />
      <ManufactureItemDescription />
      <UnitQty>יח`</UnitQty>
      <Quantity>250</Quantity>
      <UnitMeasure>גרם</UnitMeasure>
      <BisWeighted>0</BisWeighted>
      <QtyInPackage>1</QtyInPackage>
      <ItemPrice>11.90</ItemPrice>
      <UnitOfMeasurePrice>4.76</UnitOfMeasurePrice>
      <AllowDiscount>1</AllowDiscount>
      <itemStatus>1</itemStatus>
      <LastUpdateDate />
      <LastUpdateTime />
    </Product>
    <Product>
      <PriceUpdateDate>2019/09/01 08:38</PriceUpdateDate>
      <ItemCode>7290108501773</ItemCode>
      <ItemType>1</ItemType>
      <ItemName>ממרח חמאה 250 גר` במליחות עדינה Euro spr</ItemName>
      <ManufactureName>ג.וילי-פוד אינטרנשיונל בעמ</ManufactureName>
      <ManufactureCountry />
      <ManufactureItemDescription />
      <UnitQty>יח`</UnitQty>
      <Quantity>250</Quantity>
      <UnitMeasure>גרם</UnitMeasure>
      <BisWeighted>0</BisWeighted>
      <QtyInPackage>1</QtyInPackage>
      <ItemPrice>11.90</ItemPrice>
      <UnitOfMeasurePrice>4.76</UnitOfMeasurePrice>
      <AllowDiscount>1</AllowDiscount>
      <itemStatus>1</itemStatus>
      <LastUpdateDate />
      <LastUpdateTime />
    </Product>
    <Product>
      <PriceUpdateDate>2019/09/01 08:38</PriceUpdateDate>
      <ItemCode>7290108501810</ItemCode>
      <ItemType>1</ItemType>
      <ItemName>ממרח חמאה 250 גר` לייט במליחות עדינה Eur</ItemName>
      <ManufactureName>ג.וילי-פוד אינטרנשיונל בעמ</ManufactureName>
      <ManufactureCountry />
      <ManufactureItemDescription />
      <UnitQty>יח`</UnitQty>
      <Quantity>250</Quantity>
      <UnitMeasure>גרם</UnitMeasure>
      <BisWeighted>0</BisWeighted>
      <QtyInPackage>1</QtyInPackage>
      <ItemPrice>11.90</ItemPrice>
      <UnitOfMeasurePrice>4.76</UnitOfMeasurePrice>
      <AllowDiscount>1</AllowDiscount>
      <itemStatus>1</itemStatus>
      <LastUpdateDate />
      <LastUpdateTime />
    </Product>
    <Product>
      <PriceUpdateDate>2018/05/15 14:11</PriceUpdateDate>
      <ItemCode>7290108501827</ItemCode>
      <ItemType>1</ItemType>
      <ItemName>קדאיף שערות בצק 450  גר`וילי פוד</ItemName>
      <ManufactureName>ג.וילי-פוד אינטרנשיונל בעמ</ManufactureName>
      <ManufactureCountry />
      <ManufactureItemDescription />
      <UnitQty>יח`</UnitQty>
      <Quantity>450</Quantity>
      <UnitMeasure>גרם</UnitMeasure>
      <BisWeighted>0</BisWeighted>
      <QtyInPackage>1</QtyInPackage>
      <ItemPrice>19.90</ItemPrice>
      <UnitOfMeasurePrice>4.42</UnitOfMeasurePrice>
      <AllowDiscount>0</AllowDiscount>
      <itemStatus>1</itemStatus>
      <LastUpdateDate />
      <LastUpdateTime />
    </Product>
    <Product>
      <PriceUpdateDate>2018/12/02 08:17</PriceUpdateDate>
      <ItemCode>7290108501964</ItemCode>
      <ItemType>1</ItemType>
      <ItemName>חטיף שקדים וצימוקים HAPPY NUTS וילי פוד</ItemName>
      <ManufactureName>ג.וילי-פוד אינטרנשיונל בעמ</ManufactureName>
      <ManufactureCountry />
      <ManufactureItemDescription />
      <UnitQty>יח`</UnitQty>
      <Quantity>140</Quantity>
      <UnitMeasure>גרם</UnitMeasure>
      <BisWeighted>0</BisWeighted>
      <QtyInPackage>1</QtyInPackage>
      <ItemPrice>14.90</ItemPrice>
      <UnitOfMeasurePrice>10.64</UnitOfMeasurePrice>
      <AllowDiscount>1</AllowDiscount>
      <itemStatus>1</itemStatus>
      <LastUpdateDate />
      <LastUpdateTime />
    </Product>
    <Product>
      <PriceUpdateDate>2018/12/02 08:17</PriceUpdateDate>
      <ItemCode>7290108501988</ItemCode>
      <ItemType>1</ItemType>
      <ItemName>חטיף שקדים וחמוציות HAPPY NUTS וילי פוד</ItemName>
      <ManufactureName>ג.וילי-פוד אינטרנשיונל בעמ</ManufactureName>
      <ManufactureCountry />
      <ManufactureItemDescription />
      <UnitQty>יח`</UnitQty>
      <Quantity>140</Quantity>
      <UnitMeasure>גרם</UnitMeasure>
      <BisWeighted>0</BisWeighted>
      <QtyInPackage>1</QtyInPackage>
      <ItemPrice>14.90</ItemPrice>
      <UnitOfMeasurePrice>10.64</UnitOfMeasurePrice>
      <AllowDiscount>1</AllowDiscount>
      <itemStatus>1</itemStatus>
      <LastUpdateDate />
      <LastUpdateTime />
    </Product>
    <Product>
      <PriceUpdateDate>2018/08/09 18:41</PriceUpdateDate>
      <ItemCode>7290108502251</ItemCode>
      <ItemType>1</ItemType>
      <ItemName>קרקרים 250 גר`-טבעי  וילי פוד</ItemName>
      <ManufactureName>ג.וילי-פוד אינטרנשיונל בעמ</ManufactureName>
      <ManufactureCountry />
      <ManufactureItemDescription />
      <UnitQty>יח`</UnitQty>
      <Quantity>250</Quantity>
      <UnitMeasure>גרם</UnitMeasure>
      <BisWeighted>0</BisWeighted>
      <QtyInPackage>1</QtyInPackage>
      <ItemPrice>7.90</ItemPrice>
      <UnitOfMeasurePrice>3.16</UnitOfMeasurePrice>
      <AllowDiscount>0</AllowDiscount>
      <itemStatus>1</itemStatus>
      <LastUpdateDate />
      <LastUpdateTime />
    </Product>
    <Product>
      <PriceUpdateDate>2018/11/27 08:19</PriceUpdateDate>
      <ItemCode>7290108502381</ItemCode>
      <ItemType>1</ItemType>
      <ItemName>4 יח תחתיות לפיצה וילי פוד</ItemName>
      <ManufactureName>ג.וילי-פוד אינטרנשיונל בעמ</ManufactureName>
      <ManufactureCountry />
      <ManufactureItemDescription />
      <UnitQty>יח`</UnitQty>
      <Quantity>480</Quantity>
      <UnitMeasure>גרם</UnitMeasure>
      <BisWeighted>0</BisWeighted>
      <QtyInPackage>1</QtyInPackage>
      <ItemPrice>13.90</ItemPrice>
      <UnitOfMeasurePrice>2.90</UnitOfMeasurePrice>
      <AllowDiscount>1</AllowDiscount>
      <itemStatus>1</itemStatus>
      <LastUpdateDate />
      <LastUpdateTime />
    </Product>
    <Product>
      <PriceUpdateDate>2018/07/19 16:39</PriceUpdateDate>
      <ItemCode>7290108502626</ItemCode>
      <ItemType>1</ItemType>
      <ItemName>גבינת אדם מותכת 6יח *20גר` (120  גר`)23%</ItemName>
      <ManufactureName>ג.וילי-פוד אינטרנשיונל בעמ</ManufactureName>
      <ManufactureCountry />
      <ManufactureItemDescription />
      <UnitQty>יח`</UnitQty>
      <Quantity>120</Quantity>
      <UnitMeasure>גרם</UnitMeasure>
      <BisWeighted>0</BisWeighted>
      <QtyInPackage>1</QtyInPackage>
      <ItemPrice>14.90</ItemPrice>
      <UnitOfMeasurePrice>12.42</UnitOfMeasurePrice>
      <AllowDiscount>0</AllowDiscount>
      <itemStatus>1</itemStatus>
      <LastUpdateDate />
      <LastUpdateTime />
    </Product>
    <Product>
      <PriceUpdateDate>2018/07/19 16:39</PriceUpdateDate>
      <ItemCode>7290108502633</ItemCode>
      <ItemType>1</ItemType>
      <ItemName>גבינת צ`דר 6יח*20גר` (120  גר)26% שומן</ItemName>
      <ManufactureName>ג.וילי-פוד אינטרנשיונל בעמ</ManufactureName>
      <ManufactureCountry />
      <ManufactureItemDescription />
      <UnitQty>יח`</UnitQty>
      <Quantity>120</Quantity>
      <UnitMeasure>גרם</UnitMeasure>
      <BisWeighted>0</BisWeighted>
      <QtyInPackage>1</QtyInPackage>
      <ItemPrice>14.90</ItemPrice>
      <UnitOfMeasurePrice>12.42</UnitOfMeasurePrice>
      <AllowDiscount>0</AllowDiscount>
      <itemStatus>1</itemStatus>
      <LastUpdateDate />
      <LastUpdateTime />
    </Product>
    <Product>
      <PriceUpdateDate>2018/12/25 08:57</PriceUpdateDate>
      <ItemCode>7290108502848</ItemCode>
      <ItemType>1</ItemType>
      <ItemName>גבינת ברי עם פלפל שחור 125  גר`EURO CHEE</ItemName>
      <ManufactureName>ג.וילי-פוד אינטרנשיונל בעמ</ManufactureName>
      <ManufactureCountry />
      <ManufactureItemDescription />
      <UnitQty>יח`</UnitQty>
      <Quantity>125</Quantity>
      <UnitMeasure>גרם</UnitMeasure>
      <BisWeighted>0</BisWeighted>
      <QtyInPackage>1</QtyInPackage>
      <ItemPrice>19.90</ItemPrice>
      <UnitOfMeasurePrice>15.92</UnitOfMeasurePrice>
      <AllowDiscount>0</AllowDiscount>
      <itemStatus>1</itemStatus>
      <LastUpdateDate />
      <LastUpdateTime />
    </Product>
    <Product>
      <PriceUpdateDate>2019/04/07 08:30</PriceUpdateDate>
      <ItemCode>7290108503142</ItemCode>
      <ItemType>1</ItemType>
      <ItemName>לזנה איטלקית 500 גר` (וילי פוד)</ItemName>
      <ManufactureName>ג.וילי-פוד אינטרנשיונל בעמ</ManufactureName>
      <ManufactureCountry />
      <ManufactureItemDescription />
      <UnitQty>יח`</UnitQty>
      <Quantity>500</Quantity>
      <UnitMeasure>גרם</UnitMeasure>
      <BisWeighted>0</BisWeighted>
      <QtyInPackage>1</QtyInPackage>
      <ItemPrice>10.90</ItemPrice>
      <UnitOfMeasurePrice>2.18</UnitOfMeasurePrice>
      <AllowDiscount>1</AllowDiscount>
      <itemStatus>1</itemStatus>
      <LastUpdateDate />
      <LastUpdateTime />
    </Product>
    <Product>
      <PriceUpdateDate>2019/05/27 08:13</PriceUpdateDate>
      <ItemCode>7290108503173</ItemCode>
      <ItemType>1</ItemType>
      <ItemName>צנימים עם קמח חיטה מלא 100  גר`melba toa</ItemName>
      <ManufactureName>ג.וילי-פוד אינטרנשיונל בעמ</ManufactureName>
      <ManufactureCountry />
      <ManufactureItemDescription />
      <UnitQty>יח`</UnitQty>
      <Quantity>100</Quantity>
      <UnitMeasure>גרם</UnitMeasure>
      <BisWeighted>0</BisWeighted>
      <QtyInPackage>1</QtyInPackage>
      <ItemPrice>7.90</ItemPrice>
      <UnitOfMeasurePrice>7.90</UnitOfMeasurePrice>
      <AllowDiscount>0</AllowDiscount>
      <itemStatus>1</itemStatus>
      <LastUpdateDate />
      <LastUpdateTime />
    </Product>
    <Product>
      <PriceUpdateDate>2019/03/07 15:48</PriceUpdateDate>
      <ItemCode>7290108503289</ItemCode>
      <ItemType>1</ItemType>
      <ItemName>גלידת שרבט עם פסיפולרה 156  גר`מוצ`י</ItemName>
      <ManufactureName>ג.וילי-פוד אינטרנשיונל בעמ</ManufactureName>
      <ManufactureCountry />
      <ManufactureItemDescription />
      <UnitQty>יח`</UnitQty>
      <Quantity>156</Quantity>
      <UnitMeasure>גרם</UnitMeasure>
      <BisWeighted>0</BisWeighted>
      <QtyInPackage>1</QtyInPackage>
      <ItemPrice>19.90</ItemPrice>
      <UnitOfMeasurePrice>12.76</UnitOfMeasurePrice>
      <AllowDiscount>0</AllowDiscount>
      <itemStatus>1</itemStatus>
      <LastUpdateDate />
      <LastUpdateTime />
    </Product>
    <Product>
      <PriceUpdateDate>2019/11/04 11:39</PriceUpdateDate>
      <ItemCode>7290108503302</ItemCode>
      <ItemType>1</ItemType>
      <ItemName>ממרח חמאה 250 גר` לייט VALIO</ItemName>
      <ManufactureName>ג.וילי-פוד אינטרנשיונל בעמ</ManufactureName>
      <ManufactureCountry />
      <ManufactureItemDescription />
      <UnitQty>יח`</UnitQty>
      <Quantity>250</Quantity>
      <UnitMeasure>גרם</UnitMeasure>
      <BisWeighted>0</BisWeighted>
      <QtyInPackage>1</QtyInPackage>
      <ItemPrice>16.90</ItemPrice>
      <UnitOfMeasurePrice>6.76</UnitOfMeasurePrice>
      <AllowDiscount>1</AllowDiscount>
      <itemStatus>1</itemStatus>
      <LastUpdateDate />
      <LastUpdateTime />
    </Product>
    <Product>
      <PriceUpdateDate>2019/05/07 12:09</PriceUpdateDate>
      <ItemCode>7290108503463</ItemCode>
      <ItemType>1</ItemType>
      <ItemName>גבינת פטה 5%  שומ( 400  גר`)וילי פוד</ItemName>
      <ManufactureName>ג.וילי-פוד אינטרנשיונל בעמ</ManufactureName>
      <ManufactureCountry />
      <ManufactureItemDescription />
      <UnitQty>יח`</UnitQty>
      <Quantity>400</Quantity>
      <UnitMeasure>גרם</UnitMeasure>
      <BisWeighted>0</BisWeighted>
      <QtyInPackage>1</QtyInPackage>
      <ItemPrice>23.90</ItemPrice>
      <UnitOfMeasurePrice>5.98</UnitOfMeasurePrice>
      <AllowDiscount>0</AllowDiscount>
      <itemStatus>1</itemStatus>
      <LastUpdateDate />
      <LastUpdateTime />
    </Product>
    <Product>
      <PriceUpdateDate>2019/11/11 15:03</PriceUpdateDate>
      <ItemCode>7290108504347</ItemCode>
      <ItemType>1</ItemType>
      <ItemName>עלי גפן ממולאים באורז פיקנטי 400 גר`</ItemName>
      <ManufactureName>ג.וילי-פוד אינטרנשיונל בעמ</ManufactureName>
      <ManufactureCountry />
      <ManufactureItemDescription />
      <UnitQty>יח`</UnitQty>
      <Quantity>400</Quantity>
      <UnitMeasure>גרם</UnitMeasure>
      <BisWeighted>0</BisWeighted>
      <QtyInPackage>1</QtyInPackage>
      <ItemPrice>8.90</ItemPrice>
      <UnitOfMeasurePrice>2.23</UnitOfMeasurePrice>
      <AllowDiscount>0</AllowDiscount>
      <itemStatus>1</itemStatus>
      <LastUpdateDate />
      <LastUpdateTime />
    </Product>
    <Product>
      <PriceUpdateDate>2020/01/29 09:05</PriceUpdateDate>
      <ItemCode>7290108504590</ItemCode>
      <ItemType>1</ItemType>
      <ItemName>תפוחונים-תפוחי  עץ מיובשים  (10010*10 גר</ItemName>
      <ManufactureName>ג.וילי-פוד אינטרנשיונל בעמ</ManufactureName>
      <ManufactureCountry />
      <ManufactureItemDescription />
      <UnitQty>יח`</UnitQty>
      <Quantity>100</Quantity>
      <UnitMeasure>גרם</UnitMeasure>
      <BisWeighted>0</BisWeighted>
      <QtyInPackage>1</QtyInPackage>
      <ItemPrice>18.90</ItemPrice>
      <UnitOfMeasurePrice>18.90</UnitOfMeasurePrice>
      <AllowDiscount>0</AllowDiscount>
      <itemStatus>1</itemStatus>
      <LastUpdateDate />
      <LastUpdateTime />
    </Product>
    <Product>
      <PriceUpdateDate>2018/02/07 10:44</PriceUpdateDate>
      <ItemCode>7290109350882</ItemCode>
      <ItemType>1</ItemType>
      <ItemName>חטיפי פריכיות עם זעתר 23גר - אסם</ItemName>
      <ManufactureName>קבוצת אסם סחר שות. מוגבלת</ManufactureName>
      <ManufactureCountry />
      <ManufactureItemDescription />
      <UnitQty>יח`</UnitQty>
      <Quantity>23</Quantity>
      <UnitMeasure>גרם</UnitMeasure>
      <BisWeighted>0</BisWeighted>
      <QtyInPackage>1</QtyInPackage>
      <ItemPrice>4.90</ItemPrice>
      <UnitOfMeasurePrice>21.30</UnitOfMeasurePrice>
      <AllowDiscount>0</AllowDiscount>
      <itemStatus>1</itemStatus>
      <LastUpdateDate />
      <LastUpdateTime />
    </Product>
    <Product>
      <PriceUpdateDate>2018/01/29 11:30</PriceUpdateDate>
      <ItemCode>7290109351025</ItemCode>
      <ItemType>1</ItemType>
      <ItemName>חומוסטחינה חלק צבר (400 גרם)</ItemName>
      <ManufactureName>קבוצת אסם סחר שות. מוגבלת</ManufactureName>
      <ManufactureCountry />
      <ManufactureItemDescription />
      <UnitQty>יח`</UnitQty>
      <Quantity>400</Quantity>
      <UnitMeasure>גרם</UnitMeasure>
      <BisWeighted>0</BisWeighted>
      <QtyInPackage>1</QtyInPackage>
      <ItemPrice>13.90</ItemPrice>
      <UnitOfMeasurePrice>3.48</UnitOfMeasurePrice>
      <AllowDiscount>1</AllowDiscount>
      <itemStatus>1</itemStatus>
      <LastUpdateDate />
      <LastUpdateTime />
    </Product>
    <Product>
      <PriceUpdateDate>2017/12/25 08:39</PriceUpdateDate>
      <ItemCode>7290109351315</ItemCode>
      <ItemType>1</ItemType>
      <ItemName>ביסלי חטיף בטעם סלסה פיקנטית 70 גר` אס</ItemName>
      <ManufactureName>קבוצת אסם סחר שות. מוגבלת</ManufactureName>
      <ManufactureCountry />
      <ManufactureItemDescription />
      <UnitQty>יח`</UnitQty>
      <Quantity>70</Quantity>
      <UnitMeasure>גרם</UnitMeasure>
      <BisWeighted>0</BisWeighted>
      <QtyInPackage>1</QtyInPackage>
      <ItemPrice>3.90</ItemPrice>
      <UnitOfMeasurePrice>5.57</UnitOfMeasurePrice>
      <AllowDiscount>1</AllowDiscount>
      <itemStatus>1</itemStatus>
      <LastUpdateDate />
      <LastUpdateTime />
    </Product>
    <Product>
      <PriceUpdateDate>2016/12/14 09:54</PriceUpdateDate>
      <ItemCode>7290109351957</ItemCode>
      <ItemType>1</ItemType>
      <ItemName>פיטנס פריכיות גדולות שוקולד 100 גרם</ItemName>
      <ManufactureName>קבוצת אסם סחר שות. מוגבלת</ManufactureName>
      <ManufactureCountry />
      <ManufactureItemDescription />
      <UnitQty>יח`</UnitQty>
      <Quantity>100</Quantity>
      <UnitMeasure>גרם</UnitMeasure>
      <BisWeighted>0</BisWeighted>
      <QtyInPackage>1</QtyInPackage>
      <ItemPrice>7.90</ItemPrice>
      <UnitOfMeasurePrice>7.90</UnitOfMeasurePrice>
      <AllowDiscount>0</AllowDiscount>
      <itemStatus>1</itemStatus>
      <LastUpdateDate />
      <LastUpdateTime />
    </Product>
    <Product>
      <PriceUpdateDate>2016/09/04 11:27</PriceUpdateDate>
      <ItemCode>7290109351971</ItemCode>
      <ItemType>1</ItemType>
      <ItemName>פיטנס בר פריכיות שוקולד חלב 84 גרם</ItemName>
      <ManufactureName>קבוצת אסם סחר שות. מוגבלת</ManufactureName>
      <ManufactureCountry />
      <ManufactureItemDescription />
      <UnitQty>יח`</UnitQty>
      <Quantity>84</Quantity>
      <UnitMeasure>גרם</UnitMeasure>
      <BisWeighted>0</BisWeighted>
      <QtyInPackage>1</QtyInPackage>
      <ItemPrice>14.90</ItemPrice>
      <UnitOfMeasurePrice>17.74</UnitOfMeasurePrice>
      <AllowDiscount>0</AllowDiscount>
      <itemStatus>1</itemStatus>
      <LastUpdateDate />
      <LastUpdateTime />
    </Product>
    <Product>
      <PriceUpdateDate>2016/09/29 08:15</PriceUpdateDate>
      <ItemCode>7290109354019</ItemCode>
      <ItemType>1</ItemType>
      <ItemName>מנה חמה קוסקוס עם עדשים אסם (87 גרם)</ItemName>
      <ManufactureName>קבוצת אסם סחר שות. מוגבלת</ManufactureName>
      <ManufactureCountry />
      <ManufactureItemDescription />
      <UnitQty>יח`</UnitQty>
      <Quantity>87</Quantity>
      <UnitMeasure>גרם</UnitMeasure>
      <BisWeighted>0</BisWeighted>
      <QtyInPackage>1</QtyInPackage>
      <ItemPrice>6.90</ItemPrice>
      <UnitOfMeasurePrice>7.93</UnitOfMeasurePrice>
      <AllowDiscount>1</AllowDiscount>
      <itemStatus>1</itemStatus>
      <LastUpdateDate />
      <LastUpdateTime />
    </Product>
    <Product>
      <PriceUpdateDate>2018/06/24 08:26</PriceUpdateDate>
      <ItemCode>7290109354330</ItemCode>
      <ItemType>1</ItemType>
      <ItemName>צבר אריסה 180 גר`</ItemName>
      <ManufactureName>קבוצת אסם סחר שות. מוגבלת</ManufactureName>
      <ManufactureCountry />
      <ManufactureItemDescription />
      <UnitQty>יח`</UnitQty>
      <Quantity>180</Quantity>
      <UnitMeasure>גרם</UnitMeasure>
      <BisWeighted>0</BisWeighted>
      <QtyInPackage>1</QtyInPackage>
      <ItemPrice>10.90</ItemPrice>
      <UnitOfMeasurePrice>6.06</UnitOfMeasurePrice>
      <AllowDiscount>0</AllowDiscount>
      <itemStatus>1</itemStatus>
      <LastUpdateDate />
      <LastUpdateTime />
    </Product>
    <Product>
      <PriceUpdateDate>2016/08/16 10:05</PriceUpdateDate>
      <ItemCode>7290109354972</ItemCode>
      <ItemType>1</ItemType>
      <ItemName>ביסקוויט פתי בר ללא גלוטן אסם (200 גרם)</ItemName>
      <ManufactureName>קבוצת אסם סחר שות. מוגבלת</ManufactureName>
      <ManufactureCountry />
      <ManufactureItemDescription />
      <UnitQty>יח`</UnitQty>
      <Quantity>200</Quantity>
      <UnitMeasure>גרם</UnitMeasure>
      <BisWeighted>0</BisWeighted>
      <QtyInPackage>1</QtyInPackage>
      <ItemPrice>9.90</ItemPrice>
      <UnitOfMeasurePrice>4.95</UnitOfMeasurePrice>
      <AllowDiscount>1</AllowDiscount>
      <itemStatus>1</itemStatus>
      <LastUpdateDate />
      <LastUpdateTime />
    </Product>
    <Product>
      <PriceUpdateDate>2016/08/16 10:05</PriceUpdateDate>
      <ItemCode>7290109354996</ItemCode>
      <ItemType>1</ItemType>
      <ItemName>פתי בר שוקו ללא גלוטן 200 גרם</ItemName>
      <ManufactureName>קבוצת אסם סחר שות. מוגבלת</ManufactureName>
      <ManufactureCountry />
      <ManufactureItemDescription />
      <UnitQty>יח`</UnitQty>
      <Quantity>200</Quantity>
      <UnitMeasure>גרם</UnitMeasure>
      <BisWeighted>0</BisWeighted>
      <QtyInPackage>1</QtyInPackage>
      <ItemPrice>9.90</ItemPrice>
      <UnitOfMeasurePrice>4.95</UnitOfMeasurePrice>
      <AllowDiscount>1</AllowDiscount>
      <itemStatus>1</itemStatus>
      <LastUpdateDate />
      <LastUpdateTime />
    </Product>
    <Product>
      <PriceUpdateDate>2017/08/06 08:17</PriceUpdateDate>
      <ItemCode>7290109358284</ItemCode>
      <ItemType>1</ItemType>
      <ItemName>טבעול-שניצל תירס עם חלבון 664 גר`</ItemName>
      <ManufactureName>קבוצת אסם סחר שות. מוגבלת</ManufactureName>
      <ManufactureCountry />
      <ManufactureItemDescription />
      <UnitQty>יח`</UnitQty>
      <Quantity>664</Quantity>
      <UnitMeasure>גרם</UnitMeasure>
      <BisWeighted>0</BisWeighted>
      <QtyInPackage>1</QtyInPackage>
      <ItemPrice>24.90</ItemPrice>
      <UnitOfMeasurePrice>3.75</UnitOfMeasurePrice>
      <AllowDiscount>0</AllowDiscount>
      <itemStatus>1</itemStatus>
      <LastUpdateDate />
      <LastUpdateTime />
    </Product>
    <Product>
      <PriceUpdateDate>2018/07/04 08:31</PriceUpdateDate>
      <ItemCode>7290109358765</ItemCode>
      <ItemType>1</ItemType>
      <ItemName>קראנץ` רולס 450 גר דגני בוקר</ItemName>
      <ManufactureName>קבוצת אסם סחר שות. מוגבלת</ManufactureName>
      <ManufactureCountry />
      <ManufactureItemDescription />
      <UnitQty>יח`</UnitQty>
      <Quantity>450</Quantity>
      <UnitMeasure>גרם</UnitMeasure>
      <BisWeighted>0</BisWeighted>
      <QtyInPackage>1</QtyInPackage>
      <ItemPrice>26.90</ItemPrice>
      <UnitOfMeasurePrice>5.98</UnitOfMeasurePrice>
      <AllowDiscount>1</AllowDiscount>
      <itemStatus>1</itemStatus>
      <LastUpdateDate />
      <LastUpdateTime />
    </Product>
    <Product>
      <PriceUpdateDate>2020/03/30 10:32</PriceUpdateDate>
      <ItemCode>7290109580005</ItemCode>
      <ItemType>1</ItemType>
      <ItemName>המבורגר אנטריקוט בתוספת פטריות יער 360 ג</ItemName>
      <ManufactureName>זוגלובק שיווק בעמ</ManufactureName>
      <ManufactureCountry />
      <ManufactureItemDescription />
      <UnitQty>יח`</UnitQty>
      <Quantity>360</Quantity>
      <UnitMeasure>גרם</UnitMeasure>
      <BisWeighted>0</BisWeighted>
      <QtyInPackage>1</QtyInPackage>
      <ItemPrice>23.90</ItemPrice>
      <UnitOfMeasurePrice>6.64</UnitOfMeasurePrice>
      <AllowDiscount>0</AllowDiscount>
      <itemStatus>1</itemStatus>
      <LastUpdateDate />
      <LastUpdateTime />
    </Product>
    <Product>
      <PriceUpdateDate>2020/03/30 10:32</PriceUpdateDate>
      <ItemCode>7290109580012</ItemCode>
      <ItemType>1</ItemType>
      <ItemName>המבורגר אנטריקוט קלאסי 360 גר` זוגלובק</ItemName>
      <ManufactureName>זוגלובק שיווק בעמ</ManufactureName>
      <ManufactureCountry />
      <ManufactureItemDescription />
      <UnitQty>יח`</UnitQty>
      <Quantity>360</Quantity>
      <UnitMeasure>גרם</UnitMeasure>
      <BisWeighted>0</BisWeighted>
      <QtyInPackage>1</QtyInPackage>
      <ItemPrice>23.90</ItemPrice>
      <UnitOfMeasurePrice>6.64</UnitOfMeasurePrice>
      <AllowDiscount>0</AllowDiscount>
      <itemStatus>1</itemStatus>
      <LastUpdateDate />
      <LastUpdateTime />
    </Product>
    <Product>
      <PriceUpdateDate>2020/03/30 10:32</PriceUpdateDate>
      <ItemCode>7290109580029</ItemCode>
      <ItemType>1</ItemType>
      <ItemName>בורגר אנטיקוט ספייסי 360 גר` זוגלובק</ItemName>
      <ManufactureName>זוגלובק שיווק בעמ</ManufactureName>
      <ManufactureCountry />
      <ManufactureItemDescription />
      <UnitQty>יח`</UnitQty>
      <Quantity>360</Quantity>
      <UnitMeasure>גרם</UnitMeasure>
      <BisWeighted>0</BisWeighted>
      <QtyInPackage>1</QtyInPackage>
      <ItemPrice>23.90</ItemPrice>
      <UnitOfMeasurePrice>6.64</UnitOfMeasurePrice>
      <AllowDiscount>0</AllowDiscount>
      <itemStatus>1</itemStatus>
      <LastUpdateDate />
      <LastUpdateTime />
    </Product>
    <Product>
      <PriceUpdateDate>2016/10/09 08:16</PriceUpdateDate>
      <ItemCode>7290109920146</ItemCode>
      <ItemType>1</ItemType>
      <ItemName>דורגול מסיר אבנית מקומקום 750-מל</ItemName>
      <ManufactureName>יעקב יעקבי ובניו בעמ</ManufactureName>
      <ManufactureCountry />
      <ManufactureItemDescription />
      <UnitQty>יח`</UnitQty>
      <Quantity>750</Quantity>
      <UnitMeasure>מ"ל</UnitMeasure>
      <BisWeighted>0</BisWeighted>
      <QtyInPackage>1</QtyInPackage>
      <ItemPrice>19.90</ItemPrice>
      <UnitOfMeasurePrice>2.65</UnitOfMeasurePrice>
      <AllowDiscount>0</AllowDiscount>
      <itemStatus>1</itemStatus>
      <LastUpdateDate />
      <LastUpdateTime />
    </Product>
    <Product>
      <PriceUpdateDate>2017/12/17 08:17</PriceUpdateDate>
      <ItemCode>7290109920313</ItemCode>
      <ItemType>1</ItemType>
      <ItemName>אסטוניש מרסס מבריק שמשות</ItemName>
      <ManufactureName>יעקב יעקבי ובניו בעמ</ManufactureName>
      <ManufactureCountry />
      <ManufactureItemDescription />
      <UnitQty>יח`</UnitQty>
      <Quantity>750</Quantity>
      <UnitMeasure>מ"ל</UnitMeasure>
      <BisWeighted>0</BisWeighted>
      <QtyInPackage>1</QtyInPackage>
      <ItemPrice>11.90</ItemPrice>
      <UnitOfMeasurePrice>1.59</UnitOfMeasurePrice>
      <AllowDiscount>0</AllowDiscount>
      <itemStatus>1</itemStatus>
      <LastUpdateDate />
      <LastUpdateTime />
    </Product>
    <Product>
      <PriceUpdateDate>2017/12/17 08:17</PriceUpdateDate>
      <ItemCode>7290109920597</ItemCode>
      <ItemType>1</ItemType>
      <ItemName>אסטוניש מרסס למקלחון</ItemName>
      <ManufactureName>יעקב יעקבי ובניו בעמ</ManufactureName>
      <ManufactureCountry />
      <ManufactureItemDescription />
      <UnitQty>יח`</UnitQty>
      <Quantity>750</Quantity>
      <UnitMeasure>מ"ל</UnitMeasure>
      <BisWeighted>0</BisWeighted>
      <QtyInPackage>1</QtyInPackage>
      <ItemPrice>11.90</ItemPrice>
      <UnitOfMeasurePrice>1.59</UnitOfMeasurePrice>
      <AllowDiscount>0</AllowDiscount>
      <itemStatus>1</itemStatus>
      <LastUpdateDate />
      <LastUpdateTime />
    </Product>
    <Product>
      <PriceUpdateDate>2018/02/22 08:20</PriceUpdateDate>
      <ItemCode>7290109920603</ItemCode>
      <ItemType>1</ItemType>
      <ItemName>אסטוניש קרם מטבח 500 מל</ItemName>
      <ManufactureName>יעקב יעקבי ובניו בעמ</ManufactureName>
      <ManufactureCountry />
      <ManufactureItemDescription />
      <UnitQty>יח`</UnitQty>
      <Quantity>500</Quantity>
      <UnitMeasure>מ"ל</UnitMeasure>
      <BisWeighted>0</BisWeighted>
      <QtyInPackage>1</QtyInPackage>
      <ItemPrice>17.90</ItemPrice>
      <UnitOfMeasurePrice>3.58</UnitOfMeasurePrice>
      <AllowDiscount>0</AllowDiscount>
      <itemStatus>1</itemStatus>
      <LastUpdateDate />
      <LastUpdateTime />
    </Product>
    <Product>
      <PriceUpdateDate>2018/02/22 08:20</PriceUpdateDate>
      <ItemCode>7290109920627</ItemCode>
      <ItemType>1</ItemType>
      <ItemName>אסטוניש קרם אמבט ניקוי עם אקנומיקה 500 מ</ItemName>
      <ManufactureName>יעקב יעקבי ובניו בעמ</ManufactureName>
      <ManufactureCountry />
      <ManufactureItemDescription />
      <UnitQty>יח`</UnitQty>
      <Quantity>500</Quantity>
      <UnitMeasure>מ"ל</UnitMeasure>
      <BisWeighted>0</BisWeighted>
      <QtyInPackage>1</QtyInPackage>
      <ItemPrice>17.90</ItemPrice>
      <UnitOfMeasurePrice>3.58</UnitOfMeasurePrice>
      <AllowDiscount>0</AllowDiscount>
      <itemStatus>1</itemStatus>
      <LastUpdateDate />
      <LastUpdateTime />
    </Product>
    <Product>
      <PriceUpdateDate>2017/12/17 08:17</PriceUpdateDate>
      <ItemCode>7290109920740</ItemCode>
      <ItemType>1</ItemType>
      <ItemName>הפי מרכך כביסה מרוכז 1 ליטר לבנדר יעקובי</ItemName>
      <ManufactureName>יעקב יעקבי ובניו בעמ</ManufactureName>
      <ManufactureCountry />
      <ManufactureItemDescription />
      <UnitQty>יח`</UnitQty>
      <Quantity>1</Quantity>
      <UnitMeasure>1 ליטר</UnitMeasure>
      <BisWeighted>0</BisWeighted>
      <QtyInPackage>1</QtyInPackage>
      <ItemPrice>19.90</ItemPrice>
      <UnitOfMeasurePrice>19.90</UnitOfMeasurePrice>
      <AllowDiscount>0</AllowDiscount>
      <itemStatus>1</itemStatus>
      <LastUpdateDate />
      <LastUpdateTime />
    </Product>
    <Product>
      <PriceUpdateDate>2019/04/10 11:28</PriceUpdateDate>
      <ItemCode>7290109921372</ItemCode>
      <ItemType>1</ItemType>
      <ItemName>אסטוניש משחה לתנורים+ספוג  250 גר`</ItemName>
      <ManufactureName>יעקב יעקבי ובניו בעמ</ManufactureName>
      <ManufactureCountry />
      <ManufactureItemDescription />
      <UnitQty>יח`</UnitQty>
      <Quantity>250</Quantity>
      <UnitMeasure>מ"ל</UnitMeasure>
      <BisWeighted>0</BisWeighted>
      <QtyInPackage>1</QtyInPackage>
      <ItemPrice>17.90</ItemPrice>
      <UnitOfMeasurePrice>7.16</UnitOfMeasurePrice>
      <AllowDiscount>0</AllowDiscount>
      <itemStatus>1</itemStatus>
      <LastUpdateDate />
      <LastUpdateTime />
    </Product>
    <Product>
      <PriceUpdateDate>2017/06/25 09:08</PriceUpdateDate>
      <ItemCode>7290110058869</ItemCode>
      <ItemType>1</ItemType>
      <ItemName>שלישיית ביצי שוקולד-סמי  הכבאי</ItemName>
      <ManufactureName>שמחה זה אנחנו בעמ</ManufactureName>
      <ManufactureCountry />
      <ManufactureItemDescription />
      <UnitQty>יח`</UnitQty>
      <Quantity>60</Quantity>
      <UnitMeasure>גרם</UnitMeasure>
      <BisWeighted>0</BisWeighted>
      <QtyInPackage>1</QtyInPackage>
      <ItemPrice>12.90</ItemPrice>
      <UnitOfMeasurePrice>21.50</UnitOfMeasurePrice>
      <AllowDiscount>0</AllowDiscount>
      <itemStatus>1</itemStatus>
      <LastUpdateDate />
      <LastUpdateTime />
    </Product>
    <Product>
      <PriceUpdateDate>2018/11/11 08:17</PriceUpdateDate>
      <ItemCode>7290110110017</ItemCode>
      <ItemType>1</ItemType>
      <ItemName>משקה תות פאנטה (1.5 ליטר)</ItemName>
      <ManufactureName>החברה המרכזית להפצת משקאות בעמ</ManufactureName>
      <ManufactureCountry />
      <ManufactureItemDescription />
      <UnitQty>יח`</UnitQty>
      <Quantity>1.50</Quantity>
      <UnitMeasure>1 ליטר</UnitMeasure>
      <BisWeighted>0</BisWeighted>
      <QtyInPackage>1</QtyInPackage>
      <ItemPrice>7.70</ItemPrice>
      <UnitOfMeasurePrice>5.13</UnitOfMeasurePrice>
      <AllowDiscount>0</AllowDiscount>
      <itemStatus>1</itemStatus>
      <LastUpdateDate />
      <LastUpdateTime />
    </Product>
    <Product>
      <PriceUpdateDate>2018/04/16 14:14</PriceUpdateDate>
      <ItemCode>7290110110277</ItemCode>
      <ItemType>1</ItemType>
      <ItemName>סיידר סומרסבי רביעייה 330 מל</ItemName>
      <ManufactureName>החברה המרכזית להפצת משקאות בעמ</ManufactureName>
      <ManufactureCountry />
      <ManufactureItemDescription />
      <UnitQty>יח`</UnitQty>
      <Quantity>1320</Quantity>
      <UnitMeasure>מ"ל</UnitMeasure>
      <BisWeighted>0</BisWeighted>
      <QtyInPackage>1</QtyInPackage>
      <ItemPrice>35.90</ItemPrice>
      <UnitOfMeasurePrice>2.63</UnitOfMeasurePrice>
      <AllowDiscount>0</AllowDiscount>
      <itemStatus>1</itemStatus>
      <LastUpdateDate />
      <LastUpdateTime />
    </Product>
    <Product>
      <PriceUpdateDate>2018/11/11 08:17</PriceUpdateDate>
      <ItemCode>7290110110413</ItemCode>
      <ItemType>1</ItemType>
      <ItemName>פריגת צלול בטעם ענבים 1.5 ליטר</ItemName>
      <ManufactureName>החברה המרכזית להפצת משקאות בעמ</ManufactureName>
      <ManufactureCountry />
      <ManufactureItemDescription />
      <UnitQty>יח`</UnitQty>
      <Quantity>1500</Quantity>
      <UnitMeasure>מ"ל</UnitMeasure>
      <BisWeighted>0</BisWeighted>
      <QtyInPackage>1</QtyInPackage>
      <ItemPrice>7.20</ItemPrice>
      <UnitOfMeasurePrice>0.48</UnitOfMeasurePrice>
      <AllowDiscount>1</AllowDiscount>
      <itemStatus>1</itemStatus>
      <LastUpdateDate />
      <LastUpdateTime />
    </Product>
    <Product>
      <PriceUpdateDate>2018/11/11 08:17</PriceUpdateDate>
      <ItemCode>7290110110420</ItemCode>
      <ItemType>1</ItemType>
      <ItemName>פריגת צלול בטעם תפוחים 1.5 ליטר</ItemName>
      <ManufactureName>החברה המרכזית להפצת משקאות בעמ</ManufactureName>
      <ManufactureCountry />
      <ManufactureItemDescription />
      <UnitQty>יח`</UnitQty>
      <Quantity>1500</Quantity>
      <UnitMeasure>מ"ל</UnitMeasure>
      <BisWeighted>0</BisWeighted>
      <QtyInPackage>1</QtyInPackage>
      <ItemPrice>7.20</ItemPrice>
      <UnitOfMeasurePrice>0.48</UnitOfMeasurePrice>
      <AllowDiscount>1</AllowDiscount>
      <itemStatus>1</itemStatus>
      <LastUpdateDate />
      <LastUpdateTime />
    </Product>
    <Product>
      <PriceUpdateDate>2018/11/11 08:17</PriceUpdateDate>
      <ItemCode>7290110110437</ItemCode>
      <ItemType>1</ItemType>
      <ItemName>פריגת צלול בטעם אפרסק 1.5 ליטר</ItemName>
      <ManufactureName>החברה המרכזית להפצת משקאות בעמ</ManufactureName>
      <ManufactureCountry />
      <ManufactureItemDescription />
      <UnitQty>יח`</UnitQty>
      <Quantity>1500</Quantity>
      <UnitMeasure>מ"ל</UnitMeasure>
      <BisWeighted>0</BisWeighted>
      <QtyInPackage>1</QtyInPackage>
      <ItemPrice>7.20</ItemPrice>
      <UnitOfMeasurePrice>0.48</UnitOfMeasurePrice>
      <AllowDiscount>1</AllowDiscount>
      <itemStatus>1</itemStatus>
      <LastUpdateDate />
      <LastUpdateTime />
    </Product>
    <Product>
      <PriceUpdateDate>2018/11/11 08:17</PriceUpdateDate>
      <ItemCode>7290110110444</ItemCode>
      <ItemType>1</ItemType>
      <ItemName>פריגת צלול בטעם אננס 1.5 ליטר</ItemName>
      <ManufactureName>החברה המרכזית להפצת משקאות בעמ</ManufactureName>
      <ManufactureCountry />
      <ManufactureItemDescription />
      <UnitQty>יח`</UnitQty>
      <Quantity>1500</Quantity>
      <UnitMeasure>מ"ל</UnitMeasure>
      <BisWeighted>0</BisWeighted>
      <QtyInPackage>1</QtyInPackage>
      <ItemPrice>7.20</ItemPrice>
      <UnitOfMeasurePrice>0.48</UnitOfMeasurePrice>
      <AllowDiscount>1</AllowDiscount>
      <itemStatus>1</itemStatus>
      <LastUpdateDate />
      <LastUpdateTime />
    </Product>
    <Product>
      <PriceUpdateDate>2018/11/11 08:17</PriceUpdateDate>
      <ItemCode>7290110110581</ItemCode>
      <ItemType>1</ItemType>
      <ItemName>בקבוק קוקה-קולהז זירו נטול (1.5 ליטר)</ItemName>
      <ManufactureName>החברה המרכזית להפצת משקאות בעמ</ManufactureName>
      <ManufactureCountry />
      <ManufactureItemDescription />
      <UnitQty>יח`</UnitQty>
      <Quantity>1500</Quantity>
      <UnitMeasure>מ"ל</UnitMeasure>
      <BisWeighted>0</BisWeighted>
      <QtyInPackage>1</QtyInPackage>
      <ItemPrice>6.90</ItemPrice>
      <UnitOfMeasurePrice>0.46</UnitOfMeasurePrice>
      <AllowDiscount>0</AllowDiscount>
      <itemStatus>1</itemStatus>
      <LastUpdateDate />
      <LastUpdateTime />
    </Product>
    <Product>
      <PriceUpdateDate>2018/11/11 08:17</PriceUpdateDate>
      <ItemCode>7290110110598</ItemCode>
      <ItemType>1</ItemType>
      <ItemName>בקבוק קוקה-קולה זירו לימון 1.5 ליטר</ItemName>
      <ManufactureName>החברה המרכזית להפצת משקאות בעמ</ManufactureName>
      <ManufactureCountry />
      <ManufactureItemDescription />
      <UnitQty>יח`</UnitQty>
      <Quantity>1500</Quantity>
      <UnitMeasure>מ"ל</UnitMeasure>
      <BisWeighted>0</BisWeighted>
      <QtyInPackage>1</QtyInPackage>
      <ItemPrice>6.90</ItemPrice>
      <UnitOfMeasurePrice>0.46</UnitOfMeasurePrice>
      <AllowDiscount>0</AllowDiscount>
      <itemStatus>1</itemStatus>
      <LastUpdateDate />
      <LastUpdateTime />
    </Product>
    <Product>
      <PriceUpdateDate>2018/04/16 14:14</PriceUpdateDate>
      <ItemCode>7290110110611</ItemCode>
      <ItemType>1</ItemType>
      <ItemName>ספרייט ליים 1.5 ליטר</ItemName>
      <ManufactureName>החברה המרכזית להפצת משקאות בעמ</ManufactureName>
      <ManufactureCountry />
      <ManufactureItemDescription />
      <UnitQty>יח`</UnitQty>
      <Quantity>1.50</Quantity>
      <UnitMeasure>1 ליטר</UnitMeasure>
      <BisWeighted>0</BisWeighted>
      <QtyInPackage>1</QtyInPackage>
      <ItemPrice>6.90</ItemPrice>
      <UnitOfMeasurePrice>4.60</UnitOfMeasurePrice>
      <AllowDiscount>0</AllowDiscount>
      <itemStatus>1</itemStatus>
      <LastUpdateDate />
      <LastUpdateTime />
    </Product>
    <Product>
      <PriceUpdateDate>2018/11/11 08:17</PriceUpdateDate>
      <ItemCode>7290110110628</ItemCode>
      <ItemType>1</ItemType>
      <ItemName>מארז משקה מוגז בטעם לימון ליים ספרייט 6x</ItemName>
      <ManufactureName>החברה המרכזית להפצת משקאות בעמ</ManufactureName>
      <ManufactureCountry />
      <ManufactureItemDescription />
      <UnitQty>יח`</UnitQty>
      <Quantity>9</Quantity>
      <UnitMeasure>1 ליטר</UnitMeasure>
      <BisWeighted>0</BisWeighted>
      <QtyInPackage>1</QtyInPackage>
      <ItemPrice>37.90</ItemPrice>
      <UnitOfMeasurePrice>4.21</UnitOfMeasurePrice>
      <AllowDiscount>0</AllowDiscount>
      <itemStatus>1</itemStatus>
      <LastUpdateDate />
      <LastUpdateTime />
    </Product>
    <Product>
      <PriceUpdateDate>2018/04/13 10:24</PriceUpdateDate>
      <ItemCode>7290110110659</ItemCode>
      <ItemType>1</ItemType>
      <ItemName>פחית ספרייט ליים 330 מל סליק</ItemName>
      <ManufactureName>החברה המרכזית להפצת משקאות בעמ</ManufactureName>
      <ManufactureCountry />
      <ManufactureItemDescription />
      <UnitQty>יח`</UnitQty>
      <Quantity>330</Quantity>
      <UnitMeasure>מ"ל</UnitMeasure>
      <BisWeighted>0</BisWeighted>
      <QtyInPackage>1</QtyInPackage>
      <ItemPrice>4.50</ItemPrice>
      <UnitOfMeasurePrice>1.27</UnitOfMeasurePrice>
      <AllowDiscount>1</AllowDiscount>
      <itemStatus>1</itemStatus>
      <LastUpdateDate />
      <LastUpdateTime />
    </Product>
    <Product>
      <PriceUpdateDate>2018/11/11 08:17</PriceUpdateDate>
      <ItemCode>7290110110758</ItemCode>
      <ItemType>1</ItemType>
      <ItemName>פיוז טי לימון נענע 1.5 ליטר</ItemName>
      <ManufactureName>החברה המרכזית להפצת משקאות בעמ</ManufactureName>
      <ManufactureCountry />
      <ManufactureItemDescription />
      <UnitQty>יח`</UnitQty>
      <Quantity>1500</Quantity>
      <UnitMeasure>מ"ל</UnitMeasure>
      <BisWeighted>0</BisWeighted>
      <QtyInPackage>1</QtyInPackage>
      <ItemPrice>7.20</ItemPrice>
      <UnitOfMeasurePrice>0.48</UnitOfMeasurePrice>
      <AllowDiscount>0</AllowDiscount>
      <itemStatus>1</itemStatus>
      <LastUpdateDate />
      <LastUpdateTime />
    </Product>
    <Product>
      <PriceUpdateDate>2019/10/02 11:23</PriceUpdateDate>
      <ItemCode>7290110111045</ItemCode>
      <ItemType>1</ItemType>
      <ItemName>בירה קרלסברג שישייה (330x6 מל)</ItemName>
      <ManufactureName>החברה המרכזית להפצת משקאות בעמ</ManufactureName>
      <ManufactureCountry />
      <ManufactureItemDescription />
      <UnitQty>יח`</UnitQty>
      <Quantity>1.98</Quantity>
      <UnitMeasure>1 ליטר</UnitMeasure>
      <BisWeighted>0</BisWeighted>
      <QtyInPackage>1</QtyInPackage>
      <ItemPrice>36.90</ItemPrice>
      <UnitOfMeasurePrice>17.73</UnitOfMeasurePrice>
      <AllowDiscount>0</AllowDiscount>
      <itemStatus>1</itemStatus>
      <LastUpdateDate />
      <LastUpdateTime />
    </Product>
    <Product>
      <PriceUpdateDate>2019/05/15 14:17</PriceUpdateDate>
      <ItemCode>7290110111694</ItemCode>
      <ItemType>1</ItemType>
      <ItemName>פריגת צלול בטעם לימוענע 1.5 ליטר</ItemName>
      <ManufactureName>החברה המרכזית להפצת משקאות בעמ</ManufactureName>
      <ManufactureCountry />
      <ManufactureItemDescription />
      <UnitQty>יח`</UnitQty>
      <Quantity>1500</Quantity>
      <UnitMeasure>מ"ל</UnitMeasure>
      <BisWeighted>0</BisWeighted>
      <QtyInPackage>1</QtyInPackage>
      <ItemPrice>7.20</ItemPrice>
      <UnitOfMeasurePrice>0.48</UnitOfMeasurePrice>
      <AllowDiscount>1</AllowDiscount>
      <itemStatus>1</itemStatus>
      <LastUpdateDate />
      <LastUpdateTime />
    </Product>
    <Product>
      <PriceUpdateDate>2019/03/07 15:48</PriceUpdateDate>
      <ItemCode>7290110112134</ItemCode>
      <ItemType>1</ItemType>
      <ItemName>פיוז תה גרין פירות יער 1.5 ליטר</ItemName>
      <ManufactureName>החברה המרכזית להפצת משקאות בעמ</ManufactureName>
      <ManufactureCountry />
      <ManufactureItemDescription />
      <UnitQty>יח`</UnitQty>
      <Quantity>1</Quantity>
      <UnitMeasure />
      <BisWeighted>0</BisWeighted>
      <QtyInPackage>1</QtyInPackage>
      <ItemPrice>7.20</ItemPrice>
      <UnitOfMeasurePrice>7.20</UnitOfMeasurePrice>
      <AllowDiscount>0</AllowDiscount>
      <itemStatus>1</itemStatus>
      <LastUpdateDate />
      <LastUpdateTime />
    </Product>
    <Product>
      <PriceUpdateDate>2019/07/15 09:48</PriceUpdateDate>
      <ItemCode>7290110112257</ItemCode>
      <ItemType>1</ItemType>
      <ItemName>פחית קוקה קולה 250 מל+קפה </ItemName>
      <ManufactureName>החברה המרכזית להפצת משקאות בעמ</ManufactureName>
      <ManufactureCountry />
      <ManufactureItemDescription />
      <UnitQty>יח`</UnitQty>
      <Quantity>250</Quantity>
      <UnitMeasure>מ"ל</UnitMeasure>
      <BisWeighted>0</BisWeighted>
      <QtyInPackage>1</QtyInPackage>
      <ItemPrice>3.90</ItemPrice>
      <UnitOfMeasurePrice>1.44</UnitOfMeasurePrice>
      <AllowDiscount>0</AllowDiscount>
      <itemStatus>1</itemStatus>
      <LastUpdateDate />
      <LastUpdateTime />
    </Product>
    <Product>
      <PriceUpdateDate>2019/07/09 07:10</PriceUpdateDate>
      <ItemCode>7290110112325</ItemCode>
      <ItemType>1</ItemType>
      <ItemName>פריגת 1.5 ליטר אננס קוקוס</ItemName>
      <ManufactureName>החברה המרכזית להפצת משקאות בעמ</ManufactureName>
      <ManufactureCountry />
      <ManufactureItemDescription />
      <UnitQty>יח`</UnitQty>
      <Quantity>1</Quantity>
      <UnitMeasure />
      <BisWeighted>0</BisWeighted>
      <QtyInPackage>1</QtyInPackage>
      <ItemPrice>7.20</ItemPrice>
      <UnitOfMeasurePrice>7.20</UnitOfMeasurePrice>
      <AllowDiscount>0</AllowDiscount>
      <itemStatus>1</itemStatus>
      <LastUpdateDate />
      <LastUpdateTime />
    </Product>
    <Product>
      <PriceUpdateDate>2019/11/20 12:37</PriceUpdateDate>
      <ItemCode>7290110113315</ItemCode>
      <ItemType>1</ItemType>
      <ItemName>פריגת צלול בטעם אשכוליות 1.5 ליטר</ItemName>
      <ManufactureName>החברה המרכזית להפצת משקאות בעמ</ManufactureName>
      <ManufactureCountry />
      <ManufactureItemDescription />
      <UnitQty>יח`</UnitQty>
      <Quantity>1500</Quantity>
      <UnitMeasure>מ"ל</UnitMeasure>
      <BisWeighted>0</BisWeighted>
      <QtyInPackage>1</QtyInPackage>
      <ItemPrice>7.20</ItemPrice>
      <UnitOfMeasurePrice>0.48</UnitOfMeasurePrice>
      <AllowDiscount>1</AllowDiscount>
      <itemStatus>1</itemStatus>
      <LastUpdateDate />
      <LastUpdateTime />
    </Product>
    <Product>
      <PriceUpdateDate>2019/02/13 14:38</PriceUpdateDate>
      <ItemCode>7290110320010</ItemCode>
      <ItemType>1</ItemType>
      <ItemName>מעדן סויה BIO ללא סוכר (125 גר`) תנובה</ItemName>
      <ManufactureName>תנובה - חלב</ManufactureName>
      <ManufactureCountry />
      <ManufactureItemDescription />
      <UnitQty>יח`</UnitQty>
      <Quantity>125</Quantity>
      <UnitMeasure>גרם</UnitMeasure>
      <BisWeighted>0</BisWeighted>
      <QtyInPackage>1</QtyInPackage>
      <ItemPrice>3.90</ItemPrice>
      <UnitOfMeasurePrice>3.12</UnitOfMeasurePrice>
      <AllowDiscount>0</AllowDiscount>
      <itemStatus>1</itemStatus>
      <LastUpdateDate />
      <LastUpdateTime />
    </Product>
    <Product>
      <PriceUpdateDate>2018/08/08 15:47</PriceUpdateDate>
      <ItemCode>7290110320591</ItemCode>
      <ItemType>1</ItemType>
      <ItemName>בולגרית 16% במרקם מעודן 250 גר</ItemName>
      <ManufactureName>תנובה - חלב</ManufactureName>
      <ManufactureCountry />
      <ManufactureItemDescription />
      <UnitQty>יח`</UnitQty>
      <Quantity>250</Quantity>
      <UnitMeasure>גרם</UnitMeasure>
      <BisWeighted>0</BisWeighted>
      <QtyInPackage>1</QtyInPackage>
      <ItemPrice>21.90</ItemPrice>
      <UnitOfMeasurePrice>8.76</UnitOfMeasurePrice>
      <AllowDiscount>0</AllowDiscount>
      <itemStatus>1</itemStatus>
      <LastUpdateDate />
      <LastUpdateTime />
    </Product>
    <Product>
      <PriceUpdateDate>2018/08/08 15:47</PriceUpdateDate>
      <ItemCode>7290110320683</ItemCode>
      <ItemType>1</ItemType>
      <ItemName>משקה יופלה בטעם תות שמינייה תנובה</ItemName>
      <ManufactureName>תנובה - חלב</ManufactureName>
      <ManufactureCountry />
      <ManufactureItemDescription />
      <UnitQty>יח`</UnitQty>
      <Quantity>0.90</Quantity>
      <UnitMeasure>גרם</UnitMeasure>
      <BisWeighted>0</BisWeighted>
      <QtyInPackage>1</QtyInPackage>
      <ItemPrice>17.50</ItemPrice>
      <UnitOfMeasurePrice>1944.44</UnitOfMeasurePrice>
      <AllowDiscount>1</AllowDiscount>
      <itemStatus>1</itemStatus>
      <LastUpdateDate />
      <LastUpdateTime />
    </Product>
    <Product>
      <PriceUpdateDate>2018/04/11 09:40</PriceUpdateDate>
      <ItemCode>7290110320744</ItemCode>
      <ItemType>1</ItemType>
      <ItemName>גבינת גרנה פדנו 150 גר`</ItemName>
      <ManufactureName>תנובה - חלב</ManufactureName>
      <ManufactureCountry />
      <ManufactureItemDescription />
      <UnitQty>יח`</UnitQty>
      <Quantity>150</Quantity>
      <UnitMeasure>גרם</UnitMeasure>
      <BisWeighted>0</BisWeighted>
      <QtyInPackage>1</QtyInPackage>
      <ItemPrice>21.90</ItemPrice>
      <UnitOfMeasurePrice>14.60</UnitOfMeasurePrice>
      <AllowDiscount>0</AllowDiscount>
      <itemStatus>1</itemStatus>
      <LastUpdateDate />
      <LastUpdateTime />
    </Product>
    <Product>
      <PriceUpdateDate>2017/07/13 07:31</PriceUpdateDate>
      <ItemCode>7290110320850</ItemCode>
      <ItemType>1</ItemType>
      <ItemName>פתיתי עמק 200 גר</ItemName>
      <ManufactureName>תנובה - חלב</ManufactureName>
      <ManufactureCountry />
      <ManufactureItemDescription />
      <UnitQty>יח`</UnitQty>
      <Quantity>200</Quantity>
      <UnitMeasure>גרם</UnitMeasure>
      <BisWeighted>0</BisWeighted>
      <QtyInPackage>1</QtyInPackage>
      <ItemPrice>14.90</ItemPrice>
      <UnitOfMeasurePrice>7.45</UnitOfMeasurePrice>
      <AllowDiscount>0</AllowDiscount>
      <itemStatus>1</itemStatus>
      <LastUpdateDate />
      <LastUpdateTime />
    </Product>
    <Product>
      <PriceUpdateDate>2017/07/13 07:31</PriceUpdateDate>
      <ItemCode>7290110320867</ItemCode>
      <ItemType>1</ItemType>
      <ItemName>פתיתי עמק למאפים 28% 500 גר</ItemName>
      <ManufactureName>תנובה - חלב</ManufactureName>
      <ManufactureCountry />
      <ManufactureItemDescription />
      <UnitQty>יח`</UnitQty>
      <Quantity>500</Quantity>
      <UnitMeasure>גרם</UnitMeasure>
      <BisWeighted>0</BisWeighted>
      <QtyInPackage>1</QtyInPackage>
      <ItemPrice>34.90</ItemPrice>
      <UnitOfMeasurePrice>6.98</UnitOfMeasurePrice>
      <AllowDiscount>0</AllowDiscount>
      <itemStatus>1</itemStatus>
      <LastUpdateDate />
      <LastUpdateTime />
    </Product>
    <Product>
      <PriceUpdateDate>2017/10/04 08:18</PriceUpdateDate>
      <ItemCode>7290110321031</ItemCode>
      <ItemType>1</ItemType>
      <ItemName>GO יופלה 200 מל תנובה</ItemName>
      <ManufactureName>תנובה - חלב</ManufactureName>
      <ManufactureCountry />
      <ManufactureItemDescription />
      <UnitQty>יח`</UnitQty>
      <Quantity>200</Quantity>
      <UnitMeasure>מ"ל</UnitMeasure>
      <BisWeighted>0</BisWeighted>
      <QtyInPackage>1</QtyInPackage>
      <ItemPrice>5.30</ItemPrice>
      <UnitOfMeasurePrice>2.65</UnitOfMeasurePrice>
      <AllowDiscount>1</AllowDiscount>
      <itemStatus>1</itemStatus>
      <LastUpdateDate />
      <LastUpdateTime />
    </Product>
    <Product>
      <PriceUpdateDate>2017/10/04 08:18</PriceUpdateDate>
      <ItemCode>7290110321048</ItemCode>
      <ItemType>1</ItemType>
      <ItemName>GO יופלה במתיקות מעודנת 200</ItemName>
      <ManufactureName>תנובה - חלב</ManufactureName>
      <ManufactureCountry />
      <ManufactureItemDescription />
      <UnitQty>יח`</UnitQty>
      <Quantity>200</Quantity>
      <UnitMeasure>מ"ל</UnitMeasure>
      <BisWeighted>0</BisWeighted>
      <QtyInPackage>1</QtyInPackage>
      <ItemPrice>5.30</ItemPrice>
      <UnitOfMeasurePrice>2.65</UnitOfMeasurePrice>
      <AllowDiscount>1</AllowDiscount>
      <itemStatus>1</itemStatus>
      <LastUpdateDate />
      <LastUpdateTime />
    </Product>
    <Product>
      <PriceUpdateDate>2018/08/08 15:47</PriceUpdateDate>
      <ItemCode>7290110321246</ItemCode>
      <ItemType>1</ItemType>
      <ItemName>פרילי אפרסק 125  גר`1.5% שומן</ItemName>
      <ManufactureName>תנובה - חלב</ManufactureName>
      <ManufactureCountry />
      <ManufactureItemDescription />
      <UnitQty>יח`</UnitQty>
      <Quantity>125</Quantity>
      <UnitMeasure>מ"ל</UnitMeasure>
      <BisWeighted>0</BisWeighted>
      <QtyInPackage>1</QtyInPackage>
      <ItemPrice>3.50</ItemPrice>
      <UnitOfMeasurePrice>2.80</UnitOfMeasurePrice>
      <AllowDiscount>0</AllowDiscount>
      <itemStatus>1</itemStatus>
      <LastUpdateDate />
      <LastUpdateTime />
    </Product>
    <Product>
      <PriceUpdateDate>2018/01/21 16:16</PriceUpdateDate>
      <ItemCode>7290110321277</ItemCode>
      <ItemType>1</ItemType>
      <ItemName>קוטג בקטנה 5% מהדרין 100  גר`תנובה</ItemName>
      <ManufactureName>תנובה - חלב</ManufactureName>
      <ManufactureCountry />
      <ManufactureItemDescription />
      <UnitQty>יח`</UnitQty>
      <Quantity>100</Quantity>
      <UnitMeasure>גרם</UnitMeasure>
      <BisWeighted>0</BisWeighted>
      <QtyInPackage>1</QtyInPackage>
      <ItemPrice>2.30</ItemPrice>
      <UnitOfMeasurePrice>2.30</UnitOfMeasurePrice>
      <AllowDiscount>0</AllowDiscount>
      <itemStatus>1</itemStatus>
      <LastUpdateDate />
      <LastUpdateTime />
    </Product>
    <Product>
      <PriceUpdateDate>2018/08/08 15:47</PriceUpdateDate>
      <ItemCode>7290110321604</ItemCode>
      <ItemType>1</ItemType>
      <ItemName>גבינה בולגרית מעודנת 5% שומן+תערובת  גרע</ItemName>
      <ManufactureName>תנובה - חלב</ManufactureName>
      <ManufactureCountry />
      <ManufactureItemDescription />
      <UnitQty>יח`</UnitQty>
      <Quantity>200</Quantity>
      <UnitMeasure>גרם</UnitMeasure>
      <BisWeighted>0</BisWeighted>
      <QtyInPackage>1</QtyInPackage>
      <ItemPrice>20.90</ItemPrice>
      <UnitOfMeasurePrice>10.45</UnitOfMeasurePrice>
      <AllowDiscount>0</AllowDiscount>
      <itemStatus>1</itemStatus>
      <LastUpdateDate />
      <LastUpdateTime />
    </Product>
    <Product>
      <PriceUpdateDate>2018/01/30 08:28</PriceUpdateDate>
      <ItemCode>7290110321680</ItemCode>
      <ItemType>1</ItemType>
      <ItemName>יופלה תות GO 200 מל</ItemName>
      <ManufactureName>תנובה - חלב</ManufactureName>
      <ManufactureCountry />
      <ManufactureItemDescription />
      <UnitQty>יח`</UnitQty>
      <Quantity>200</Quantity>
      <UnitMeasure>מ"ל</UnitMeasure>
      <BisWeighted>0</BisWeighted>
      <QtyInPackage>1</QtyInPackage>
      <ItemPrice>5.60</ItemPrice>
      <UnitOfMeasurePrice>2.80</UnitOfMeasurePrice>
      <AllowDiscount>1</AllowDiscount>
      <itemStatus>1</itemStatus>
      <LastUpdateDate />
      <LastUpdateTime />
    </Product>
    <Product>
      <PriceUpdateDate>2018/05/11 14:04</PriceUpdateDate>
      <ItemCode>7290110321703</ItemCode>
      <ItemType>1</ItemType>
      <ItemName>יופלה פירות יער 200 מל GO תנובה</ItemName>
      <ManufactureName>תנובה - חלב</ManufactureName>
      <ManufactureCountry />
      <ManufactureItemDescription />
      <UnitQty>יח`</UnitQty>
      <Quantity>200</Quantity>
      <UnitMeasure>מ"ל</UnitMeasure>
      <BisWeighted>0</BisWeighted>
      <QtyInPackage>1</QtyInPackage>
      <ItemPrice>5.60</ItemPrice>
      <UnitOfMeasurePrice>2.80</UnitOfMeasurePrice>
      <AllowDiscount>1</AllowDiscount>
      <itemStatus>1</itemStatus>
      <LastUpdateDate />
      <LastUpdateTime />
    </Product>
    <Product>
      <PriceUpdateDate>2019/05/07 09:01</PriceUpdateDate>
      <ItemCode>7290110321789</ItemCode>
      <ItemType>1</ItemType>
      <ItemName>גבינת מסקרפונה 38% שומן 250  גר`השף הלבן</ItemName>
      <ManufactureName>תנובה - חלב</ManufactureName>
      <ManufactureCountry />
      <ManufactureItemDescription />
      <UnitQty>יח`</UnitQty>
      <Quantity>250</Quantity>
      <UnitMeasure>גרם</UnitMeasure>
      <BisWeighted>0</BisWeighted>
      <QtyInPackage>1</QtyInPackage>
      <ItemPrice>19.90</ItemPrice>
      <UnitOfMeasurePrice>7.96</UnitOfMeasurePrice>
      <AllowDiscount>0</AllowDiscount>
      <itemStatus>1</itemStatus>
      <LastUpdateDate />
      <LastUpdateTime />
    </Product>
    <Product>
      <PriceUpdateDate>2018/05/11 14:04</PriceUpdateDate>
      <ItemCode>7290110322014</ItemCode>
      <ItemType>1</ItemType>
      <ItemName>טופו בטעם טבעי 300  גר`תנובה</ItemName>
      <ManufactureName>תנובה - חלב</ManufactureName>
      <ManufactureCountry />
      <ManufactureItemDescription />
      <UnitQty>יח`</UnitQty>
      <Quantity>300</Quantity>
      <UnitMeasure>גרם</UnitMeasure>
      <BisWeighted>0</BisWeighted>
      <QtyInPackage>1</QtyInPackage>
      <ItemPrice>11.90</ItemPrice>
      <UnitOfMeasurePrice>3.97</UnitOfMeasurePrice>
      <AllowDiscount>0</AllowDiscount>
      <itemStatus>1</itemStatus>
      <LastUpdateDate />
      <LastUpdateTime />
    </Product>
    <Product>
      <PriceUpdateDate>2018/05/11 14:04</PriceUpdateDate>
      <ItemCode>7290110322021</ItemCode>
      <ItemType>1</ItemType>
      <ItemName>טופו בטעם בזיליקום 300  גר`תנובה</ItemName>
      <ManufactureName>תנובה - חלב</ManufactureName>
      <ManufactureCountry />
      <ManufactureItemDescription />
      <UnitQty>יח`</UnitQty>
      <Quantity>300</Quantity>
      <UnitMeasure>גרם</UnitMeasure>
      <BisWeighted>0</BisWeighted>
      <QtyInPackage>1</QtyInPackage>
      <ItemPrice>11.90</ItemPrice>
      <UnitOfMeasurePrice>3.97</UnitOfMeasurePrice>
      <AllowDiscount>0</AllowDiscount>
      <itemStatus>1</itemStatus>
      <LastUpdateDate />
      <LastUpdateTime />
    </Product>
    <Product>
      <PriceUpdateDate>2018/10/25 06:57</PriceUpdateDate>
      <ItemCode>7290110322946</ItemCode>
      <ItemType>1</ItemType>
      <ItemName>יופלה טיוב במרקם חלק בטעם תות בננה 348 ג</ItemName>
      <ManufactureName>תנובה - חלב</ManufactureName>
      <ManufactureCountry />
      <ManufactureItemDescription />
      <UnitQty>יח`</UnitQty>
      <Quantity>348</Quantity>
      <UnitMeasure>גרם</UnitMeasure>
      <BisWeighted>0</BisWeighted>
      <QtyInPackage>1</QtyInPackage>
      <ItemPrice>11.90</ItemPrice>
      <UnitOfMeasurePrice>3.42</UnitOfMeasurePrice>
      <AllowDiscount>0</AllowDiscount>
      <itemStatus>1</itemStatus>
      <LastUpdateDate />
      <LastUpdateTime />
    </Product>
    <Product>
      <PriceUpdateDate>2018/09/06 06:54</PriceUpdateDate>
      <ItemCode>7290110323066</ItemCode>
      <ItemType>1</ItemType>
      <ItemName>יופלה משקה יוגורט מועשר בחלבון עם בננה ו</ItemName>
      <ManufactureName>תנובה - חלב</ManufactureName>
      <ManufactureCountry />
      <ManufactureItemDescription />
      <UnitQty>יח`</UnitQty>
      <Quantity>1</Quantity>
      <UnitMeasure />
      <BisWeighted>0</BisWeighted>
      <QtyInPackage>1</QtyInPackage>
      <ItemPrice>6.10</ItemPrice>
      <UnitOfMeasurePrice>6.10</UnitOfMeasurePrice>
      <AllowDiscount>1</AllowDiscount>
      <itemStatus>1</itemStatus>
      <LastUpdateDate />
      <LastUpdateTime />
    </Product>
    <Product>
      <PriceUpdateDate>2018/09/06 06:54</PriceUpdateDate>
      <ItemCode>7290110323073</ItemCode>
      <ItemType>1</ItemType>
      <ItemName>יופלה משקה יוגורט מועשר בחלבון עם תות ופ</ItemName>
      <ManufactureName>תנובה - חלב</ManufactureName>
      <ManufactureCountry />
      <ManufactureItemDescription />
      <UnitQty>יח`</UnitQty>
      <Quantity>1</Quantity>
      <UnitMeasure />
      <BisWeighted>0</BisWeighted>
      <QtyInPackage>1</QtyInPackage>
      <ItemPrice>6.10</ItemPrice>
      <UnitOfMeasurePrice>6.10</UnitOfMeasurePrice>
      <AllowDiscount>1</AllowDiscount>
      <itemStatus>1</itemStatus>
      <LastUpdateDate />
      <LastUpdateTime />
    </Product>
    <Product>
      <PriceUpdateDate>2018/12/19 12:10</PriceUpdateDate>
      <ItemCode>7290110323097</ItemCode>
      <ItemType>1</ItemType>
      <ItemName>תאומים 80  גר`גביע תנובה</ItemName>
      <ManufactureName>תנובה - חלב</ManufactureName>
      <ManufactureCountry />
      <ManufactureItemDescription />
      <UnitQty>יח`</UnitQty>
      <Quantity>80</Quantity>
      <UnitMeasure>גרם</UnitMeasure>
      <BisWeighted>0</BisWeighted>
      <QtyInPackage>1</QtyInPackage>
      <ItemPrice>1.80</ItemPrice>
      <UnitOfMeasurePrice>2.25</UnitOfMeasurePrice>
      <AllowDiscount>0</AllowDiscount>
      <itemStatus>1</itemStatus>
      <LastUpdateDate />
      <LastUpdateTime />
    </Product>
    <Product>
      <PriceUpdateDate>2018/12/21 09:23</PriceUpdateDate>
      <ItemCode>7290110323585</ItemCode>
      <ItemType>1</ItemType>
      <ItemName>יוגורט GO עם דובדבן מופחת קולריות 200 ג</ItemName>
      <ManufactureName>תנובה - חלב</ManufactureName>
      <ManufactureCountry />
      <ManufactureItemDescription />
      <UnitQty>יח`</UnitQty>
      <Quantity>200</Quantity>
      <UnitMeasure>גרם</UnitMeasure>
      <BisWeighted>0</BisWeighted>
      <QtyInPackage>1</QtyInPackage>
      <ItemPrice>5.50</ItemPrice>
      <UnitOfMeasurePrice>2.75</UnitOfMeasurePrice>
      <AllowDiscount>1</AllowDiscount>
      <itemStatus>1</itemStatus>
      <LastUpdateDate />
      <LastUpdateTime />
    </Product>
    <Product>
      <PriceUpdateDate>2018/12/21 09:23</PriceUpdateDate>
      <ItemCode>7290110323592</ItemCode>
      <ItemType>1</ItemType>
      <ItemName>יוגורט GO עם אפרסק מופחת קלוריות 200 גר</ItemName>
      <ManufactureName>תנובה - חלב</ManufactureName>
      <ManufactureCountry />
      <ManufactureItemDescription />
      <UnitQty>יח`</UnitQty>
      <Quantity>200</Quantity>
      <UnitMeasure>גרם</UnitMeasure>
      <BisWeighted>0</BisWeighted>
      <QtyInPackage>1</QtyInPackage>
      <ItemPrice>5.50</ItemPrice>
      <UnitOfMeasurePrice>2.75</UnitOfMeasurePrice>
      <AllowDiscount>1</AllowDiscount>
      <itemStatus>1</itemStatus>
      <LastUpdateDate />
      <LastUpdateTime />
    </Product>
    <Product>
      <PriceUpdateDate>2018/12/21 09:23</PriceUpdateDate>
      <ItemCode>7290110323608</ItemCode>
      <ItemType>1</ItemType>
      <ItemName>יוגורט GO עם פירות יער מופחת קולריות 20</ItemName>
      <ManufactureName>תנובה - חלב</ManufactureName>
      <ManufactureCountry />
      <ManufactureItemDescription />
      <UnitQty>יח`</UnitQty>
      <Quantity>200</Quantity>
      <UnitMeasure>גרם</UnitMeasure>
      <BisWeighted>0</BisWeighted>
      <QtyInPackage>1</QtyInPackage>
      <ItemPrice>5.50</ItemPrice>
      <UnitOfMeasurePrice>2.75</UnitOfMeasurePrice>
      <AllowDiscount>1</AllowDiscount>
      <itemStatus>1</itemStatus>
      <LastUpdateDate />
      <LastUpdateTime />
    </Product>
    <Product>
      <PriceUpdateDate>2019/01/23 12:29</PriceUpdateDate>
      <ItemCode>7290110323714</ItemCode>
      <ItemType>1</ItemType>
      <ItemName>משקה קוקוס שקדים 1 ליטר תנובה</ItemName>
      <ManufactureName>תנובה - חלב</ManufactureName>
      <ManufactureCountry />
      <ManufactureItemDescription />
      <UnitQty>יח`</UnitQty>
      <Quantity>1000</Quantity>
      <UnitMeasure>מ"ל</UnitMeasure>
      <BisWeighted>0</BisWeighted>
      <QtyInPackage>1</QtyInPackage>
      <ItemPrice>11.90</ItemPrice>
      <UnitOfMeasurePrice>1.19</UnitOfMeasurePrice>
      <AllowDiscount>1</AllowDiscount>
      <itemStatus>1</itemStatus>
      <LastUpdateDate />
      <LastUpdateTime />
    </Product>
    <Product>
      <PriceUpdateDate>2019/03/08 12:14</PriceUpdateDate>
      <ItemCode>7290110323783</ItemCode>
      <ItemType>1</ItemType>
      <ItemName>יולו שוקולד חלב עם קצפת 42% מוצקי קקאו(1</ItemName>
      <ManufactureName>תנובה - חלב</ManufactureName>
      <ManufactureCountry />
      <ManufactureItemDescription />
      <UnitQty>יח`</UnitQty>
      <Quantity>120</Quantity>
      <UnitMeasure>גרם</UnitMeasure>
      <BisWeighted>0</BisWeighted>
      <QtyInPackage>1</QtyInPackage>
      <ItemPrice>3.70</ItemPrice>
      <UnitOfMeasurePrice>3.08</UnitOfMeasurePrice>
      <AllowDiscount>1</AllowDiscount>
      <itemStatus>1</itemStatus>
      <LastUpdateDate />
      <LastUpdateTime />
    </Product>
    <Product>
      <PriceUpdateDate>2019/03/08 12:14</PriceUpdateDate>
      <ItemCode>7290110323806</ItemCode>
      <ItemType>1</ItemType>
      <ItemName>יולו שוקולד עם קצפת 36% מוצקי קקאו 120 ג</ItemName>
      <ManufactureName>תנובה - חלב</ManufactureName>
      <ManufactureCountry />
      <ManufactureItemDescription />
      <UnitQty>יח`</UnitQty>
      <Quantity>120</Quantity>
      <UnitMeasure>גרם</UnitMeasure>
      <BisWeighted>0</BisWeighted>
      <QtyInPackage>1</QtyInPackage>
      <ItemPrice>3.70</ItemPrice>
      <UnitOfMeasurePrice>3.08</UnitOfMeasurePrice>
      <AllowDiscount>1</AllowDiscount>
      <itemStatus>1</itemStatus>
      <LastUpdateDate />
      <LastUpdateTime />
    </Product>
    <Product>
      <PriceUpdateDate>2019/05/13 08:13</PriceUpdateDate>
      <ItemCode>7290110324353</ItemCode>
      <ItemType>1</ItemType>
      <ItemName>יופלה לייט בטעם אננס 200 גר` GO</ItemName>
      <ManufactureName>תנובה - חלב</ManufactureName>
      <ManufactureCountry />
      <ManufactureItemDescription />
      <UnitQty>יח`</UnitQty>
      <Quantity>200</Quantity>
      <UnitMeasure>מ"ל</UnitMeasure>
      <BisWeighted>0</BisWeighted>
      <QtyInPackage>1</QtyInPackage>
      <ItemPrice>5.60</ItemPrice>
      <UnitOfMeasurePrice>2.80</UnitOfMeasurePrice>
      <AllowDiscount>1</AllowDiscount>
      <itemStatus>1</itemStatus>
      <LastUpdateDate />
      <LastUpdateTime />
    </Product>
    <Product>
      <PriceUpdateDate>2019/09/04 18:51</PriceUpdateDate>
      <ItemCode>7290110324605</ItemCode>
      <ItemType>1</ItemType>
      <ItemName>יופלה יוגורט בכוס עם קשית בטעם עוגיות אח</ItemName>
      <ManufactureName>תנובה - חלב</ManufactureName>
      <ManufactureCountry />
      <ManufactureItemDescription />
      <UnitQty>יח`</UnitQty>
      <Quantity>200</Quantity>
      <UnitMeasure>מ"ל</UnitMeasure>
      <BisWeighted>0</BisWeighted>
      <QtyInPackage>1</QtyInPackage>
      <ItemPrice>5.90</ItemPrice>
      <UnitOfMeasurePrice>2.95</UnitOfMeasurePrice>
      <AllowDiscount>0</AllowDiscount>
      <itemStatus>1</itemStatus>
      <LastUpdateDate />
      <LastUpdateTime />
    </Product>
    <Product>
      <PriceUpdateDate>2019/09/04 18:51</PriceUpdateDate>
      <ItemCode>7290110324612</ItemCode>
      <ItemType>1</ItemType>
      <ItemName>יופלה יוגורט בכוס עם קשית בטעם תותים בשמ</ItemName>
      <ManufactureName>תנובה - חלב</ManufactureName>
      <ManufactureCountry />
      <ManufactureItemDescription />
      <UnitQty>יח`</UnitQty>
      <Quantity>200</Quantity>
      <UnitMeasure>מ"ל</UnitMeasure>
      <BisWeighted>0</BisWeighted>
      <QtyInPackage>1</QtyInPackage>
      <ItemPrice>5.90</ItemPrice>
      <UnitOfMeasurePrice>2.95</UnitOfMeasurePrice>
      <AllowDiscount>0</AllowDiscount>
      <itemStatus>1</itemStatus>
      <LastUpdateDate />
      <LastUpdateTime />
    </Product>
    <Product>
      <PriceUpdateDate>2019/09/04 18:51</PriceUpdateDate>
      <ItemCode>7290110324636</ItemCode>
      <ItemType>1</ItemType>
      <ItemName>יופלה יוגורט בכוס עם קשית בטעם פירות יער</ItemName>
      <ManufactureName>תנובה - חלב</ManufactureName>
      <ManufactureCountry />
      <ManufactureItemDescription />
      <UnitQty>יח`</UnitQty>
      <Quantity>200</Quantity>
      <UnitMeasure>מ"ל</UnitMeasure>
      <BisWeighted>0</BisWeighted>
      <QtyInPackage>1</QtyInPackage>
      <ItemPrice>5.90</ItemPrice>
      <UnitOfMeasurePrice>2.95</UnitOfMeasurePrice>
      <AllowDiscount>0</AllowDiscount>
      <itemStatus>1</itemStatus>
      <LastUpdateDate />
      <LastUpdateTime />
    </Product>
    <Product>
      <PriceUpdateDate>2019/06/23 08:23</PriceUpdateDate>
      <ItemCode>7290110324704</ItemCode>
      <ItemType>1</ItemType>
      <ItemName>טופו בטעם מתובל בסגנון פרוברס 300  גר`תנ</ItemName>
      <ManufactureName>תנובה - חלב</ManufactureName>
      <ManufactureCountry />
      <ManufactureItemDescription />
      <UnitQty>יח`</UnitQty>
      <Quantity>300</Quantity>
      <UnitMeasure>גרם</UnitMeasure>
      <BisWeighted>0</BisWeighted>
      <QtyInPackage>1</QtyInPackage>
      <ItemPrice>11.90</ItemPrice>
      <UnitOfMeasurePrice>3.97</UnitOfMeasurePrice>
      <AllowDiscount>0</AllowDiscount>
      <itemStatus>1</itemStatus>
      <LastUpdateDate />
      <LastUpdateTime />
    </Product>
    <Product>
      <PriceUpdateDate>2019/06/16 08:45</PriceUpdateDate>
      <ItemCode>7290110324711</ItemCode>
      <ItemType>1</ItemType>
      <ItemName>ממרח סויה 9% בטעם טבעי 250  גר`תנובה</ItemName>
      <ManufactureName>תנובה - חלב</ManufactureName>
      <ManufactureCountry />
      <ManufactureItemDescription />
      <UnitQty>יח`</UnitQty>
      <Quantity>250</Quantity>
      <UnitMeasure>גרם</UnitMeasure>
      <BisWeighted>0</BisWeighted>
      <QtyInPackage>1</QtyInPackage>
      <ItemPrice>7.90</ItemPrice>
      <UnitOfMeasurePrice>3.16</UnitOfMeasurePrice>
      <AllowDiscount>0</AllowDiscount>
      <itemStatus>1</itemStatus>
      <LastUpdateDate />
      <LastUpdateTime />
    </Product>
    <Product>
      <PriceUpdateDate>2019/06/16 08:45</PriceUpdateDate>
      <ItemCode>7290110324728</ItemCode>
      <ItemType>1</ItemType>
      <ItemName>ממרח סויה 9% עם שום  שמיר( 250  גר`)תנוב</ItemName>
      <ManufactureName>תנובה - חלב</ManufactureName>
      <ManufactureCountry />
      <ManufactureItemDescription />
      <UnitQty>יח`</UnitQty>
      <Quantity>250</Quantity>
      <UnitMeasure>גרם</UnitMeasure>
      <BisWeighted>0</BisWeighted>
      <QtyInPackage>1</QtyInPackage>
      <ItemPrice>7.90</ItemPrice>
      <UnitOfMeasurePrice>3.16</UnitOfMeasurePrice>
      <AllowDiscount>0</AllowDiscount>
      <itemStatus>1</itemStatus>
      <LastUpdateDate />
      <LastUpdateTime />
    </Product>
    <Product>
      <PriceUpdateDate>2019/06/20 10:45</PriceUpdateDate>
      <ItemCode>7290110324773</ItemCode>
      <ItemType>1</ItemType>
      <ItemName>משקה חלב בטעם וניל 340 גר` 27 גר` חלבון</ItemName>
      <ManufactureName>תנובה - חלב</ManufactureName>
      <ManufactureCountry />
      <ManufactureItemDescription />
      <UnitQty>יח`</UnitQty>
      <Quantity>340</Quantity>
      <UnitMeasure>גרם</UnitMeasure>
      <BisWeighted>0</BisWeighted>
      <QtyInPackage>1</QtyInPackage>
      <ItemPrice>7.90</ItemPrice>
      <UnitOfMeasurePrice>2.32</UnitOfMeasurePrice>
      <AllowDiscount>1</AllowDiscount>
      <itemStatus>1</itemStatus>
      <LastUpdateDate />
      <LastUpdateTime />
    </Product>
    <Product>
      <PriceUpdateDate>2019/11/06 08:49</PriceUpdateDate>
      <ItemCode>7290110324926</ItemCode>
      <ItemType>1</ItemType>
      <ItemName>משקה סויה 1 ליטר ללא תוספת סוכר</ItemName>
      <ManufactureName>תנובה - חלב</ManufactureName>
      <ManufactureCountry />
      <ManufactureItemDescription />
      <UnitQty>יח`</UnitQty>
      <Quantity>1</Quantity>
      <UnitMeasure />
      <BisWeighted>0</BisWeighted>
      <QtyInPackage>1</QtyInPackage>
      <ItemPrice>9.90</ItemPrice>
      <UnitOfMeasurePrice>9.90</UnitOfMeasurePrice>
      <AllowDiscount>0</AllowDiscount>
      <itemStatus>1</itemStatus>
      <LastUpdateDate />
      <LastUpdateTime />
    </Product>
    <Product>
      <PriceUpdateDate>2019/09/16 16:29</PriceUpdateDate>
      <ItemCode>7290110325084</ItemCode>
      <ItemType>1</ItemType>
      <ItemName>מאגדת שימינייה מיני קרלו שוניל 800 גר`</ItemName>
      <ManufactureName>תנובה - חלב</ManufactureName>
      <ManufactureCountry />
      <ManufactureItemDescription />
      <UnitQty>יח`</UnitQty>
      <Quantity>800</Quantity>
      <UnitMeasure>גרם</UnitMeasure>
      <BisWeighted>0</BisWeighted>
      <QtyInPackage>1</QtyInPackage>
      <ItemPrice>14.90</ItemPrice>
      <UnitOfMeasurePrice>1.86</UnitOfMeasurePrice>
      <AllowDiscount>0</AllowDiscount>
      <itemStatus>1</itemStatus>
      <LastUpdateDate />
      <LastUpdateTime />
    </Product>
    <Product>
      <PriceUpdateDate>2019/08/08 10:36</PriceUpdateDate>
      <ItemCode>7290110325114</ItemCode>
      <ItemType>1</ItemType>
      <ItemName>משקה יוגורט גו לייט תות בננה 250 מל</ItemName>
      <ManufactureName>תנובה - חלב</ManufactureName>
      <ManufactureCountry />
      <ManufactureItemDescription />
      <UnitQty>יח`</UnitQty>
      <Quantity>1</Quantity>
      <UnitMeasure />
      <BisWeighted>0</BisWeighted>
      <QtyInPackage>1</QtyInPackage>
      <ItemPrice>6.10</ItemPrice>
      <UnitOfMeasurePrice>6.10</UnitOfMeasurePrice>
      <AllowDiscount>1</AllowDiscount>
      <itemStatus>1</itemStatus>
      <LastUpdateDate />
      <LastUpdateTime />
    </Product>
    <Product>
      <PriceUpdateDate>2019/08/08 10:36</PriceUpdateDate>
      <ItemCode>7290110325121</ItemCode>
      <ItemType>1</ItemType>
      <ItemName>משקה יוגורט גו לייט מנגו אננס 250 מל</ItemName>
      <ManufactureName>תנובה - חלב</ManufactureName>
      <ManufactureCountry />
      <ManufactureItemDescription />
      <UnitQty>יח`</UnitQty>
      <Quantity>1</Quantity>
      <UnitMeasure />
      <BisWeighted>0</BisWeighted>
      <QtyInPackage>1</QtyInPackage>
      <ItemPrice>6.10</ItemPrice>
      <UnitOfMeasurePrice>6.10</UnitOfMeasurePrice>
      <AllowDiscount>1</AllowDiscount>
      <itemStatus>1</itemStatus>
      <LastUpdateDate />
      <LastUpdateTime />
    </Product>
    <Product>
      <PriceUpdateDate>2020/04/08 10:43</PriceUpdateDate>
      <ItemCode>7290110325169</ItemCode>
      <ItemType>1</ItemType>
      <ItemName>פרוסות גאודה 170  גר`תנובה</ItemName>
      <ManufactureName>תנובה - חלב</ManufactureName>
      <ManufactureCountry />
      <ManufactureItemDescription />
      <UnitQty>יח`</UnitQty>
      <Quantity>170</Quantity>
      <UnitMeasure>גרם</UnitMeasure>
      <BisWeighted>0</BisWeighted>
      <QtyInPackage>1</QtyInPackage>
      <ItemPrice>19.90</ItemPrice>
      <UnitOfMeasurePrice>11.71</UnitOfMeasurePrice>
      <AllowDiscount>0</AllowDiscount>
      <itemStatus>1</itemStatus>
      <LastUpdateDate />
      <LastUpdateTime />
    </Product>
    <Product>
      <PriceUpdateDate>2019/11/18 08:59</PriceUpdateDate>
      <ItemCode>7290110325305</ItemCode>
      <ItemType>1</ItemType>
      <ItemName>מעדן סויה גו 20 גר` חלבון במתיקות מעדנות</ItemName>
      <ManufactureName>תנובה - חלב</ManufactureName>
      <ManufactureCountry />
      <ManufactureItemDescription />
      <UnitQty>יח`</UnitQty>
      <Quantity>200</Quantity>
      <UnitMeasure>מ"ל</UnitMeasure>
      <BisWeighted>0</BisWeighted>
      <QtyInPackage>1</QtyInPackage>
      <ItemPrice>5.60</ItemPrice>
      <UnitOfMeasurePrice>2.80</UnitOfMeasurePrice>
      <AllowDiscount>0</AllowDiscount>
      <itemStatus>1</itemStatus>
      <LastUpdateDate />
      <LastUpdateTime />
    </Product>
    <Product>
      <PriceUpdateDate>2019/11/18 08:59</PriceUpdateDate>
      <ItemCode>7290110325312</ItemCode>
      <ItemType>1</ItemType>
      <ItemName>מעדן סויה גו 20 גר` חלבון בטעם תות ( 200</ItemName>
      <ManufactureName>תנובה - חלב</ManufactureName>
      <ManufactureCountry />
      <ManufactureItemDescription />
      <UnitQty>יח`</UnitQty>
      <Quantity>200</Quantity>
      <UnitMeasure>מ"ל</UnitMeasure>
      <BisWeighted>0</BisWeighted>
      <QtyInPackage>1</QtyInPackage>
      <ItemPrice>5.60</ItemPrice>
      <UnitOfMeasurePrice>2.80</UnitOfMeasurePrice>
      <AllowDiscount>0</AllowDiscount>
      <itemStatus>1</itemStatus>
      <LastUpdateDate />
      <LastUpdateTime />
    </Product>
    <Product>
      <PriceUpdateDate>2020/01/09 07:36</PriceUpdateDate>
      <ItemCode>7290110325619</ItemCode>
      <ItemType>1</ItemType>
      <ItemName>משקה שיבולת שועל 1 ליטר תנובה</ItemName>
      <ManufactureName>תנובה - חלב</ManufactureName>
      <ManufactureCountry />
      <ManufactureItemDescription />
      <UnitQty>יח`</UnitQty>
      <Quantity>1000</Quantity>
      <UnitMeasure>מ"ל</UnitMeasure>
      <BisWeighted>0</BisWeighted>
      <QtyInPackage>1</QtyInPackage>
      <ItemPrice>11.90</ItemPrice>
      <UnitOfMeasurePrice>1.19</UnitOfMeasurePrice>
      <AllowDiscount>1</AllowDiscount>
      <itemStatus>1</itemStatus>
      <LastUpdateDate />
      <LastUpdateTime />
    </Product>
    <Product>
      <PriceUpdateDate>2020/02/16 11:01</PriceUpdateDate>
      <ItemCode>7290110325688</ItemCode>
      <ItemType>1</ItemType>
      <ItemName>יופלה און טופ בתוספת נטיפים בטעם שוקולד</ItemName>
      <ManufactureName>תנובה - חלב</ManufactureName>
      <ManufactureCountry />
      <ManufactureItemDescription />
      <UnitQty>יח`</UnitQty>
      <Quantity>167</Quantity>
      <UnitMeasure>גרם</UnitMeasure>
      <BisWeighted>0</BisWeighted>
      <QtyInPackage>1</QtyInPackage>
      <ItemPrice>4.90</ItemPrice>
      <UnitOfMeasurePrice>2.93</UnitOfMeasurePrice>
      <AllowDiscount>0</AllowDiscount>
      <itemStatus>1</itemStatus>
      <LastUpdateDate />
      <LastUpdateTime />
    </Product>
    <Product>
      <PriceUpdateDate>2020/02/16 11:01</PriceUpdateDate>
      <ItemCode>7290110325701</ItemCode>
      <ItemType>1</ItemType>
      <ItemName>פיראוס צזיקי יוני 9% שומן על בסיס יוגורט</ItemName>
      <ManufactureName>תנובה - חלב</ManufactureName>
      <ManufactureCountry />
      <ManufactureItemDescription />
      <UnitQty>יח`</UnitQty>
      <Quantity>250</Quantity>
      <UnitMeasure>גרם</UnitMeasure>
      <BisWeighted>0</BisWeighted>
      <QtyInPackage>1</QtyInPackage>
      <ItemPrice>11.90</ItemPrice>
      <UnitOfMeasurePrice>4.76</UnitOfMeasurePrice>
      <AllowDiscount>0</AllowDiscount>
      <itemStatus>1</itemStatus>
      <LastUpdateDate />
      <LastUpdateTime />
    </Product>
    <Product>
      <PriceUpdateDate>2020/01/17 10:15</PriceUpdateDate>
      <ItemCode>7290110325732</ItemCode>
      <ItemType>1</ItemType>
      <ItemName>יופלה GO לייט עם קוקוס 150 גר תנובה</ItemName>
      <ManufactureName>תנובה - חלב</ManufactureName>
      <ManufactureCountry />
      <ManufactureItemDescription />
      <UnitQty>יח`</UnitQty>
      <Quantity>150</Quantity>
      <UnitMeasure>גרם</UnitMeasure>
      <BisWeighted>0</BisWeighted>
      <QtyInPackage>1</QtyInPackage>
      <ItemPrice>4.90</ItemPrice>
      <UnitOfMeasurePrice>3.27</UnitOfMeasurePrice>
      <AllowDiscount>1</AllowDiscount>
      <itemStatus>1</itemStatus>
      <LastUpdateDate />
      <LastUpdateTime />
    </Product>
    <Product>
      <PriceUpdateDate>2020/01/09 07:36</PriceUpdateDate>
      <ItemCode>7290110325886</ItemCode>
      <ItemType>1</ItemType>
      <ItemName>משקה תנובה GO אייס קפה 250 מל</ItemName>
      <ManufactureName>תנובה - חלב</ManufactureName>
      <ManufactureCountry />
      <ManufactureItemDescription />
      <UnitQty>יח`</UnitQty>
      <Quantity>250</Quantity>
      <UnitMeasure>גרם</UnitMeasure>
      <BisWeighted>0</BisWeighted>
      <QtyInPackage>1</QtyInPackage>
      <ItemPrice>5.90</ItemPrice>
      <UnitOfMeasurePrice>2.36</UnitOfMeasurePrice>
      <AllowDiscount>1</AllowDiscount>
      <itemStatus>1</itemStatus>
      <LastUpdateDate />
      <LastUpdateTime />
    </Product>
    <Product>
      <PriceUpdateDate>2020/01/09 07:36</PriceUpdateDate>
      <ItemCode>7290110325893</ItemCode>
      <ItemType>1</ItemType>
      <ItemName>משקה תנובה GO אייס קפה 340  גר`תנובה</ItemName>
      <ManufactureName>תנובה - חלב</ManufactureName>
      <ManufactureCountry />
      <ManufactureItemDescription />
      <UnitQty>יח`</UnitQty>
      <Quantity>340</Quantity>
      <UnitMeasure>גרם</UnitMeasure>
      <BisWeighted>0</BisWeighted>
      <QtyInPackage>1</QtyInPackage>
      <ItemPrice>7.90</ItemPrice>
      <UnitOfMeasurePrice>2.32</UnitOfMeasurePrice>
      <AllowDiscount>0</AllowDiscount>
      <itemStatus>1</itemStatus>
      <LastUpdateDate />
      <LastUpdateTime />
    </Product>
    <Product>
      <PriceUpdateDate>2018/12/17 09:33</PriceUpdateDate>
      <ItemCode>7290110560300</ItemCode>
      <ItemType>1</ItemType>
      <ItemName>פריכיות משולשות -פלפל שחור 30 גר` אנג`י</ItemName>
      <ManufactureName>שטראוס גרופ בעמ</ManufactureName>
      <ManufactureCountry />
      <ManufactureItemDescription />
      <UnitQty>יח`</UnitQty>
      <Quantity>30</Quantity>
      <UnitMeasure>גרם</UnitMeasure>
      <BisWeighted>0</BisWeighted>
      <QtyInPackage>1</QtyInPackage>
      <ItemPrice>5.90</ItemPrice>
      <UnitOfMeasurePrice>19.67</UnitOfMeasurePrice>
      <AllowDiscount>0</AllowDiscount>
      <itemStatus>1</itemStatus>
      <LastUpdateDate />
      <LastUpdateTime />
    </Product>
    <Product>
      <PriceUpdateDate>2018/12/17 09:33</PriceUpdateDate>
      <ItemCode>7290110560317</ItemCode>
      <ItemType>1</ItemType>
      <ItemName>פריכיות משולשות -מלח ים אנג`י</ItemName>
      <ManufactureName>שטראוס גרופ בעמ</ManufactureName>
      <ManufactureCountry />
      <ManufactureItemDescription />
      <UnitQty>יח`</UnitQty>
      <Quantity>30</Quantity>
      <UnitMeasure>גרם</UnitMeasure>
      <BisWeighted>0</BisWeighted>
      <QtyInPackage>1</QtyInPackage>
      <ItemPrice>5.90</ItemPrice>
      <UnitOfMeasurePrice>19.67</UnitOfMeasurePrice>
      <AllowDiscount>0</AllowDiscount>
      <itemStatus>1</itemStatus>
      <LastUpdateDate />
      <LastUpdateTime />
    </Product>
    <Product>
      <PriceUpdateDate>2018/12/17 09:33</PriceUpdateDate>
      <ItemCode>7290110560324</ItemCode>
      <ItemType>1</ItemType>
      <ItemName>פריכיות משולשות -אפונה ירוקה 30 גר` אנרג</ItemName>
      <ManufactureName>שטראוס גרופ בעמ</ManufactureName>
      <ManufactureCountry />
      <ManufactureItemDescription />
      <UnitQty>יח`</UnitQty>
      <Quantity>30</Quantity>
      <UnitMeasure>גרם</UnitMeasure>
      <BisWeighted>0</BisWeighted>
      <QtyInPackage>1</QtyInPackage>
      <ItemPrice>5.90</ItemPrice>
      <UnitOfMeasurePrice>19.67</UnitOfMeasurePrice>
      <AllowDiscount>0</AllowDiscount>
      <itemStatus>1</itemStatus>
      <LastUpdateDate />
      <LastUpdateTime />
    </Product>
    <Product>
      <PriceUpdateDate>2018/05/16 07:09</PriceUpdateDate>
      <ItemCode>7290110561352</ItemCode>
      <ItemType>1</ItemType>
      <ItemName>דנונה דל לקטוז ביו 200 גר`</ItemName>
      <ManufactureName>שטראוס גרופ בעמ/מצונן</ManufactureName>
      <ManufactureCountry />
      <ManufactureItemDescription />
      <UnitQty>יח`</UnitQty>
      <Quantity>200</Quantity>
      <UnitMeasure>מ"ל</UnitMeasure>
      <BisWeighted>0</BisWeighted>
      <QtyInPackage>1</QtyInPackage>
      <ItemPrice>3.40</ItemPrice>
      <UnitOfMeasurePrice>1.70</UnitOfMeasurePrice>
      <AllowDiscount>0</AllowDiscount>
      <itemStatus>1</itemStatus>
      <LastUpdateDate />
      <LastUpdateTime />
    </Product>
    <Product>
      <PriceUpdateDate>2018/04/13 10:24</PriceUpdateDate>
      <ItemCode>7290110561543</ItemCode>
      <ItemType>1</ItemType>
      <ItemName>דנונה פרו טריפל זירו וניל 150 מל</ItemName>
      <ManufactureName>שטראוס גרופ בעמ/מצונן</ManufactureName>
      <ManufactureCountry />
      <ManufactureItemDescription />
      <UnitQty>יח`</UnitQty>
      <Quantity>150</Quantity>
      <UnitMeasure>גרם</UnitMeasure>
      <BisWeighted>0</BisWeighted>
      <QtyInPackage>1</QtyInPackage>
      <ItemPrice>4.60</ItemPrice>
      <UnitOfMeasurePrice>3.07</UnitOfMeasurePrice>
      <AllowDiscount>0</AllowDiscount>
      <itemStatus>1</itemStatus>
      <LastUpdateDate />
      <LastUpdateTime />
    </Product>
    <Product>
      <PriceUpdateDate>2019/04/18 10:09</PriceUpdateDate>
      <ItemCode>7290110561918</ItemCode>
      <ItemType>1</ItemType>
      <ItemName>תפוציפס אפוי בטעם יוגורט ושום שמיר 45 גר</ItemName>
      <ManufactureName>שטראוס פריטו ליי בעמ</ManufactureName>
      <ManufactureCountry />
      <ManufactureItemDescription />
      <UnitQty>יח`</UnitQty>
      <Quantity>45</Quantity>
      <UnitMeasure>גרם</UnitMeasure>
      <BisWeighted>0</BisWeighted>
      <QtyInPackage>1</QtyInPackage>
      <ItemPrice>3.90</ItemPrice>
      <UnitOfMeasurePrice>8.67</UnitOfMeasurePrice>
      <AllowDiscount>0</AllowDiscount>
      <itemStatus>1</itemStatus>
      <LastUpdateDate />
      <LastUpdateTime />
    </Product>
    <Product>
      <PriceUpdateDate>2018/07/18 12:25</PriceUpdateDate>
      <ItemCode>7290110562816</ItemCode>
      <ItemType>1</ItemType>
      <ItemName>רבע לשבע מריר ללא תוספת סוכר 120 גר`</ItemName>
      <ManufactureName>שטראוס גרופ בעמ</ManufactureName>
      <ManufactureCountry />
      <ManufactureItemDescription />
      <UnitQty>יח`</UnitQty>
      <Quantity>120</Quantity>
      <UnitMeasure>גרם</UnitMeasure>
      <BisWeighted>0</BisWeighted>
      <QtyInPackage>1</QtyInPackage>
      <ItemPrice>14.90</ItemPrice>
      <UnitOfMeasurePrice>12.42</UnitOfMeasurePrice>
      <AllowDiscount>0</AllowDiscount>
      <itemStatus>1</itemStatus>
      <LastUpdateDate />
      <LastUpdateTime />
    </Product>
    <Product>
      <PriceUpdateDate>2019/02/13 14:38</PriceUpdateDate>
      <ItemCode>7290110563448</ItemCode>
      <ItemType>1</ItemType>
      <ItemName>משקה קפה קר בסגנון מעודן  (2301.6% גר`)</ItemName>
      <ManufactureName>שטראוס גרופ בעמ/מצונן</ManufactureName>
      <ManufactureCountry />
      <ManufactureItemDescription />
      <UnitQty>יח`</UnitQty>
      <Quantity>230</Quantity>
      <UnitMeasure>1 ליטר</UnitMeasure>
      <BisWeighted>0</BisWeighted>
      <QtyInPackage>1</QtyInPackage>
      <ItemPrice>7.50</ItemPrice>
      <UnitOfMeasurePrice>0.03</UnitOfMeasurePrice>
      <AllowDiscount>0</AllowDiscount>
      <itemStatus>1</itemStatus>
      <LastUpdateDate />
      <LastUpdateTime />
    </Product>
    <Product>
      <PriceUpdateDate>2019/05/30 13:52</PriceUpdateDate>
      <ItemCode>7290110563462</ItemCode>
      <ItemType>1</ItemType>
      <ItemName>חלב נטול לקטוז 2% יטבתה בקבוק</ItemName>
      <ManufactureName>שטראוס גרופ בעמ/מצונן</ManufactureName>
      <ManufactureCountry />
      <ManufactureItemDescription />
      <UnitQty>יח`</UnitQty>
      <Quantity>1000</Quantity>
      <UnitMeasure>מ"ל</UnitMeasure>
      <BisWeighted>0</BisWeighted>
      <QtyInPackage>1</QtyInPackage>
      <ItemPrice>8.90</ItemPrice>
      <UnitOfMeasurePrice>0.89</UnitOfMeasurePrice>
      <AllowDiscount>0</AllowDiscount>
      <itemStatus>1</itemStatus>
      <LastUpdateDate />
      <LastUpdateTime />
    </Product>
    <Product>
      <PriceUpdateDate>2018/06/13 08:42</PriceUpdateDate>
      <ItemCode>7290110563851</ItemCode>
      <ItemType>1</ItemType>
      <ItemName>מאגדת אנרג`י תחתית חלב</ItemName>
      <ManufactureName>שטראוס גרופ בעמ</ManufactureName>
      <ManufactureCountry />
      <ManufactureItemDescription />
      <UnitQty>יח`</UnitQty>
      <Quantity>144</Quantity>
      <UnitMeasure>גרם</UnitMeasure>
      <BisWeighted>0</BisWeighted>
      <QtyInPackage>1</QtyInPackage>
      <ItemPrice>14.90</ItemPrice>
      <UnitOfMeasurePrice>10.35</UnitOfMeasurePrice>
      <AllowDiscount>1</AllowDiscount>
      <itemStatus>1</itemStatus>
      <LastUpdateDate />
      <LastUpdateTime />
    </Product>
    <Product>
      <PriceUpdateDate>2018/06/13 08:42</PriceUpdateDate>
      <ItemCode>7290110563868</ItemCode>
      <ItemType>1</ItemType>
      <ItemName>חטיף אנרגי מאג תחתית מריר</ItemName>
      <ManufactureName>שטראוס גרופ בעמ</ManufactureName>
      <ManufactureCountry />
      <ManufactureItemDescription />
      <UnitQty>יח`</UnitQty>
      <Quantity>144</Quantity>
      <UnitMeasure>גרם</UnitMeasure>
      <BisWeighted>0</BisWeighted>
      <QtyInPackage>1</QtyInPackage>
      <ItemPrice>14.90</ItemPrice>
      <UnitOfMeasurePrice>10.35</UnitOfMeasurePrice>
      <AllowDiscount>1</AllowDiscount>
      <itemStatus>1</itemStatus>
      <LastUpdateDate />
      <LastUpdateTime />
    </Product>
    <Product>
      <PriceUpdateDate>2018/07/11 13:01</PriceUpdateDate>
      <ItemCode>7290110563905</ItemCode>
      <ItemType>1</ItemType>
      <ItemName>מאגדת שלישיית פסק זמן ללא סוכר.</ItemName>
      <ManufactureName>שטראוס גרופ בעמ</ManufactureName>
      <ManufactureCountry />
      <ManufactureItemDescription />
      <UnitQty>יח`</UnitQty>
      <Quantity>135</Quantity>
      <UnitMeasure>גרם</UnitMeasure>
      <BisWeighted>0</BisWeighted>
      <QtyInPackage>1</QtyInPackage>
      <ItemPrice>14.90</ItemPrice>
      <UnitOfMeasurePrice>11.04</UnitOfMeasurePrice>
      <AllowDiscount>0</AllowDiscount>
      <itemStatus>1</itemStatus>
      <LastUpdateDate />
      <LastUpdateTime />
    </Product>
    <Product>
      <PriceUpdateDate>2018/06/13 08:42</PriceUpdateDate>
      <ItemCode>7290110563912</ItemCode>
      <ItemType>1</ItemType>
      <ItemName>חטיף אנרגי מאג מיקס אגוזים</ItemName>
      <ManufactureName>שטראוס גרופ בעמ</ManufactureName>
      <ManufactureCountry />
      <ManufactureItemDescription />
      <UnitQty>יח`</UnitQty>
      <Quantity>144</Quantity>
      <UnitMeasure>גרם</UnitMeasure>
      <BisWeighted>0</BisWeighted>
      <QtyInPackage>1</QtyInPackage>
      <ItemPrice>14.90</ItemPrice>
      <UnitOfMeasurePrice>10.35</UnitOfMeasurePrice>
      <AllowDiscount>1</AllowDiscount>
      <itemStatus>1</itemStatus>
      <LastUpdateDate />
      <LastUpdateTime />
    </Product>
    <Product>
      <PriceUpdateDate>2018/02/16 09:37</PriceUpdateDate>
      <ItemCode>7290110564339</ItemCode>
      <ItemType>1</ItemType>
      <ItemName>חומוס הסדרה המובחרת עשיר 30% טחינה 400 ג</ItemName>
      <ManufactureName>שטראוס גרופ בעמ/מצונן</ManufactureName>
      <ManufactureCountry />
      <ManufactureItemDescription />
      <UnitQty>יח`</UnitQty>
      <Quantity>400</Quantity>
      <UnitMeasure>גרם</UnitMeasure>
      <BisWeighted>0</BisWeighted>
      <QtyInPackage>1</QtyInPackage>
      <ItemPrice>13.90</ItemPrice>
      <UnitOfMeasurePrice>3.48</UnitOfMeasurePrice>
      <AllowDiscount>0</AllowDiscount>
      <itemStatus>1</itemStatus>
      <LastUpdateDate />
      <LastUpdateTime />
    </Product>
    <Product>
      <PriceUpdateDate>2019/09/26 07:49</PriceUpdateDate>
      <ItemCode>7290110564346</ItemCode>
      <ItemType>1</ItemType>
      <ItemName>בלונדי קרם בראוניז 100  גר`עלית</ItemName>
      <ManufactureName>שטראוס גרופ בעמ</ManufactureName>
      <ManufactureCountry />
      <ManufactureItemDescription />
      <UnitQty>יח`</UnitQty>
      <Quantity>100</Quantity>
      <UnitMeasure>גרם</UnitMeasure>
      <BisWeighted>0</BisWeighted>
      <QtyInPackage>1</QtyInPackage>
      <ItemPrice>7.50</ItemPrice>
      <UnitOfMeasurePrice>7.50</UnitOfMeasurePrice>
      <AllowDiscount>0</AllowDiscount>
      <itemStatus>1</itemStatus>
      <LastUpdateDate />
      <LastUpdateTime />
    </Product>
    <Product>
      <PriceUpdateDate>2019/09/26 07:49</PriceUpdateDate>
      <ItemCode>7290110564353</ItemCode>
      <ItemType>1</ItemType>
      <ItemName>בלונדי קרם אגוזי לוז 100  גר`עלית</ItemName>
      <ManufactureName>שטראוס גרופ בעמ</ManufactureName>
      <ManufactureCountry />
      <ManufactureItemDescription />
      <UnitQty>יח`</UnitQty>
      <Quantity>100</Quantity>
      <UnitMeasure>גרם</UnitMeasure>
      <BisWeighted>0</BisWeighted>
      <QtyInPackage>1</QtyInPackage>
      <ItemPrice>7.50</ItemPrice>
      <UnitOfMeasurePrice>7.50</UnitOfMeasurePrice>
      <AllowDiscount>0</AllowDiscount>
      <itemStatus>1</itemStatus>
      <LastUpdateDate />
      <LastUpdateTime />
    </Product>
    <Product>
      <PriceUpdateDate>2018/02/16 09:37</PriceUpdateDate>
      <ItemCode>7290110564360</ItemCode>
      <ItemType>1</ItemType>
      <ItemName>חומוס הסדרה המובחרת עשיר 40% טחינה 400 ג</ItemName>
      <ManufactureName>שטראוס גרופ בעמ/מצונן</ManufactureName>
      <ManufactureCountry />
      <ManufactureItemDescription />
      <UnitQty>יח`</UnitQty>
      <Quantity>400</Quantity>
      <UnitMeasure>גרם</UnitMeasure>
      <BisWeighted>0</BisWeighted>
      <QtyInPackage>1</QtyInPackage>
      <ItemPrice>13.90</ItemPrice>
      <UnitOfMeasurePrice>3.48</UnitOfMeasurePrice>
      <AllowDiscount>0</AllowDiscount>
      <itemStatus>1</itemStatus>
      <LastUpdateDate />
      <LastUpdateTime />
    </Product>
    <Product>
      <PriceUpdateDate>2019/08/01 11:06</PriceUpdateDate>
      <ItemCode>7290110564513</ItemCode>
      <ItemType>1</ItemType>
      <ItemName>עוגת אגוזי עם קרם 380 גר` עלית</ItemName>
      <ManufactureName>שטראוס גרופ בעמ</ManufactureName>
      <ManufactureCountry />
      <ManufactureItemDescription />
      <UnitQty>יח`</UnitQty>
      <Quantity>380</Quantity>
      <UnitMeasure>גרם</UnitMeasure>
      <BisWeighted>0</BisWeighted>
      <QtyInPackage>1</QtyInPackage>
      <ItemPrice>17.90</ItemPrice>
      <UnitOfMeasurePrice>4.71</UnitOfMeasurePrice>
      <AllowDiscount>0</AllowDiscount>
      <itemStatus>1</itemStatus>
      <LastUpdateDate />
      <LastUpdateTime />
    </Product>
    <Product>
      <PriceUpdateDate>2018/10/12 13:18</PriceUpdateDate>
      <ItemCode>7290110564520</ItemCode>
      <ItemType>1</ItemType>
      <ItemName>בפלות אצבעות טוויסט 120  גר`עלית</ItemName>
      <ManufactureName>שטראוס גרופ בעמ</ManufactureName>
      <ManufactureCountry />
      <ManufactureItemDescription />
      <UnitQty>יח`</UnitQty>
      <Quantity>120</Quantity>
      <UnitMeasure>גרם</UnitMeasure>
      <BisWeighted>0</BisWeighted>
      <QtyInPackage>1</QtyInPackage>
      <ItemPrice>11.90</ItemPrice>
      <UnitOfMeasurePrice>9.92</UnitOfMeasurePrice>
      <AllowDiscount>0</AllowDiscount>
      <itemStatus>1</itemStatus>
      <LastUpdateDate />
      <LastUpdateTime />
    </Product>
    <Product>
      <PriceUpdateDate>2020/01/09 07:36</PriceUpdateDate>
      <ItemCode>7290110564919</ItemCode>
      <ItemType>1</ItemType>
      <ItemName>דנונה מ.מעודנת ללא סוכר 150 גרם</ItemName>
      <ManufactureName>שטראוס גרופ בעמ/מצונן</ManufactureName>
      <ManufactureCountry />
      <ManufactureItemDescription />
      <UnitQty>יח`</UnitQty>
      <Quantity>150</Quantity>
      <UnitMeasure>גרם</UnitMeasure>
      <BisWeighted>0</BisWeighted>
      <QtyInPackage>1</QtyInPackage>
      <ItemPrice>3.70</ItemPrice>
      <UnitOfMeasurePrice>2.47</UnitOfMeasurePrice>
      <AllowDiscount>1</AllowDiscount>
      <itemStatus>1</itemStatus>
      <LastUpdateDate />
      <LastUpdateTime />
    </Product>
    <Product>
      <PriceUpdateDate>2018/01/11 20:39</PriceUpdateDate>
      <ItemCode>7290110565435</ItemCode>
      <ItemType>1</ItemType>
      <ItemName>מעדן ג`לי בטעם פטל חלבי שטראוס (125 גרם</ItemName>
      <ManufactureName>שטראוס גרופ בעמ/מצונן</ManufactureName>
      <ManufactureCountry />
      <ManufactureItemDescription />
      <UnitQty>יח`</UnitQty>
      <Quantity>125</Quantity>
      <UnitMeasure>גרם</UnitMeasure>
      <BisWeighted>0</BisWeighted>
      <QtyInPackage>1</QtyInPackage>
      <ItemPrice>2</ItemPrice>
      <UnitOfMeasurePrice>1.60</UnitOfMeasurePrice>
      <AllowDiscount>0</AllowDiscount>
      <itemStatus>1</itemStatus>
      <LastUpdateDate />
      <LastUpdateTime />
    </Product>
    <Product>
      <PriceUpdateDate>2017/12/14 10:28</PriceUpdateDate>
      <ItemCode>7290110565497</ItemCode>
      <ItemType>1</ItemType>
      <ItemName>יטבתה פרו קפה ללא סוכר 250 מל</ItemName>
      <ManufactureName>שטראוס גרופ בעמ/מצונן</ManufactureName>
      <ManufactureCountry />
      <ManufactureItemDescription />
      <UnitQty>יח`</UnitQty>
      <Quantity>250</Quantity>
      <UnitMeasure>מ"ל</UnitMeasure>
      <BisWeighted>0</BisWeighted>
      <QtyInPackage>1</QtyInPackage>
      <ItemPrice>4.90</ItemPrice>
      <UnitOfMeasurePrice>1.96</UnitOfMeasurePrice>
      <AllowDiscount>0</AllowDiscount>
      <itemStatus>1</itemStatus>
      <LastUpdateDate />
      <LastUpdateTime />
    </Product>
    <Product>
      <PriceUpdateDate>2017/12/14 10:28</PriceUpdateDate>
      <ItemCode>7290110565527</ItemCode>
      <ItemType>1</ItemType>
      <ItemName>דנונה פרו 20 גר` חלבון</ItemName>
      <ManufactureName>שטראוס גרופ בעמ/מצונן</ManufactureName>
      <ManufactureCountry />
      <ManufactureItemDescription />
      <UnitQty>יח`</UnitQty>
      <Quantity>200</Quantity>
      <UnitMeasure>מ"ל</UnitMeasure>
      <BisWeighted>0</BisWeighted>
      <QtyInPackage>1</QtyInPackage>
      <ItemPrice>5.90</ItemPrice>
      <UnitOfMeasurePrice>2.95</UnitOfMeasurePrice>
      <AllowDiscount>0</AllowDiscount>
      <itemStatus>1</itemStatus>
      <LastUpdateDate />
      <LastUpdateTime />
    </Product>
    <Product>
      <PriceUpdateDate>2019/07/14 08:24</PriceUpdateDate>
      <ItemCode>7290110565572</ItemCode>
      <ItemType>1</ItemType>
      <ItemName>מארז טורקי לדרך עם הל 168 גר`</ItemName>
      <ManufactureName>שטראוס גרופ בעמ</ManufactureName>
      <ManufactureCountry />
      <ManufactureItemDescription />
      <UnitQty>יח`</UnitQty>
      <Quantity>168</Quantity>
      <UnitMeasure>גרם</UnitMeasure>
      <BisWeighted>0</BisWeighted>
      <QtyInPackage>1</QtyInPackage>
      <ItemPrice>17.90</ItemPrice>
      <UnitOfMeasurePrice>10.65</UnitOfMeasurePrice>
      <AllowDiscount>0</AllowDiscount>
      <itemStatus>1</itemStatus>
      <LastUpdateDate />
      <LastUpdateTime />
    </Product>
    <Product>
      <PriceUpdateDate>2018/10/12 13:18</PriceUpdateDate>
      <ItemCode>7290110565664</ItemCode>
      <ItemType>1</ItemType>
      <ItemName>בראוניס שוקולד מריר עם קרם 380 גר` בדצ</ItemName>
      <ManufactureName>שטראוס גרופ בעמ</ManufactureName>
      <ManufactureCountry />
      <ManufactureItemDescription />
      <UnitQty>יח`</UnitQty>
      <Quantity>380</Quantity>
      <UnitMeasure>גרם</UnitMeasure>
      <BisWeighted>0</BisWeighted>
      <QtyInPackage>1</QtyInPackage>
      <ItemPrice>16.90</ItemPrice>
      <UnitOfMeasurePrice>4.45</UnitOfMeasurePrice>
      <AllowDiscount>0</AllowDiscount>
      <itemStatus>1</itemStatus>
      <LastUpdateDate />
      <LastUpdateTime />
    </Product>
    <Product>
      <PriceUpdateDate>2018/10/11 10:43</PriceUpdateDate>
      <ItemCode>7290110565695</ItemCode>
      <ItemType>1</ItemType>
      <ItemName>בפלות אצבעות בלונדי קרמל מלוח 120  גר`על</ItemName>
      <ManufactureName>שטראוס גרופ בעמ</ManufactureName>
      <ManufactureCountry />
      <ManufactureItemDescription />
      <UnitQty>יח`</UnitQty>
      <Quantity>120</Quantity>
      <UnitMeasure>גרם</UnitMeasure>
      <BisWeighted>0</BisWeighted>
      <QtyInPackage>1</QtyInPackage>
      <ItemPrice>11.90</ItemPrice>
      <UnitOfMeasurePrice>9.92</UnitOfMeasurePrice>
      <AllowDiscount>0</AllowDiscount>
      <itemStatus>1</itemStatus>
      <LastUpdateDate />
      <LastUpdateTime />
    </Product>
    <Product>
      <PriceUpdateDate>2018/10/12 13:18</PriceUpdateDate>
      <ItemCode>7290110566166</ItemCode>
      <ItemType>1</ItemType>
      <ItemName>בפלות אצבעות פסק זמן מריר 120  גר`עלית</ItemName>
      <ManufactureName>שטראוס גרופ בעמ</ManufactureName>
      <ManufactureCountry />
      <ManufactureItemDescription />
      <UnitQty>יח`</UnitQty>
      <Quantity>120</Quantity>
      <UnitMeasure>גרם</UnitMeasure>
      <BisWeighted>0</BisWeighted>
      <QtyInPackage>1</QtyInPackage>
      <ItemPrice>11.90</ItemPrice>
      <UnitOfMeasurePrice>9.92</UnitOfMeasurePrice>
      <AllowDiscount>0</AllowDiscount>
      <itemStatus>1</itemStatus>
      <LastUpdateDate />
      <LastUpdateTime />
    </Product>
    <Product>
      <PriceUpdateDate>2018/06/13 08:42</PriceUpdateDate>
      <ItemCode>7290110566418</ItemCode>
      <ItemType>1</ItemType>
      <ItemName>רבע לשבע מריר 60% עלית 120 גר`</ItemName>
      <ManufactureName>שטראוס גרופ בעמ</ManufactureName>
      <ManufactureCountry />
      <ManufactureItemDescription />
      <UnitQty>יח`</UnitQty>
      <Quantity>120</Quantity>
      <UnitMeasure>גרם</UnitMeasure>
      <BisWeighted>0</BisWeighted>
      <QtyInPackage>1</QtyInPackage>
      <ItemPrice>12.90</ItemPrice>
      <UnitOfMeasurePrice>10.75</UnitOfMeasurePrice>
      <AllowDiscount>1</AllowDiscount>
      <itemStatus>1</itemStatus>
      <LastUpdateDate />
      <LastUpdateTime />
    </Product>
    <Product>
      <PriceUpdateDate>2018/07/19 09:04</PriceUpdateDate>
      <ItemCode>7290110566623</ItemCode>
      <ItemType>1</ItemType>
      <ItemName>קפסולות קפה עלית קולומביה 08</ItemName>
      <ManufactureName>שטראוס גרופ בעמ</ManufactureName>
      <ManufactureCountry />
      <ManufactureItemDescription />
      <UnitQty>יח`</UnitQty>
      <Quantity>50</Quantity>
      <UnitMeasure>גרם</UnitMeasure>
      <BisWeighted>0</BisWeighted>
      <QtyInPackage>1</QtyInPackage>
      <ItemPrice>16.90</ItemPrice>
      <UnitOfMeasurePrice>33.80</UnitOfMeasurePrice>
      <AllowDiscount>1</AllowDiscount>
      <itemStatus>1</itemStatus>
      <LastUpdateDate />
      <LastUpdateTime />
    </Product>
    <Product>
      <PriceUpdateDate>2018/05/16 07:09</PriceUpdateDate>
      <ItemCode>7290110566975</ItemCode>
      <ItemType>1</ItemType>
      <ItemName>דנונה פרו 200 גר` תות</ItemName>
      <ManufactureName>שטראוס גרופ בעמ/מצונן</ManufactureName>
      <ManufactureCountry />
      <ManufactureItemDescription />
      <UnitQty>יח`</UnitQty>
      <Quantity>200</Quantity>
      <UnitMeasure>מ"ל</UnitMeasure>
      <BisWeighted>0</BisWeighted>
      <QtyInPackage>1</QtyInPackage>
      <ItemPrice>5.90</ItemPrice>
      <UnitOfMeasurePrice>2.95</UnitOfMeasurePrice>
      <AllowDiscount>0</AllowDiscount>
      <itemStatus>1</itemStatus>
      <LastUpdateDate />
      <LastUpdateTime />
    </Product>
    <Product>
      <PriceUpdateDate>2018/10/11 10:43</PriceUpdateDate>
      <ItemCode>7290110567309</ItemCode>
      <ItemType>1</ItemType>
      <ItemName>פסק זמן חטיף בלונדי עם קרם חלב 45 גר`</ItemName>
      <ManufactureName>שטראוס גרופ בעמ</ManufactureName>
      <ManufactureCountry />
      <ManufactureItemDescription />
      <UnitQty>יח`</UnitQty>
      <Quantity>45</Quantity>
      <UnitMeasure>גרם</UnitMeasure>
      <BisWeighted>0</BisWeighted>
      <QtyInPackage>1</QtyInPackage>
      <ItemPrice>4.90</ItemPrice>
      <UnitOfMeasurePrice>10.89</UnitOfMeasurePrice>
      <AllowDiscount>0</AllowDiscount>
      <itemStatus>1</itemStatus>
      <LastUpdateDate />
      <LastUpdateTime />
    </Product>
    <Product>
      <PriceUpdateDate>2018/07/19 12:43</PriceUpdateDate>
      <ItemCode>7290110568238</ItemCode>
      <ItemType>1</ItemType>
      <ItemName>קצפת צמחית 21% שומן 250 מל יטבתה</ItemName>
      <ManufactureName>שטראוס גרופ בעמ/מצונן</ManufactureName>
      <ManufactureCountry />
      <ManufactureItemDescription />
      <UnitQty>יח`</UnitQty>
      <Quantity>250</Quantity>
      <UnitMeasure>מ"ל</UnitMeasure>
      <BisWeighted>0</BisWeighted>
      <QtyInPackage>1</QtyInPackage>
      <ItemPrice>7.50</ItemPrice>
      <UnitOfMeasurePrice>3</UnitOfMeasurePrice>
      <AllowDiscount>0</AllowDiscount>
      <itemStatus>1</itemStatus>
      <LastUpdateDate />
      <LastUpdateTime />
    </Product>
    <Product>
      <PriceUpdateDate>2018/06/08 09:33</PriceUpdateDate>
      <ItemCode>7290110568276</ItemCode>
      <ItemType>1</ItemType>
      <ItemName>משקה יטבתה פרו וניל 350 מל</ItemName>
      <ManufactureName>שטראוס גרופ בעמ/מצונן</ManufactureName>
      <ManufactureCountry />
      <ManufactureItemDescription />
      <UnitQty>יח`</UnitQty>
      <Quantity>350</Quantity>
      <UnitMeasure>מ"ל</UnitMeasure>
      <BisWeighted>0</BisWeighted>
      <QtyInPackage>1</QtyInPackage>
      <ItemPrice>6.50</ItemPrice>
      <UnitOfMeasurePrice>1.86</UnitOfMeasurePrice>
      <AllowDiscount>0</AllowDiscount>
      <itemStatus>1</itemStatus>
      <LastUpdateDate />
      <LastUpdateTime />
    </Product>
    <Product>
      <PriceUpdateDate>2018/07/17 08:39</PriceUpdateDate>
      <ItemCode>7290110568559</ItemCode>
      <ItemType>1</ItemType>
      <ItemName>חטיף מארז דוריטוס חמוץ חריף 25*10 גר`</ItemName>
      <ManufactureName>שטראוס פריטו ליי בעמ</ManufactureName>
      <ManufactureCountry />
      <ManufactureItemDescription />
      <UnitQty>יח`</UnitQty>
      <Quantity>250</Quantity>
      <UnitMeasure>גרם</UnitMeasure>
      <BisWeighted>0</BisWeighted>
      <QtyInPackage>1</QtyInPackage>
      <ItemPrice>13.90</ItemPrice>
      <UnitOfMeasurePrice>5.56</UnitOfMeasurePrice>
      <AllowDiscount>0</AllowDiscount>
      <itemStatus>1</itemStatus>
      <LastUpdateDate />
      <LastUpdateTime />
    </Product>
    <Product>
      <PriceUpdateDate>2018/07/17 08:39</PriceUpdateDate>
      <ItemCode>7290110568566</ItemCode>
      <ItemType>1</ItemType>
      <ItemName>חטיף מארז דוריטוס גריל 25*10 גר`</ItemName>
      <ManufactureName>שטראוס פריטו ליי בעמ</ManufactureName>
      <ManufactureCountry />
      <ManufactureItemDescription />
      <UnitQty>יח`</UnitQty>
      <Quantity>250</Quantity>
      <UnitMeasure>גרם</UnitMeasure>
      <BisWeighted>0</BisWeighted>
      <QtyInPackage>1</QtyInPackage>
      <ItemPrice>13.90</ItemPrice>
      <UnitOfMeasurePrice>5.56</UnitOfMeasurePrice>
      <AllowDiscount>0</AllowDiscount>
      <itemStatus>1</itemStatus>
      <LastUpdateDate />
      <LastUpdateTime />
    </Product>
    <Product>
      <PriceUpdateDate>2019/09/01 12:16</PriceUpdateDate>
      <ItemCode>7290111340185</ItemCode>
      <ItemType>1</ItemType>
      <ItemName>ניקול מטליות לחות לריצפה ניחוח מרכך כביס</ItemName>
      <ManufactureName>קימברלי קלארק ישראל שיווק בעמ</ManufactureName>
      <ManufactureCountry />
      <ManufactureItemDescription />
      <UnitQty>יח`</UnitQty>
      <Quantity>1</Quantity>
      <UnitMeasure />
      <BisWeighted>0</BisWeighted>
      <QtyInPackage>1</QtyInPackage>
      <ItemPrice>13.90</ItemPrice>
      <UnitOfMeasurePrice>13.90</UnitOfMeasurePrice>
      <AllowDiscount>1</AllowDiscount>
      <itemStatus>1</itemStatus>
      <LastUpdateDate />
      <LastUpdateTime />
    </Product>
    <Product>
      <PriceUpdateDate>2018/09/05 10:21</PriceUpdateDate>
      <ItemCode>7290111341359</ItemCode>
      <ItemType>1</ItemType>
      <ItemName>ניקול רדיד אלומיניום חסכוני 60 מטר עם סכ</ItemName>
      <ManufactureName>קימברלי קלארק ישראל שיווק בעמ</ManufactureName>
      <ManufactureCountry />
      <ManufactureItemDescription />
      <UnitQty>יח`</UnitQty>
      <Quantity>1</Quantity>
      <UnitMeasure />
      <BisWeighted>0</BisWeighted>
      <QtyInPackage>1</QtyInPackage>
      <ItemPrice>44.90</ItemPrice>
      <UnitOfMeasurePrice>44.90</UnitOfMeasurePrice>
      <AllowDiscount>1</AllowDiscount>
      <itemStatus>1</itemStatus>
      <LastUpdateDate />
      <LastUpdateTime />
    </Product>
    <Product>
      <PriceUpdateDate>2018/09/05 10:21</PriceUpdateDate>
      <ItemCode>7290111341366</ItemCode>
      <ItemType>1</ItemType>
      <ItemName>מפיות אירוח איכותיות ונעימות למגע ניקול</ItemName>
      <ManufactureName>קימברלי קלארק ישראל שיווק בעמ</ManufactureName>
      <ManufactureCountry />
      <ManufactureItemDescription />
      <UnitQty>יח`</UnitQty>
      <Quantity>1</Quantity>
      <UnitMeasure />
      <BisWeighted>0</BisWeighted>
      <QtyInPackage>1</QtyInPackage>
      <ItemPrice>8.90</ItemPrice>
      <UnitOfMeasurePrice>8.90</UnitOfMeasurePrice>
      <AllowDiscount>1</AllowDiscount>
      <itemStatus>1</itemStatus>
      <LastUpdateDate />
      <LastUpdateTime />
    </Product>
    <Product>
      <PriceUpdateDate>2019/06/16 08:27</PriceUpdateDate>
      <ItemCode>7290111341533</ItemCode>
      <ItemType>1</ItemType>
      <ItemName>תחבושות קוטקס אקטיב סופר דאו ( 18 יח)</ItemName>
      <ManufactureName>קימברלי קלארק ישראל שיווק בעמ</ManufactureName>
      <ManufactureCountry />
      <ManufactureItemDescription />
      <UnitQty>יח`</UnitQty>
      <Quantity>1</Quantity>
      <UnitMeasure />
      <BisWeighted>0</BisWeighted>
      <QtyInPackage>1</QtyInPackage>
      <ItemPrice>14.90</ItemPrice>
      <UnitOfMeasurePrice>14.90</UnitOfMeasurePrice>
      <AllowDiscount>1</AllowDiscount>
      <itemStatus>1</itemStatus>
      <LastUpdateDate />
      <LastUpdateTime />
    </Product>
    <Product>
      <PriceUpdateDate>2019/06/16 08:27</PriceUpdateDate>
      <ItemCode>7290111341540</ItemCode>
      <ItemType>1</ItemType>
      <ItemName>טמפונים קוטקוס אקטיב  נורמל( 32 יח)</ItemName>
      <ManufactureName>קימברלי קלארק ישראל שיווק בעמ</ManufactureName>
      <ManufactureCountry />
      <ManufactureItemDescription />
      <UnitQty>יח`</UnitQty>
      <Quantity>1</Quantity>
      <UnitMeasure />
      <BisWeighted>0</BisWeighted>
      <QtyInPackage>1</QtyInPackage>
      <ItemPrice>24.90</ItemPrice>
      <UnitOfMeasurePrice>24.90</UnitOfMeasurePrice>
      <AllowDiscount>0</AllowDiscount>
      <itemStatus>1</itemStatus>
      <LastUpdateDate />
      <LastUpdateTime />
    </Product>
    <Product>
      <PriceUpdateDate>2019/02/17 08:14</PriceUpdateDate>
      <ItemCode>7290111341830</ItemCode>
      <ItemType>1</ItemType>
      <ItemName>מפת שולחן בגליל עם סליידר ניקול</ItemName>
      <ManufactureName>קימברלי קלארק ישראל שיווק בעמ</ManufactureName>
      <ManufactureCountry />
      <ManufactureItemDescription />
      <UnitQty>יח`</UnitQty>
      <Quantity>1</Quantity>
      <UnitMeasure />
      <BisWeighted>0</BisWeighted>
      <QtyInPackage>1</QtyInPackage>
      <ItemPrice>24.90</ItemPrice>
      <UnitOfMeasurePrice>24.90</UnitOfMeasurePrice>
      <AllowDiscount>0</AllowDiscount>
      <itemStatus>1</itemStatus>
      <LastUpdateDate />
      <LastUpdateTime />
    </Product>
    <Product>
      <PriceUpdateDate>2019/09/24 08:01</PriceUpdateDate>
      <ItemCode>7290111341984</ItemCode>
      <ItemType>1</ItemType>
      <ItemName>נייר טואלט לילי לח מארז רביעייה</ItemName>
      <ManufactureName>קימברלי קלארק ישראל שיווק בעמ</ManufactureName>
      <ManufactureCountry />
      <ManufactureItemDescription />
      <UnitQty>יח`</UnitQty>
      <Quantity>100</Quantity>
      <UnitMeasure>גרם</UnitMeasure>
      <BisWeighted>0</BisWeighted>
      <QtyInPackage>1</QtyInPackage>
      <ItemPrice>19.90</ItemPrice>
      <UnitOfMeasurePrice>19.90</UnitOfMeasurePrice>
      <AllowDiscount>0</AllowDiscount>
      <itemStatus>1</itemStatus>
      <LastUpdateDate />
      <LastUpdateTime />
    </Product>
    <Product>
      <PriceUpdateDate>2020/01/15 17:10</PriceUpdateDate>
      <ItemCode>7290111342042</ItemCode>
      <ItemType>1</ItemType>
      <ItemName>כריות יפניות אנטיבקטריאליות ניקול</ItemName>
      <ManufactureName>קימברלי קלארק ישראל שיווק בעמ</ManufactureName>
      <ManufactureCountry />
      <ManufactureItemDescription />
      <UnitQty>יח`</UnitQty>
      <Quantity>1</Quantity>
      <UnitMeasure />
      <BisWeighted>0</BisWeighted>
      <QtyInPackage>1</QtyInPackage>
      <ItemPrice>12.90</ItemPrice>
      <UnitOfMeasurePrice>12.90</UnitOfMeasurePrice>
      <AllowDiscount>1</AllowDiscount>
      <itemStatus>1</itemStatus>
      <LastUpdateDate />
      <LastUpdateTime />
    </Product>
    <Product>
      <PriceUpdateDate>2020/01/19 09:13</PriceUpdateDate>
      <ItemCode>7290111342059</ItemCode>
      <ItemType>1</ItemType>
      <ItemName>מטליות לחות אנטיבקטריאלי</ItemName>
      <ManufactureName>קימברלי קלארק ישראל שיווק בעמ</ManufactureName>
      <ManufactureCountry />
      <ManufactureItemDescription />
      <UnitQty>יח`</UnitQty>
      <Quantity>1</Quantity>
      <UnitMeasure />
      <BisWeighted>0</BisWeighted>
      <QtyInPackage>1</QtyInPackage>
      <ItemPrice>12.90</ItemPrice>
      <UnitOfMeasurePrice>12.90</UnitOfMeasurePrice>
      <AllowDiscount>1</AllowDiscount>
      <itemStatus>1</itemStatus>
      <LastUpdateDate />
      <LastUpdateTime />
    </Product>
    <Product>
      <PriceUpdateDate>2019/10/31 06:43</PriceUpdateDate>
      <ItemCode>7290111342189</ItemCode>
      <ItemType>1</ItemType>
      <ItemName>מפיות אירוח איכותיות צבעוני - ניקול</ItemName>
      <ManufactureName>קימברלי קלארק ישראל שיווק בעמ</ManufactureName>
      <ManufactureCountry />
      <ManufactureItemDescription />
      <UnitQty>יח`</UnitQty>
      <Quantity>1</Quantity>
      <UnitMeasure />
      <BisWeighted>0</BisWeighted>
      <QtyInPackage>1</QtyInPackage>
      <ItemPrice>8.90</ItemPrice>
      <UnitOfMeasurePrice>8.90</UnitOfMeasurePrice>
      <AllowDiscount>1</AllowDiscount>
      <itemStatus>1</itemStatus>
      <LastUpdateDate />
      <LastUpdateTime />
    </Product>
    <Product>
      <PriceUpdateDate>2019/12/19 09:41</PriceUpdateDate>
      <ItemCode>7290111342196</ItemCode>
      <ItemType>1</ItemType>
      <ItemName>מגן תחתון ג`גיה נורמל קוטקס (76 )</ItemName>
      <ManufactureName>קימברלי קלארק ישראל שיווק בעמ</ManufactureName>
      <ManufactureCountry />
      <ManufactureItemDescription />
      <UnitQty>יח`</UnitQty>
      <Quantity>1</Quantity>
      <UnitMeasure />
      <BisWeighted>0</BisWeighted>
      <QtyInPackage>1</QtyInPackage>
      <ItemPrice>19.90</ItemPrice>
      <UnitOfMeasurePrice>19.90</UnitOfMeasurePrice>
      <AllowDiscount>1</AllowDiscount>
      <itemStatus>1</itemStatus>
      <LastUpdateDate />
      <LastUpdateTime />
    </Product>
    <Product>
      <PriceUpdateDate>2019/12/15 14:11</PriceUpdateDate>
      <ItemCode>7290111342547</ItemCode>
      <ItemType>1</ItemType>
      <ItemName>מגן תחתון יאנג ג`יגה קוטקס (76)</ItemName>
      <ManufactureName>קימברלי קלארק ישראל שיווק בעמ</ManufactureName>
      <ManufactureCountry />
      <ManufactureItemDescription />
      <UnitQty>יח`</UnitQty>
      <Quantity>1</Quantity>
      <UnitMeasure />
      <BisWeighted>0</BisWeighted>
      <QtyInPackage>1</QtyInPackage>
      <ItemPrice>19.90</ItemPrice>
      <UnitOfMeasurePrice>19.90</UnitOfMeasurePrice>
      <AllowDiscount>1</AllowDiscount>
      <itemStatus>1</itemStatus>
      <LastUpdateDate />
      <LastUpdateTime />
    </Product>
    <Product>
      <PriceUpdateDate>2018/07/16 12:11</PriceUpdateDate>
      <ItemCode>7290111350504</ItemCode>
      <ItemType>1</ItemType>
      <ItemName>עוגות אישיות בטעם וניל 250 גר` צו`קטה</ItemName>
      <ManufactureName>ליימן שליסל בעמ</ManufactureName>
      <ManufactureCountry />
      <ManufactureItemDescription />
      <UnitQty>יח`</UnitQty>
      <Quantity>250</Quantity>
      <UnitMeasure>גרם</UnitMeasure>
      <BisWeighted>0</BisWeighted>
      <QtyInPackage>1</QtyInPackage>
      <ItemPrice>13.90</ItemPrice>
      <UnitOfMeasurePrice>5.56</UnitOfMeasurePrice>
      <AllowDiscount>1</AllowDiscount>
      <itemStatus>1</itemStatus>
      <LastUpdateDate />
      <LastUpdateTime />
    </Product>
    <Product>
      <PriceUpdateDate>2019/03/31 08:18</PriceUpdateDate>
      <ItemCode>7290111350894</ItemCode>
      <ItemType>1</ItemType>
      <ItemName>חטיפי מיניס בוטנים וקרמל 180 גר`</ItemName>
      <ManufactureName>ליימן שליסל בעמ</ManufactureName>
      <ManufactureCountry />
      <ManufactureItemDescription />
      <UnitQty>יח`</UnitQty>
      <Quantity>180</Quantity>
      <UnitMeasure>גרם</UnitMeasure>
      <BisWeighted>0</BisWeighted>
      <QtyInPackage>1</QtyInPackage>
      <ItemPrice>7.90</ItemPrice>
      <UnitOfMeasurePrice>4.39</UnitOfMeasurePrice>
      <AllowDiscount>0</AllowDiscount>
      <itemStatus>1</itemStatus>
      <LastUpdateDate />
      <LastUpdateTime />
    </Product>
    <Product>
      <PriceUpdateDate>2018/12/20 11:15</PriceUpdateDate>
      <ItemCode>7290111350993</ItemCode>
      <ItemType>1</ItemType>
      <ItemName>סוכריות גומי דובונים 200  גר`יוגטה</ItemName>
      <ManufactureName>ליימן שליסל בעמ</ManufactureName>
      <ManufactureCountry />
      <ManufactureItemDescription />
      <UnitQty>יח`</UnitQty>
      <Quantity>200</Quantity>
      <UnitMeasure>גרם</UnitMeasure>
      <BisWeighted>0</BisWeighted>
      <QtyInPackage>1</QtyInPackage>
      <ItemPrice>9.90</ItemPrice>
      <UnitOfMeasurePrice>4.95</UnitOfMeasurePrice>
      <AllowDiscount>0</AllowDiscount>
      <itemStatus>1</itemStatus>
      <LastUpdateDate />
      <LastUpdateTime />
    </Product>
    <Product>
      <PriceUpdateDate>2018/12/20 11:15</PriceUpdateDate>
      <ItemCode>7290111351006</ItemCode>
      <ItemType>1</ItemType>
      <ItemName>סוכריות גומי נחשים 200  גר`יוגטה</ItemName>
      <ManufactureName>ליימן שליסל בעמ</ManufactureName>
      <ManufactureCountry />
      <ManufactureItemDescription />
      <UnitQty>יח`</UnitQty>
      <Quantity>200</Quantity>
      <UnitMeasure>גרם</UnitMeasure>
      <BisWeighted>0</BisWeighted>
      <QtyInPackage>1</QtyInPackage>
      <ItemPrice>9.90</ItemPrice>
      <UnitOfMeasurePrice>4.95</UnitOfMeasurePrice>
      <AllowDiscount>0</AllowDiscount>
      <itemStatus>1</itemStatus>
      <LastUpdateDate />
      <LastUpdateTime />
    </Product>
    <Product>
      <PriceUpdateDate>2018/12/20 11:15</PriceUpdateDate>
      <ItemCode>7290111351013</ItemCode>
      <ItemType>1</ItemType>
      <ItemName>סוכריות גומי נחשים מסוכרות 200  גר`יוגטה</ItemName>
      <ManufactureName>ליימן שליסל בעמ</ManufactureName>
      <ManufactureCountry />
      <ManufactureItemDescription />
      <UnitQty>יח`</UnitQty>
      <Quantity>200</Quantity>
      <UnitMeasure>גרם</UnitMeasure>
      <BisWeighted>0</BisWeighted>
      <QtyInPackage>1</QtyInPackage>
      <ItemPrice>9.90</ItemPrice>
      <UnitOfMeasurePrice>4.95</UnitOfMeasurePrice>
      <AllowDiscount>0</AllowDiscount>
      <itemStatus>1</itemStatus>
      <LastUpdateDate />
      <LastUpdateTime />
    </Product>
    <Product>
      <PriceUpdateDate>2018/12/20 11:15</PriceUpdateDate>
      <ItemCode>7290111351020</ItemCode>
      <ItemType>1</ItemType>
      <ItemName>סוכריות גומי בטעמי פירות 200  גר`יוגטה</ItemName>
      <ManufactureName>ליימן שליסל בעמ</ManufactureName>
      <ManufactureCountry />
      <ManufactureItemDescription />
      <UnitQty>יח`</UnitQty>
      <Quantity>200</Quantity>
      <UnitMeasure>גרם</UnitMeasure>
      <BisWeighted>0</BisWeighted>
      <QtyInPackage>1</QtyInPackage>
      <ItemPrice>9.90</ItemPrice>
      <UnitOfMeasurePrice>4.95</UnitOfMeasurePrice>
      <AllowDiscount>0</AllowDiscount>
      <itemStatus>1</itemStatus>
      <LastUpdateDate />
      <LastUpdateTime />
    </Product>
    <Product>
      <PriceUpdateDate>2018/12/20 11:15</PriceUpdateDate>
      <ItemCode>7290111351044</ItemCode>
      <ItemType>1</ItemType>
      <ItemName>סוכריות גומי דובונים 800  גר`יוגטה</ItemName>
      <ManufactureName>ליימן שליסל בעמ</ManufactureName>
      <ManufactureCountry />
      <ManufactureItemDescription />
      <UnitQty>יח`</UnitQty>
      <Quantity>800</Quantity>
      <UnitMeasure>גרם</UnitMeasure>
      <BisWeighted>0</BisWeighted>
      <QtyInPackage>1</QtyInPackage>
      <ItemPrice>19.90</ItemPrice>
      <UnitOfMeasurePrice>2.49</UnitOfMeasurePrice>
      <AllowDiscount>0</AllowDiscount>
      <itemStatus>1</itemStatus>
      <LastUpdateDate />
      <LastUpdateTime />
    </Product>
    <Product>
      <PriceUpdateDate>2019/02/13 14:38</PriceUpdateDate>
      <ItemCode>7290111351280</ItemCode>
      <ItemType>1</ItemType>
      <ItemName>תערובת אגוזים קלויים ללא מלח 150 גר` קלי</ItemName>
      <ManufactureName>ליימן שליסל בעמ</ManufactureName>
      <ManufactureCountry />
      <ManufactureItemDescription />
      <UnitQty>יח`</UnitQty>
      <Quantity>150</Quantity>
      <UnitMeasure>גרם</UnitMeasure>
      <BisWeighted>0</BisWeighted>
      <QtyInPackage>1</QtyInPackage>
      <ItemPrice>19.90</ItemPrice>
      <UnitOfMeasurePrice>13.27</UnitOfMeasurePrice>
      <AllowDiscount>1</AllowDiscount>
      <itemStatus>1</itemStatus>
      <LastUpdateDate />
      <LastUpdateTime />
    </Product>
    <Product>
      <PriceUpdateDate>2019/04/19 11:07</PriceUpdateDate>
      <ItemCode>7290111351433</ItemCode>
      <ItemType>1</ItemType>
      <ItemName>עלי וופל דקים בטעם חמאה 100 גר` צוקטה</ItemName>
      <ManufactureName>ליימן שליסל בעמ</ManufactureName>
      <ManufactureCountry />
      <ManufactureItemDescription />
      <UnitQty>יח`</UnitQty>
      <Quantity>100</Quantity>
      <UnitMeasure>גרם</UnitMeasure>
      <BisWeighted>0</BisWeighted>
      <QtyInPackage>1</QtyInPackage>
      <ItemPrice>9.90</ItemPrice>
      <UnitOfMeasurePrice>9.90</UnitOfMeasurePrice>
      <AllowDiscount>1</AllowDiscount>
      <itemStatus>1</itemStatus>
      <LastUpdateDate />
      <LastUpdateTime />
    </Product>
    <Product>
      <PriceUpdateDate>2019/08/05 09:35</PriceUpdateDate>
      <ItemCode>7290111351440</ItemCode>
      <ItemType>1</ItemType>
      <ItemName>שוקולד חלב צ`וקטה (90x3 גר`) מארז שליישי</ItemName>
      <ManufactureName>ליימן שליסל בעמ</ManufactureName>
      <ManufactureCountry />
      <ManufactureItemDescription />
      <UnitQty>יח`</UnitQty>
      <Quantity>270</Quantity>
      <UnitMeasure>גרם</UnitMeasure>
      <BisWeighted>0</BisWeighted>
      <QtyInPackage>1</QtyInPackage>
      <ItemPrice>9.90</ItemPrice>
      <UnitOfMeasurePrice>3.67</UnitOfMeasurePrice>
      <AllowDiscount>0</AllowDiscount>
      <itemStatus>1</itemStatus>
      <LastUpdateDate />
      <LastUpdateTime />
    </Product>
    <Product>
      <PriceUpdateDate>2019/04/19 11:07</PriceUpdateDate>
      <ItemCode>7290111351501</ItemCode>
      <ItemType>1</ItemType>
      <ItemName>גלילי וופל בציפוי שוקולד חלב 180 גר` צוק</ItemName>
      <ManufactureName>ליימן שליסל בעמ</ManufactureName>
      <ManufactureCountry />
      <ManufactureItemDescription />
      <UnitQty>יח`</UnitQty>
      <Quantity>180</Quantity>
      <UnitMeasure>גרם</UnitMeasure>
      <BisWeighted>0</BisWeighted>
      <QtyInPackage>1</QtyInPackage>
      <ItemPrice>9.90</ItemPrice>
      <UnitOfMeasurePrice>5.50</UnitOfMeasurePrice>
      <AllowDiscount>1</AllowDiscount>
      <itemStatus>1</itemStatus>
      <LastUpdateDate />
      <LastUpdateTime />
    </Product>
    <Product>
      <PriceUpdateDate>2019/07/25 08:31</PriceUpdateDate>
      <ItemCode>7290111351563</ItemCode>
      <ItemType>1</ItemType>
      <ItemName>חטיפי מיני קרקר פיצה 150 גר` צוקטה</ItemName>
      <ManufactureName>ליימן שליסל בעמ</ManufactureName>
      <ManufactureCountry />
      <ManufactureItemDescription />
      <UnitQty>יח`</UnitQty>
      <Quantity>150</Quantity>
      <UnitMeasure>גרם</UnitMeasure>
      <BisWeighted>0</BisWeighted>
      <QtyInPackage>1</QtyInPackage>
      <ItemPrice>6.50</ItemPrice>
      <UnitOfMeasurePrice>4.33</UnitOfMeasurePrice>
      <AllowDiscount>1</AllowDiscount>
      <itemStatus>1</itemStatus>
      <LastUpdateDate />
      <LastUpdateTime />
    </Product>
    <Product>
      <PriceUpdateDate>2019/07/25 08:31</PriceUpdateDate>
      <ItemCode>7290111351617</ItemCode>
      <ItemType>1</ItemType>
      <ItemName>בייגלה בתוספת שומשום 200 גר` צוקטה</ItemName>
      <ManufactureName>ליימן שליסל בעמ</ManufactureName>
      <ManufactureCountry />
      <ManufactureItemDescription />
      <UnitQty>יח`</UnitQty>
      <Quantity>200</Quantity>
      <UnitMeasure>גרם</UnitMeasure>
      <BisWeighted>0</BisWeighted>
      <QtyInPackage>1</QtyInPackage>
      <ItemPrice>6.50</ItemPrice>
      <UnitOfMeasurePrice>3.25</UnitOfMeasurePrice>
      <AllowDiscount>1</AllowDiscount>
      <itemStatus>1</itemStatus>
      <LastUpdateDate />
      <LastUpdateTime />
    </Product>
    <Product>
      <PriceUpdateDate>2019/07/25 08:31</PriceUpdateDate>
      <ItemCode>7290111351624</ItemCode>
      <ItemType>1</ItemType>
      <ItemName>בייגלה בתוספת מלח 200 גר` צוקטה</ItemName>
      <ManufactureName>ליימן שליסל בעמ</ManufactureName>
      <ManufactureCountry />
      <ManufactureItemDescription />
      <UnitQty>יח`</UnitQty>
      <Quantity>200</Quantity>
      <UnitMeasure>גרם</UnitMeasure>
      <BisWeighted>0</BisWeighted>
      <QtyInPackage>1</QtyInPackage>
      <ItemPrice>6.50</ItemPrice>
      <UnitOfMeasurePrice>3.25</UnitOfMeasurePrice>
      <AllowDiscount>1</AllowDiscount>
      <itemStatus>1</itemStatus>
      <LastUpdateDate />
      <LastUpdateTime />
    </Product>
    <Product>
      <PriceUpdateDate>2019/08/05 12:16</PriceUpdateDate>
      <ItemCode>7290111351853</ItemCode>
      <ItemType>1</ItemType>
      <ItemName>מארז טבלאות שוקולוד מריר מעולה צ`וקטה</ItemName>
      <ManufactureName>ליימן שליסל בעמ</ManufactureName>
      <ManufactureCountry />
      <ManufactureItemDescription />
      <UnitQty>יח`</UnitQty>
      <Quantity>300</Quantity>
      <UnitMeasure>גרם</UnitMeasure>
      <BisWeighted>0</BisWeighted>
      <QtyInPackage>1</QtyInPackage>
      <ItemPrice>19.90</ItemPrice>
      <UnitOfMeasurePrice>6.63</UnitOfMeasurePrice>
      <AllowDiscount>0</AllowDiscount>
      <itemStatus>1</itemStatus>
      <LastUpdateDate />
      <LastUpdateTime />
    </Product>
    <Product>
      <PriceUpdateDate>2019/11/12 09:39</PriceUpdateDate>
      <ItemCode>7290111352003</ItemCode>
      <ItemType>1</ItemType>
      <ItemName>אגוזי קשיו קלויים ללא מלח 150 גר` קליית</ItemName>
      <ManufactureName>ליימן שליסל בעמ</ManufactureName>
      <ManufactureCountry />
      <ManufactureItemDescription />
      <UnitQty>יח`</UnitQty>
      <Quantity>150</Quantity>
      <UnitMeasure>גרם</UnitMeasure>
      <BisWeighted>0</BisWeighted>
      <QtyInPackage>1</QtyInPackage>
      <ItemPrice>19.90</ItemPrice>
      <UnitOfMeasurePrice>13.27</UnitOfMeasurePrice>
      <AllowDiscount>0</AllowDiscount>
      <itemStatus>1</itemStatus>
      <LastUpdateDate />
      <LastUpdateTime />
    </Product>
    <Product>
      <PriceUpdateDate>2020/02/16 16:35</PriceUpdateDate>
      <ItemCode>7290111352317</ItemCode>
      <ItemType>1</ItemType>
      <ItemName>ביסקוויט במילוי קרם בטעם וניל בציפוי שו</ItemName>
      <ManufactureName>ליימן שליסל בעמ</ManufactureName>
      <ManufactureCountry />
      <ManufactureItemDescription />
      <UnitQty>יח`</UnitQty>
      <Quantity>150</Quantity>
      <UnitMeasure>גרם</UnitMeasure>
      <BisWeighted>0</BisWeighted>
      <QtyInPackage>1</QtyInPackage>
      <ItemPrice>9.90</ItemPrice>
      <UnitOfMeasurePrice>6.60</UnitOfMeasurePrice>
      <AllowDiscount>1</AllowDiscount>
      <itemStatus>1</itemStatus>
      <LastUpdateDate />
      <LastUpdateTime />
    </Product>
    <Product>
      <PriceUpdateDate>2020/02/16 16:35</PriceUpdateDate>
      <ItemCode>7290111352331</ItemCode>
      <ItemType>1</ItemType>
      <ItemName>וופל חמאה בציפוי שוקולד מריר מעולה 110 ג</ItemName>
      <ManufactureName>ליימן שליסל בעמ</ManufactureName>
      <ManufactureCountry />
      <ManufactureItemDescription />
      <UnitQty>יח`</UnitQty>
      <Quantity>110</Quantity>
      <UnitMeasure>גרם</UnitMeasure>
      <BisWeighted>0</BisWeighted>
      <QtyInPackage>1</QtyInPackage>
      <ItemPrice>9.90</ItemPrice>
      <UnitOfMeasurePrice>9</UnitOfMeasurePrice>
      <AllowDiscount>1</AllowDiscount>
      <itemStatus>1</itemStatus>
      <LastUpdateDate />
      <LastUpdateTime />
    </Product>
    <Product>
      <PriceUpdateDate>2019/10/03 08:07</PriceUpdateDate>
      <ItemCode>7290111532276</ItemCode>
      <ItemType>1</ItemType>
      <ItemName>עוגיות בדלי מרוקאיות 600 גר`</ItemName>
      <ManufactureName>שיבולים יצור ושיווק מוצרי מאפה</ManufactureName>
      <ManufactureCountry />
      <ManufactureItemDescription />
      <UnitQty>יח`</UnitQty>
      <Quantity>600</Quantity>
      <UnitMeasure>גרם</UnitMeasure>
      <BisWeighted>0</BisWeighted>
      <QtyInPackage>1</QtyInPackage>
      <ItemPrice>11.90</ItemPrice>
      <UnitOfMeasurePrice>1.98</UnitOfMeasurePrice>
      <AllowDiscount>0</AllowDiscount>
      <itemStatus>1</itemStatus>
      <LastUpdateDate />
      <LastUpdateTime />
    </Product>
    <Product>
      <PriceUpdateDate>2019/10/03 08:07</PriceUpdateDate>
      <ItemCode>7290111532306</ItemCode>
      <ItemType>1</ItemType>
      <ItemName>עוגיות דלי אצבע שוקולד 600 גר`</ItemName>
      <ManufactureName>שיבולים יצור ושיווק מוצרי מאפה</ManufactureName>
      <ManufactureCountry />
      <ManufactureItemDescription />
      <UnitQty>יח`</UnitQty>
      <Quantity>600</Quantity>
      <UnitMeasure>גרם</UnitMeasure>
      <BisWeighted>0</BisWeighted>
      <QtyInPackage>1</QtyInPackage>
      <ItemPrice>11.90</ItemPrice>
      <UnitOfMeasurePrice>1.98</UnitOfMeasurePrice>
      <AllowDiscount>0</AllowDiscount>
      <itemStatus>1</itemStatus>
      <LastUpdateDate />
      <LastUpdateTime />
    </Product>
    <Product>
      <PriceUpdateDate>2019/10/03 08:07</PriceUpdateDate>
      <ItemCode>7290111532344</ItemCode>
      <ItemType>1</ItemType>
      <ItemName>עוגיות בדלי ממולאות בטעם שוקולד 600 גר`</ItemName>
      <ManufactureName>שיבולים יצור ושיווק מוצרי מאפה</ManufactureName>
      <ManufactureCountry />
      <ManufactureItemDescription />
      <UnitQty>יח`</UnitQty>
      <Quantity>600</Quantity>
      <UnitMeasure>גרם</UnitMeasure>
      <BisWeighted>0</BisWeighted>
      <QtyInPackage>1</QtyInPackage>
      <ItemPrice>11.90</ItemPrice>
      <UnitOfMeasurePrice>1.98</UnitOfMeasurePrice>
      <AllowDiscount>0</AllowDiscount>
      <itemStatus>1</itemStatus>
      <LastUpdateDate />
      <LastUpdateTime />
    </Product>
    <Product>
      <PriceUpdateDate>2019/10/03 08:07</PriceUpdateDate>
      <ItemCode>7290111532467</ItemCode>
      <ItemType>1</ItemType>
      <ItemName>עוגיות דלי צ`פיס 500 גר`</ItemName>
      <ManufactureName>שיבולים יצור ושיווק מוצרי מאפה</ManufactureName>
      <ManufactureCountry />
      <ManufactureItemDescription />
      <UnitQty>יח`</UnitQty>
      <Quantity>500</Quantity>
      <UnitMeasure>גרם</UnitMeasure>
      <BisWeighted>0</BisWeighted>
      <QtyInPackage>1</QtyInPackage>
      <ItemPrice>11.90</ItemPrice>
      <UnitOfMeasurePrice>2.38</UnitOfMeasurePrice>
      <AllowDiscount>0</AllowDiscount>
      <itemStatus>1</itemStatus>
      <LastUpdateDate />
      <LastUpdateTime />
    </Product>
    <Product>
      <PriceUpdateDate>2019/10/03 08:07</PriceUpdateDate>
      <ItemCode>7290111532474</ItemCode>
      <ItemType>1</ItemType>
      <ItemName>עוגיות דלי אוזניות 500 גר`</ItemName>
      <ManufactureName>שיבולים יצור ושיווק מוצרי מאפה</ManufactureName>
      <ManufactureCountry />
      <ManufactureItemDescription />
      <UnitQty>יח`</UnitQty>
      <Quantity>500</Quantity>
      <UnitMeasure>גרם</UnitMeasure>
      <BisWeighted>0</BisWeighted>
      <QtyInPackage>1</QtyInPackage>
      <ItemPrice>11.90</ItemPrice>
      <UnitOfMeasurePrice>2.38</UnitOfMeasurePrice>
      <AllowDiscount>0</AllowDiscount>
      <itemStatus>1</itemStatus>
      <LastUpdateDate />
      <LastUpdateTime />
    </Product>
    <Product>
      <PriceUpdateDate>2019/10/03 08:07</PriceUpdateDate>
      <ItemCode>7290111532481</ItemCode>
      <ItemType>1</ItemType>
      <ItemName>עוגיות בדלי מלוחות ארוך 500 גר`</ItemName>
      <ManufactureName>שיבולים יצור ושיווק מוצרי מאפה</ManufactureName>
      <ManufactureCountry />
      <ManufactureItemDescription />
      <UnitQty>יח`</UnitQty>
      <Quantity>500</Quantity>
      <UnitMeasure>גרם</UnitMeasure>
      <BisWeighted>0</BisWeighted>
      <QtyInPackage>1</QtyInPackage>
      <ItemPrice>11.90</ItemPrice>
      <UnitOfMeasurePrice>2.38</UnitOfMeasurePrice>
      <AllowDiscount>0</AllowDiscount>
      <itemStatus>1</itemStatus>
      <LastUpdateDate />
      <LastUpdateTime />
    </Product>
    <Product>
      <PriceUpdateDate>2019/10/03 08:07</PriceUpdateDate>
      <ItemCode>7290111532535</ItemCode>
      <ItemType>1</ItemType>
      <ItemName>עוגיות בדלי שיבולת שועל גרנולה 500 גר`</ItemName>
      <ManufactureName>שיבולים יצור ושיווק מוצרי מאפה</ManufactureName>
      <ManufactureCountry />
      <ManufactureItemDescription />
      <UnitQty>יח`</UnitQty>
      <Quantity>600</Quantity>
      <UnitMeasure>גרם</UnitMeasure>
      <BisWeighted>0</BisWeighted>
      <QtyInPackage>1</QtyInPackage>
      <ItemPrice>11.90</ItemPrice>
      <UnitOfMeasurePrice>1.98</UnitOfMeasurePrice>
      <AllowDiscount>0</AllowDiscount>
      <itemStatus>1</itemStatus>
      <LastUpdateDate />
      <LastUpdateTime />
    </Product>
    <Product>
      <PriceUpdateDate>2018/05/01 08:31</PriceUpdateDate>
      <ItemCode>7290111534010</ItemCode>
      <ItemType>1</ItemType>
      <ItemName>פס גבינה שמנת ופרורים 450 גר קפולסקי</ItemName>
      <ManufactureName>קפולסקי אדל בעמ</ManufactureName>
      <ManufactureCountry />
      <ManufactureItemDescription />
      <UnitQty>יח`</UnitQty>
      <Quantity>450</Quantity>
      <UnitMeasure>גרם</UnitMeasure>
      <BisWeighted>0</BisWeighted>
      <QtyInPackage>1</QtyInPackage>
      <ItemPrice>34.90</ItemPrice>
      <UnitOfMeasurePrice>7.76</UnitOfMeasurePrice>
      <AllowDiscount>0</AllowDiscount>
      <itemStatus>1</itemStatus>
      <LastUpdateDate />
      <LastUpdateTime />
    </Product>
    <Product>
      <PriceUpdateDate>2018/04/13 10:24</PriceUpdateDate>
      <ItemCode>7290111563355</ItemCode>
      <ItemType>1</ItemType>
      <ItemName>סלט טורקי מרובע 400 גר` צבר</ItemName>
      <ManufactureName>קבוצת אסם סחר שות. מוגבלת</ManufactureName>
      <ManufactureCountry />
      <ManufactureItemDescription />
      <UnitQty>יח`</UnitQty>
      <Quantity>400</Quantity>
      <UnitMeasure>גרם</UnitMeasure>
      <BisWeighted>0</BisWeighted>
      <QtyInPackage>1</QtyInPackage>
      <ItemPrice>11.90</ItemPrice>
      <UnitOfMeasurePrice>2.98</UnitOfMeasurePrice>
      <AllowDiscount>1</AllowDiscount>
      <itemStatus>1</itemStatus>
      <LastUpdateDate />
      <LastUpdateTime />
    </Product>
    <Product>
      <PriceUpdateDate>2018/04/13 10:24</PriceUpdateDate>
      <ItemCode>7290111563492</ItemCode>
      <ItemType>1</ItemType>
      <ItemName>סלט מטבוחה חריפה מרובע 400 גר` צבר</ItemName>
      <ManufactureName>קבוצת אסם סחר שות. מוגבלת</ManufactureName>
      <ManufactureCountry />
      <ManufactureItemDescription />
      <UnitQty>יח`</UnitQty>
      <Quantity>400</Quantity>
      <UnitMeasure>גרם</UnitMeasure>
      <BisWeighted>0</BisWeighted>
      <QtyInPackage>1</QtyInPackage>
      <ItemPrice>10.90</ItemPrice>
      <UnitOfMeasurePrice>2.73</UnitOfMeasurePrice>
      <AllowDiscount>1</AllowDiscount>
      <itemStatus>1</itemStatus>
      <LastUpdateDate />
      <LastUpdateTime />
    </Product>
    <Product>
      <PriceUpdateDate>2018/01/21 16:16</PriceUpdateDate>
      <ItemCode>7290111564666</ItemCode>
      <ItemType>1</ItemType>
      <ItemName>כדורי בשר מן הצומח 500 גר` טבעול</ItemName>
      <ManufactureName>קבוצת אסם סחר שות. מוגבלת</ManufactureName>
      <ManufactureCountry />
      <ManufactureItemDescription />
      <UnitQty>יח`</UnitQty>
      <Quantity>500</Quantity>
      <UnitMeasure>גרם</UnitMeasure>
      <BisWeighted>0</BisWeighted>
      <QtyInPackage>1</QtyInPackage>
      <ItemPrice>32.90</ItemPrice>
      <UnitOfMeasurePrice>6.58</UnitOfMeasurePrice>
      <AllowDiscount>1</AllowDiscount>
      <itemStatus>1</itemStatus>
      <LastUpdateDate />
      <LastUpdateTime />
    </Product>
    <Product>
      <PriceUpdateDate>2017/10/03 13:57</PriceUpdateDate>
      <ItemCode>7290111565007</ItemCode>
      <ItemType>1</ItemType>
      <ItemName>מרק עוף אמיתי 300  גר`דל נתרן אסם</ItemName>
      <ManufactureName>קבוצת אסם סחר שות. מוגבלת</ManufactureName>
      <ManufactureCountry />
      <ManufactureItemDescription />
      <UnitQty>יח`</UnitQty>
      <Quantity>300</Quantity>
      <UnitMeasure>גרם</UnitMeasure>
      <BisWeighted>0</BisWeighted>
      <QtyInPackage>1</QtyInPackage>
      <ItemPrice>26.90</ItemPrice>
      <UnitOfMeasurePrice>8.97</UnitOfMeasurePrice>
      <AllowDiscount>0</AllowDiscount>
      <itemStatus>1</itemStatus>
      <LastUpdateDate />
      <LastUpdateTime />
    </Product>
    <Product>
      <PriceUpdateDate>2018/05/11 14:04</PriceUpdateDate>
      <ItemCode>7290111565038</ItemCode>
      <ItemType>1</ItemType>
      <ItemName>לה קרמריה 1.4 וניל קוקילידה</ItemName>
      <ManufactureName>נגה גלידות שותפות מוגבלת</ManufactureName>
      <ManufactureCountry />
      <ManufactureItemDescription />
      <UnitQty>יח`</UnitQty>
      <Quantity>1400</Quantity>
      <UnitMeasure>מ"ל</UnitMeasure>
      <BisWeighted>0</BisWeighted>
      <QtyInPackage>1</QtyInPackage>
      <ItemPrice>22.90</ItemPrice>
      <UnitOfMeasurePrice>1.64</UnitOfMeasurePrice>
      <AllowDiscount>1</AllowDiscount>
      <itemStatus>1</itemStatus>
      <LastUpdateDate />
      <LastUpdateTime />
    </Product>
    <Product>
      <PriceUpdateDate>2018/04/13 10:24</PriceUpdateDate>
      <ItemCode>7290111565182</ItemCode>
      <ItemType>1</ItemType>
      <ItemName>קציצות דלורית אדממה קנואה אדומה 525 גר`</ItemName>
      <ManufactureName>קבוצת אסם סחר שות. מוגבלת</ManufactureName>
      <ManufactureCountry />
      <ManufactureItemDescription />
      <UnitQty>יח`</UnitQty>
      <Quantity>525</Quantity>
      <UnitMeasure>גרם</UnitMeasure>
      <BisWeighted>0</BisWeighted>
      <QtyInPackage>1</QtyInPackage>
      <ItemPrice>32.90</ItemPrice>
      <UnitOfMeasurePrice>6.27</UnitOfMeasurePrice>
      <AllowDiscount>1</AllowDiscount>
      <itemStatus>1</itemStatus>
      <LastUpdateDate />
      <LastUpdateTime />
    </Product>
    <Product>
      <PriceUpdateDate>2018/03/13 15:41</PriceUpdateDate>
      <ItemCode>7290111565809</ItemCode>
      <ItemType>1</ItemType>
      <ItemName>פסטה פרפקטו קנלוני 500 גר` אסם</ItemName>
      <ManufactureName>קבוצת אסם סחר שות. מוגבלת</ManufactureName>
      <ManufactureCountry />
      <ManufactureItemDescription />
      <UnitQty>יח`</UnitQty>
      <Quantity>500</Quantity>
      <UnitMeasure>גרם</UnitMeasure>
      <BisWeighted>0</BisWeighted>
      <QtyInPackage>1</QtyInPackage>
      <ItemPrice>10.90</ItemPrice>
      <UnitOfMeasurePrice>2.18</UnitOfMeasurePrice>
      <AllowDiscount>1</AllowDiscount>
      <itemStatus>1</itemStatus>
      <LastUpdateDate />
      <LastUpdateTime />
    </Product>
    <Product>
      <PriceUpdateDate>2018/01/21 08:26</PriceUpdateDate>
      <ItemCode>7290111566103</ItemCode>
      <ItemType>1</ItemType>
      <ItemName>פלאפל מרכיבים ביתיים בלבד 590 גר` טבעול</ItemName>
      <ManufactureName>קבוצת אסם סחר שות. מוגבלת</ManufactureName>
      <ManufactureCountry />
      <ManufactureItemDescription />
      <UnitQty>יח`</UnitQty>
      <Quantity>590</Quantity>
      <UnitMeasure>גרם</UnitMeasure>
      <BisWeighted>0</BisWeighted>
      <QtyInPackage>1</QtyInPackage>
      <ItemPrice>32.90</ItemPrice>
      <UnitOfMeasurePrice>5.58</UnitOfMeasurePrice>
      <AllowDiscount>1</AllowDiscount>
      <itemStatus>1</itemStatus>
      <LastUpdateDate />
      <LastUpdateTime />
    </Product>
    <Product>
      <PriceUpdateDate>2018/01/21 13:03</PriceUpdateDate>
      <ItemCode>7290111566226</ItemCode>
      <ItemType>1</ItemType>
      <ItemName>שניצל ברוקולי 667 גר` טבעול</ItemName>
      <ManufactureName>קבוצת אסם סחר שות. מוגבלת</ManufactureName>
      <ManufactureCountry />
      <ManufactureItemDescription />
      <UnitQty>יח`</UnitQty>
      <Quantity>667</Quantity>
      <UnitMeasure>גרם</UnitMeasure>
      <BisWeighted>0</BisWeighted>
      <QtyInPackage>1</QtyInPackage>
      <ItemPrice>32.90</ItemPrice>
      <UnitOfMeasurePrice>4.93</UnitOfMeasurePrice>
      <AllowDiscount>1</AllowDiscount>
      <itemStatus>1</itemStatus>
      <LastUpdateDate />
      <LastUpdateTime />
    </Product>
    <Product>
      <PriceUpdateDate>2018/01/21 13:03</PriceUpdateDate>
      <ItemCode>7290111566240</ItemCode>
      <ItemType>1</ItemType>
      <ItemName>שניצל דק בטעם צ`לי חריף 564 גר` טבעול</ItemName>
      <ManufactureName>קבוצת אסם סחר שות. מוגבלת</ManufactureName>
      <ManufactureCountry />
      <ManufactureItemDescription />
      <UnitQty>יח`</UnitQty>
      <Quantity>564</Quantity>
      <UnitMeasure>גרם</UnitMeasure>
      <BisWeighted>0</BisWeighted>
      <QtyInPackage>1</QtyInPackage>
      <ItemPrice>32.90</ItemPrice>
      <UnitOfMeasurePrice>5.83</UnitOfMeasurePrice>
      <AllowDiscount>1</AllowDiscount>
      <itemStatus>1</itemStatus>
      <LastUpdateDate />
      <LastUpdateTime />
    </Product>
    <Product>
      <PriceUpdateDate>2019/01/31 09:55</PriceUpdateDate>
      <ItemCode>7290111566271</ItemCode>
      <ItemType>1</ItemType>
      <ItemName>חטיפי תירס 657 גר` טבעול</ItemName>
      <ManufactureName>קבוצת אסם סחר שות. מוגבלת</ManufactureName>
      <ManufactureCountry />
      <ManufactureItemDescription />
      <UnitQty>יח`</UnitQty>
      <Quantity>657</Quantity>
      <UnitMeasure>גרם</UnitMeasure>
      <BisWeighted>0</BisWeighted>
      <QtyInPackage>1</QtyInPackage>
      <ItemPrice>29.90</ItemPrice>
      <UnitOfMeasurePrice>4.55</UnitOfMeasurePrice>
      <AllowDiscount>1</AllowDiscount>
      <itemStatus>1</itemStatus>
      <LastUpdateDate />
      <LastUpdateTime />
    </Product>
    <Product>
      <PriceUpdateDate>2018/01/21 16:16</PriceUpdateDate>
      <ItemCode>7290111566318</ItemCode>
      <ItemType>1</ItemType>
      <ItemName>שניצל דק מן הצומח 564 גר` טבעול</ItemName>
      <ManufactureName>קבוצת אסם סחר שות. מוגבלת</ManufactureName>
      <ManufactureCountry />
      <ManufactureItemDescription />
      <UnitQty>יח`</UnitQty>
      <Quantity>564</Quantity>
      <UnitMeasure>גרם</UnitMeasure>
      <BisWeighted>0</BisWeighted>
      <QtyInPackage>1</QtyInPackage>
      <ItemPrice>32.90</ItemPrice>
      <UnitOfMeasurePrice>5.83</UnitOfMeasurePrice>
      <AllowDiscount>1</AllowDiscount>
      <itemStatus>1</itemStatus>
      <LastUpdateDate />
      <LastUpdateTime />
    </Product>
    <Product>
      <PriceUpdateDate>2018/01/21 13:03</PriceUpdateDate>
      <ItemCode>7290111566332</ItemCode>
      <ItemType>1</ItemType>
      <ItemName>נקניקיות טינר צמחוניות 680 גר` טבעול</ItemName>
      <ManufactureName>קבוצת אסם סחר שות. מוגבלת</ManufactureName>
      <ManufactureCountry />
      <ManufactureItemDescription />
      <UnitQty>יח`</UnitQty>
      <Quantity>680</Quantity>
      <UnitMeasure>גרם</UnitMeasure>
      <BisWeighted>0</BisWeighted>
      <QtyInPackage>1</QtyInPackage>
      <ItemPrice>32.90</ItemPrice>
      <UnitOfMeasurePrice>4.84</UnitOfMeasurePrice>
      <AllowDiscount>1</AllowDiscount>
      <itemStatus>1</itemStatus>
      <LastUpdateDate />
      <LastUpdateTime />
    </Product>
    <Product>
      <PriceUpdateDate>2018/01/21 08:26</PriceUpdateDate>
      <ItemCode>7290111566547</ItemCode>
      <ItemType>1</ItemType>
      <ItemName>חזה בגריל צמחוני 99 קלוריות 560 גר` טבע</ItemName>
      <ManufactureName>קבוצת אסם סחר שות. מוגבלת</ManufactureName>
      <ManufactureCountry />
      <ManufactureItemDescription />
      <UnitQty>יח`</UnitQty>
      <Quantity>560</Quantity>
      <UnitMeasure>גרם</UnitMeasure>
      <BisWeighted>0</BisWeighted>
      <QtyInPackage>1</QtyInPackage>
      <ItemPrice>32.90</ItemPrice>
      <UnitOfMeasurePrice>5.88</UnitOfMeasurePrice>
      <AllowDiscount>1</AllowDiscount>
      <itemStatus>1</itemStatus>
      <LastUpdateDate />
      <LastUpdateTime />
    </Product>
    <Product>
      <PriceUpdateDate>2018/01/21 16:16</PriceUpdateDate>
      <ItemCode>7290111566561</ItemCode>
      <ItemType>1</ItemType>
      <ItemName>שניצל ברוקולי 99 קלוריות 560 גר` טבעול</ItemName>
      <ManufactureName>קבוצת אסם סחר שות. מוגבלת</ManufactureName>
      <ManufactureCountry />
      <ManufactureItemDescription />
      <UnitQty>יח`</UnitQty>
      <Quantity>560</Quantity>
      <UnitMeasure>גרם</UnitMeasure>
      <BisWeighted>0</BisWeighted>
      <QtyInPackage>1</QtyInPackage>
      <ItemPrice>32.90</ItemPrice>
      <UnitOfMeasurePrice>5.88</UnitOfMeasurePrice>
      <AllowDiscount>1</AllowDiscount>
      <itemStatus>1</itemStatus>
      <LastUpdateDate />
      <LastUpdateTime />
    </Product>
    <Product>
      <PriceUpdateDate>2018/01/21 13:03</PriceUpdateDate>
      <ItemCode>7290111566585</ItemCode>
      <ItemType>1</ItemType>
      <ItemName>שניצל צמחוני 99 קלוריות 650 גר` טבעול</ItemName>
      <ManufactureName>קבוצת אסם סחר שות. מוגבלת</ManufactureName>
      <ManufactureCountry />
      <ManufactureItemDescription />
      <UnitQty>יח`</UnitQty>
      <Quantity>650</Quantity>
      <UnitMeasure>גרם</UnitMeasure>
      <BisWeighted>0</BisWeighted>
      <QtyInPackage>1</QtyInPackage>
      <ItemPrice>32.90</ItemPrice>
      <UnitOfMeasurePrice>5.06</UnitOfMeasurePrice>
      <AllowDiscount>1</AllowDiscount>
      <itemStatus>1</itemStatus>
      <LastUpdateDate />
      <LastUpdateTime />
    </Product>
    <Product>
      <PriceUpdateDate>2018/01/21 13:03</PriceUpdateDate>
      <ItemCode>7290111566660</ItemCode>
      <ItemType>1</ItemType>
      <ItemName>קציצות עדשים כתומות 530 גר` טבעול</ItemName>
      <ManufactureName>קבוצת אסם סחר שות. מוגבלת</ManufactureName>
      <ManufactureCountry />
      <ManufactureItemDescription />
      <UnitQty>יח`</UnitQty>
      <Quantity>530</Quantity>
      <UnitMeasure>גרם</UnitMeasure>
      <BisWeighted>0</BisWeighted>
      <QtyInPackage>1</QtyInPackage>
      <ItemPrice>32.90</ItemPrice>
      <UnitOfMeasurePrice>6.21</UnitOfMeasurePrice>
      <AllowDiscount>1</AllowDiscount>
      <itemStatus>1</itemStatus>
      <LastUpdateDate />
      <LastUpdateTime />
    </Product>
    <Product>
      <PriceUpdateDate>2018/01/21 16:16</PriceUpdateDate>
      <ItemCode>7290111566691</ItemCode>
      <ItemType>1</ItemType>
      <ItemName>שניצל תרד 99 קלוריות 560 גר` טבעול</ItemName>
      <ManufactureName>קבוצת אסם סחר שות. מוגבלת</ManufactureName>
      <ManufactureCountry />
      <ManufactureItemDescription />
      <UnitQty>יח`</UnitQty>
      <Quantity>560</Quantity>
      <UnitMeasure>גרם</UnitMeasure>
      <BisWeighted>0</BisWeighted>
      <QtyInPackage>1</QtyInPackage>
      <ItemPrice>32.90</ItemPrice>
      <UnitOfMeasurePrice>5.88</UnitOfMeasurePrice>
      <AllowDiscount>1</AllowDiscount>
      <itemStatus>1</itemStatus>
      <LastUpdateDate />
      <LastUpdateTime />
    </Product>
    <Product>
      <PriceUpdateDate>2018/01/21 16:16</PriceUpdateDate>
      <ItemCode>7290111566714</ItemCode>
      <ItemType>1</ItemType>
      <ItemName>המבורגר צמחוני 99 קלוריות 600 גר` טבעול</ItemName>
      <ManufactureName>קבוצת אסם סחר שות. מוגבלת</ManufactureName>
      <ManufactureCountry />
      <ManufactureItemDescription />
      <UnitQty>יח`</UnitQty>
      <Quantity>600</Quantity>
      <UnitMeasure>גרם</UnitMeasure>
      <BisWeighted>0</BisWeighted>
      <QtyInPackage>1</QtyInPackage>
      <ItemPrice>32.90</ItemPrice>
      <UnitOfMeasurePrice>5.48</UnitOfMeasurePrice>
      <AllowDiscount>1</AllowDiscount>
      <itemStatus>1</itemStatus>
      <LastUpdateDate />
      <LastUpdateTime />
    </Product>
    <Product>
      <PriceUpdateDate>2018/01/21 08:26</PriceUpdateDate>
      <ItemCode>7290111566752</ItemCode>
      <ItemType>1</ItemType>
      <ItemName>שניצל תירס 99 קלוריות 693 גר` טבעול</ItemName>
      <ManufactureName>קבוצת אסם סחר שות. מוגבלת</ManufactureName>
      <ManufactureCountry />
      <ManufactureItemDescription />
      <UnitQty>יח`</UnitQty>
      <Quantity>693</Quantity>
      <UnitMeasure>גרם</UnitMeasure>
      <BisWeighted>0</BisWeighted>
      <QtyInPackage>1</QtyInPackage>
      <ItemPrice>32.90</ItemPrice>
      <UnitOfMeasurePrice>4.75</UnitOfMeasurePrice>
      <AllowDiscount>1</AllowDiscount>
      <itemStatus>1</itemStatus>
      <LastUpdateDate />
      <LastUpdateTime />
    </Product>
    <Product>
      <PriceUpdateDate>2018/01/21 13:03</PriceUpdateDate>
      <ItemCode>7290111566776</ItemCode>
      <ItemType>1</ItemType>
      <ItemName>נקניקיות קוקטייל צמחונית 680 גר` טבעול</ItemName>
      <ManufactureName>קבוצת אסם סחר שות. מוגבלת</ManufactureName>
      <ManufactureCountry />
      <ManufactureItemDescription />
      <UnitQty>יח`</UnitQty>
      <Quantity>680</Quantity>
      <UnitMeasure>גרם</UnitMeasure>
      <BisWeighted>0</BisWeighted>
      <QtyInPackage>1</QtyInPackage>
      <ItemPrice>32.90</ItemPrice>
      <UnitOfMeasurePrice>4.84</UnitOfMeasurePrice>
      <AllowDiscount>1</AllowDiscount>
      <itemStatus>1</itemStatus>
      <LastUpdateDate />
      <LastUpdateTime />
    </Product>
    <Product>
      <PriceUpdateDate>2018/01/18 12:16</PriceUpdateDate>
      <ItemCode>7290111567018</ItemCode>
      <ItemType>1</ItemType>
      <ItemName>פרורית זהב כוסמין 200  גר`אסם</ItemName>
      <ManufactureName>קבוצת אסם סחר שות. מוגבלת</ManufactureName>
      <ManufactureCountry />
      <ManufactureItemDescription />
      <UnitQty>יח`</UnitQty>
      <Quantity>200</Quantity>
      <UnitMeasure>גרם</UnitMeasure>
      <BisWeighted>0</BisWeighted>
      <QtyInPackage>1</QtyInPackage>
      <ItemPrice>7.90</ItemPrice>
      <UnitOfMeasurePrice>3.95</UnitOfMeasurePrice>
      <AllowDiscount>0</AllowDiscount>
      <itemStatus>1</itemStatus>
      <LastUpdateDate />
      <LastUpdateTime />
    </Product>
    <Product>
      <PriceUpdateDate>2018/04/13 10:24</PriceUpdateDate>
      <ItemCode>7290111567223</ItemCode>
      <ItemType>1</ItemType>
      <ItemName>פיטנס מיני פריכיות שוקולד חלב</ItemName>
      <ManufactureName>קבוצת אסם סחר שות. מוגבלת</ManufactureName>
      <ManufactureCountry />
      <ManufactureItemDescription />
      <UnitQty>יח`</UnitQty>
      <Quantity>110</Quantity>
      <UnitMeasure>גרם</UnitMeasure>
      <BisWeighted>0</BisWeighted>
      <QtyInPackage>1</QtyInPackage>
      <ItemPrice>21.90</ItemPrice>
      <UnitOfMeasurePrice>19.91</UnitOfMeasurePrice>
      <AllowDiscount>0</AllowDiscount>
      <itemStatus>1</itemStatus>
      <LastUpdateDate />
      <LastUpdateTime />
    </Product>
    <Product>
      <PriceUpdateDate>2018/01/21 08:26</PriceUpdateDate>
      <ItemCode>7290111567292</ItemCode>
      <ItemType>1</ItemType>
      <ItemName>קטשופ מופחת סוכר 710  גר`אסם כשלפ</ItemName>
      <ManufactureName>קבוצת אסם סחר שות. מוגבלת</ManufactureName>
      <ManufactureCountry />
      <ManufactureItemDescription />
      <UnitQty>יח`</UnitQty>
      <Quantity>750</Quantity>
      <UnitMeasure>גרם</UnitMeasure>
      <BisWeighted>0</BisWeighted>
      <QtyInPackage>1</QtyInPackage>
      <ItemPrice>10.90</ItemPrice>
      <UnitOfMeasurePrice>1.45</UnitOfMeasurePrice>
      <AllowDiscount>0</AllowDiscount>
      <itemStatus>1</itemStatus>
      <LastUpdateDate />
      <LastUpdateTime />
    </Product>
    <Product>
      <PriceUpdateDate>2018/06/07 08:38</PriceUpdateDate>
      <ItemCode>7290111568275</ItemCode>
      <ItemType>1</ItemType>
      <ItemName>נודלס אטריות אורז רחבות 300 גר` אסם</ItemName>
      <ManufactureName>קבוצת אסם סחר שות. מוגבלת</ManufactureName>
      <ManufactureCountry />
      <ManufactureItemDescription />
      <UnitQty>יח`</UnitQty>
      <Quantity>300</Quantity>
      <UnitMeasure>גרם</UnitMeasure>
      <BisWeighted>0</BisWeighted>
      <QtyInPackage>1</QtyInPackage>
      <ItemPrice>9.90</ItemPrice>
      <UnitOfMeasurePrice>3.30</UnitOfMeasurePrice>
      <AllowDiscount>0</AllowDiscount>
      <itemStatus>1</itemStatus>
      <LastUpdateDate />
      <LastUpdateTime />
    </Product>
    <Product>
      <PriceUpdateDate>2018/06/07 08:38</PriceUpdateDate>
      <ItemCode>7290111568299</ItemCode>
      <ItemType>1</ItemType>
      <ItemName>נודלס אטריות עם תרד 300  גר`אסם</ItemName>
      <ManufactureName>קבוצת אסם סחר שות. מוגבלת</ManufactureName>
      <ManufactureCountry />
      <ManufactureItemDescription />
      <UnitQty>יח`</UnitQty>
      <Quantity>300</Quantity>
      <UnitMeasure>גרם</UnitMeasure>
      <BisWeighted>0</BisWeighted>
      <QtyInPackage>1</QtyInPackage>
      <ItemPrice>9.90</ItemPrice>
      <UnitOfMeasurePrice>3.30</UnitOfMeasurePrice>
      <AllowDiscount>0</AllowDiscount>
      <itemStatus>1</itemStatus>
      <LastUpdateDate />
      <LastUpdateTime />
    </Product>
    <Product>
      <PriceUpdateDate>2018/06/07 08:38</PriceUpdateDate>
      <ItemCode>7290111568312</ItemCode>
      <ItemType>1</ItemType>
      <ItemName>נודלס אטריות ביצים רחבות מאוד 400  גר`אס</ItemName>
      <ManufactureName>קבוצת אסם סחר שות. מוגבלת</ManufactureName>
      <ManufactureCountry />
      <ManufactureItemDescription />
      <UnitQty>יח`</UnitQty>
      <Quantity>400</Quantity>
      <UnitMeasure>גרם</UnitMeasure>
      <BisWeighted>0</BisWeighted>
      <QtyInPackage>1</QtyInPackage>
      <ItemPrice>9.90</ItemPrice>
      <UnitOfMeasurePrice>2.48</UnitOfMeasurePrice>
      <AllowDiscount>0</AllowDiscount>
      <itemStatus>1</itemStatus>
      <LastUpdateDate />
      <LastUpdateTime />
    </Product>
    <Product>
      <PriceUpdateDate>2018/06/07 08:38</PriceUpdateDate>
      <ItemCode>7290111568350</ItemCode>
      <ItemType>1</ItemType>
      <ItemName>פרורית פנקו 300  גר`אסם</ItemName>
      <ManufactureName>קבוצת אסם סחר שות. מוגבלת</ManufactureName>
      <ManufactureCountry />
      <ManufactureItemDescription />
      <UnitQty>יח`</UnitQty>
      <Quantity>300</Quantity>
      <UnitMeasure>גרם</UnitMeasure>
      <BisWeighted>0</BisWeighted>
      <QtyInPackage>1</QtyInPackage>
      <ItemPrice>7.90</ItemPrice>
      <UnitOfMeasurePrice>2.63</UnitOfMeasurePrice>
      <AllowDiscount>0</AllowDiscount>
      <itemStatus>1</itemStatus>
      <LastUpdateDate />
      <LastUpdateTime />
    </Product>
    <Product>
      <PriceUpdateDate>2018/06/07 08:38</PriceUpdateDate>
      <ItemCode>7290111568466</ItemCode>
      <ItemType>1</ItemType>
      <ItemName>רוטב אסייתי למוקפץ 290 מל אסם</ItemName>
      <ManufactureName>קבוצת אסם סחר שות. מוגבלת</ManufactureName>
      <ManufactureCountry />
      <ManufactureItemDescription />
      <UnitQty>יח`</UnitQty>
      <Quantity>290</Quantity>
      <UnitMeasure>מ"ל</UnitMeasure>
      <BisWeighted>0</BisWeighted>
      <QtyInPackage>1</QtyInPackage>
      <ItemPrice>14.90</ItemPrice>
      <UnitOfMeasurePrice>5.14</UnitOfMeasurePrice>
      <AllowDiscount>0</AllowDiscount>
      <itemStatus>1</itemStatus>
      <LastUpdateDate />
      <LastUpdateTime />
    </Product>
    <Product>
      <PriceUpdateDate>2018/06/07 08:38</PriceUpdateDate>
      <ItemCode>7290111568480</ItemCode>
      <ItemType>1</ItemType>
      <ItemName>רוטב אסייתי חריף למוקפץ 290 מל אסם</ItemName>
      <ManufactureName>קבוצת אסם סחר שות. מוגבלת</ManufactureName>
      <ManufactureCountry />
      <ManufactureItemDescription />
      <UnitQty>יח`</UnitQty>
      <Quantity>290</Quantity>
      <UnitMeasure>מ"ל</UnitMeasure>
      <BisWeighted>0</BisWeighted>
      <QtyInPackage>1</QtyInPackage>
      <ItemPrice>14.90</ItemPrice>
      <UnitOfMeasurePrice>5.14</UnitOfMeasurePrice>
      <AllowDiscount>1</AllowDiscount>
      <itemStatus>1</itemStatus>
      <LastUpdateDate />
      <LastUpdateTime />
    </Product>
    <Product>
      <PriceUpdateDate>2018/02/21 09:20</PriceUpdateDate>
      <ItemCode>7290111930973</ItemCode>
      <ItemType>1</ItemType>
      <ItemName>פסטו אדום 190 גר` מאסטר שף</ItemName>
      <ManufactureName>ש.שסטוביץ בעמ</ManufactureName>
      <ManufactureCountry />
      <ManufactureItemDescription />
      <UnitQty>יח`</UnitQty>
      <Quantity>190</Quantity>
      <UnitMeasure>גרם</UnitMeasure>
      <BisWeighted>0</BisWeighted>
      <QtyInPackage>1</QtyInPackage>
      <ItemPrice>13.90</ItemPrice>
      <UnitOfMeasurePrice>7.32</UnitOfMeasurePrice>
      <AllowDiscount>1</AllowDiscount>
      <itemStatus>1</itemStatus>
      <LastUpdateDate />
      <LastUpdateTime />
    </Product>
    <Product>
      <PriceUpdateDate>2018/02/21 09:20</PriceUpdateDate>
      <ItemCode>7290111930980</ItemCode>
      <ItemType>1</ItemType>
      <ItemName>פסטו ירוק 190 גר` מאסטר שף</ItemName>
      <ManufactureName>ש.שסטוביץ בעמ</ManufactureName>
      <ManufactureCountry />
      <ManufactureItemDescription />
      <UnitQty>יח`</UnitQty>
      <Quantity>190</Quantity>
      <UnitMeasure>גרם</UnitMeasure>
      <BisWeighted>0</BisWeighted>
      <QtyInPackage>1</QtyInPackage>
      <ItemPrice>13.90</ItemPrice>
      <UnitOfMeasurePrice>7.32</UnitOfMeasurePrice>
      <AllowDiscount>1</AllowDiscount>
      <itemStatus>1</itemStatus>
      <LastUpdateDate />
      <LastUpdateTime />
    </Product>
    <Product>
      <PriceUpdateDate>2018/10/10 15:27</PriceUpdateDate>
      <ItemCode>7290111932083</ItemCode>
      <ItemType>1</ItemType>
      <ItemName>שימורי גרעיני תירס מתוק 425 גר` מאסטר שף</ItemName>
      <ManufactureName>ש.שסטוביץ בעמ</ManufactureName>
      <ManufactureCountry />
      <ManufactureItemDescription />
      <UnitQty>יח`</UnitQty>
      <Quantity>425</Quantity>
      <UnitMeasure>גרם</UnitMeasure>
      <BisWeighted>0</BisWeighted>
      <QtyInPackage>1</QtyInPackage>
      <ItemPrice>5.90</ItemPrice>
      <UnitOfMeasurePrice>1.39</UnitOfMeasurePrice>
      <AllowDiscount>0</AllowDiscount>
      <itemStatus>1</itemStatus>
      <LastUpdateDate />
      <LastUpdateTime />
    </Product>
    <Product>
      <PriceUpdateDate>2018/10/10 15:27</PriceUpdateDate>
      <ItemCode>7290111933554</ItemCode>
      <ItemType>1</ItemType>
      <ItemName>מארז עגבניות קוביות שלישייה מאסטר שף</ItemName>
      <ManufactureName>ש.שסטוביץ בעמ</ManufactureName>
      <ManufactureCountry />
      <ManufactureItemDescription />
      <UnitQty>יח`</UnitQty>
      <Quantity>1200</Quantity>
      <UnitMeasure>גרם</UnitMeasure>
      <BisWeighted>0</BisWeighted>
      <QtyInPackage>1</QtyInPackage>
      <ItemPrice>16.90</ItemPrice>
      <UnitOfMeasurePrice>1.41</UnitOfMeasurePrice>
      <AllowDiscount>1</AllowDiscount>
      <itemStatus>1</itemStatus>
      <LastUpdateDate />
      <LastUpdateTime />
    </Product>
    <Product>
      <PriceUpdateDate>2020/02/02 08:31</PriceUpdateDate>
      <ItemCode>7290111935824</ItemCode>
      <ItemType>1</ItemType>
      <ItemName>ליידי ספיד סטיקדרמה סטיק אומגה 3</ItemName>
      <ManufactureName>ש.שסטוביץ בעמ</ManufactureName>
      <ManufactureCountry />
      <ManufactureItemDescription />
      <UnitQty>יח`</UnitQty>
      <Quantity>45</Quantity>
      <UnitMeasure>מ"ל</UnitMeasure>
      <BisWeighted>0</BisWeighted>
      <QtyInPackage>1</QtyInPackage>
      <ItemPrice>19.90</ItemPrice>
      <UnitOfMeasurePrice>44.22</UnitOfMeasurePrice>
      <AllowDiscount>0</AllowDiscount>
      <itemStatus>1</itemStatus>
      <LastUpdateDate />
      <LastUpdateTime />
    </Product>
    <Product>
      <PriceUpdateDate>2019/11/08 10:10</PriceUpdateDate>
      <ItemCode>7290111935992</ItemCode>
      <ItemType>1</ItemType>
      <ItemName>אטריות להקפצה 350  גר`מאסטר שף</ItemName>
      <ManufactureName>ש.שסטוביץ בעמ</ManufactureName>
      <ManufactureCountry />
      <ManufactureItemDescription />
      <UnitQty>יח`</UnitQty>
      <Quantity>350</Quantity>
      <UnitMeasure>גרם</UnitMeasure>
      <BisWeighted>0</BisWeighted>
      <QtyInPackage>1</QtyInPackage>
      <ItemPrice>7.90</ItemPrice>
      <UnitOfMeasurePrice>2.26</UnitOfMeasurePrice>
      <AllowDiscount>0</AllowDiscount>
      <itemStatus>1</itemStatus>
      <LastUpdateDate />
      <LastUpdateTime />
    </Product>
    <Product>
      <PriceUpdateDate>2019/03/07 15:50</PriceUpdateDate>
      <ItemCode>7290111936647</ItemCode>
      <ItemType>1</ItemType>
      <ItemName>משחת שיניים קולגייט מקס פרש מארז זוג כשר</ItemName>
      <ManufactureName>ש.שסטוביץ בעמ</ManufactureName>
      <ManufactureCountry />
      <ManufactureItemDescription />
      <UnitQty>יח`</UnitQty>
      <Quantity>125</Quantity>
      <UnitMeasure>גרם</UnitMeasure>
      <BisWeighted>0</BisWeighted>
      <QtyInPackage>1</QtyInPackage>
      <ItemPrice>29.90</ItemPrice>
      <UnitOfMeasurePrice>23.92</UnitOfMeasurePrice>
      <AllowDiscount>0</AllowDiscount>
      <itemStatus>1</itemStatus>
      <LastUpdateDate />
      <LastUpdateTime />
    </Product>
    <Product>
      <PriceUpdateDate>2019/02/13 18:55</PriceUpdateDate>
      <ItemCode>7290111936784</ItemCode>
      <ItemType>1</ItemType>
      <ItemName>פרי חטיפי בריאות מארז 5 תמרים ואגוזי לוז</ItemName>
      <ManufactureName>ש.שסטוביץ בעמ</ManufactureName>
      <ManufactureCountry />
      <ManufactureItemDescription />
      <UnitQty>יח`</UnitQty>
      <Quantity>125</Quantity>
      <UnitMeasure>גרם</UnitMeasure>
      <BisWeighted>0</BisWeighted>
      <QtyInPackage>1</QtyInPackage>
      <ItemPrice>17.90</ItemPrice>
      <UnitOfMeasurePrice>14.32</UnitOfMeasurePrice>
      <AllowDiscount>0</AllowDiscount>
      <itemStatus>1</itemStatus>
      <LastUpdateDate />
      <LastUpdateTime />
    </Product>
    <Product>
      <PriceUpdateDate>2019/02/13 18:55</PriceUpdateDate>
      <ItemCode>7290111937231</ItemCode>
      <ItemType>1</ItemType>
      <ItemName>פרי חטיפי בריאות מארז 5 תמרים וקוקוס כשר</ItemName>
      <ManufactureName>ש.שסטוביץ בעמ</ManufactureName>
      <ManufactureCountry />
      <ManufactureItemDescription />
      <UnitQty>יח`</UnitQty>
      <Quantity>125</Quantity>
      <UnitMeasure>גרם</UnitMeasure>
      <BisWeighted>0</BisWeighted>
      <QtyInPackage>1</QtyInPackage>
      <ItemPrice>17.90</ItemPrice>
      <UnitOfMeasurePrice>14.32</UnitOfMeasurePrice>
      <AllowDiscount>0</AllowDiscount>
      <itemStatus>1</itemStatus>
      <LastUpdateDate />
      <LastUpdateTime />
    </Product>
    <Product>
      <PriceUpdateDate>2019/02/13 18:55</PriceUpdateDate>
      <ItemCode>7290111937248</ItemCode>
      <ItemType>1</ItemType>
      <ItemName>פרי חטיפי בריאות מארז 5 תמרים קשיו ונגיע</ItemName>
      <ManufactureName>ש.שסטוביץ בעמ</ManufactureName>
      <ManufactureCountry />
      <ManufactureItemDescription />
      <UnitQty>יח`</UnitQty>
      <Quantity>125</Quantity>
      <UnitMeasure>גרם</UnitMeasure>
      <BisWeighted>0</BisWeighted>
      <QtyInPackage>1</QtyInPackage>
      <ItemPrice>17.90</ItemPrice>
      <UnitOfMeasurePrice>14.32</UnitOfMeasurePrice>
      <AllowDiscount>0</AllowDiscount>
      <itemStatus>1</itemStatus>
      <LastUpdateDate />
      <LastUpdateTime />
    </Product>
    <Product>
      <PriceUpdateDate>2019/02/13 18:55</PriceUpdateDate>
      <ItemCode>7290111937262</ItemCode>
      <ItemType>1</ItemType>
      <ItemName>פרי חטיפי בריאות מארז 5 תמרים בוטנים אגו</ItemName>
      <ManufactureName>ש.שסטוביץ בעמ</ManufactureName>
      <ManufactureCountry />
      <ManufactureItemDescription />
      <UnitQty>יח`</UnitQty>
      <Quantity>125</Quantity>
      <UnitMeasure>גרם</UnitMeasure>
      <BisWeighted>0</BisWeighted>
      <QtyInPackage>1</QtyInPackage>
      <ItemPrice>17.90</ItemPrice>
      <UnitOfMeasurePrice>14.32</UnitOfMeasurePrice>
      <AllowDiscount>0</AllowDiscount>
      <itemStatus>1</itemStatus>
      <LastUpdateDate />
      <LastUpdateTime />
    </Product>
    <Product>
      <PriceUpdateDate>2020/02/14 12:07</PriceUpdateDate>
      <ItemCode>7290111938528</ItemCode>
      <ItemType>1</ItemType>
      <ItemName>פוף לבבות קלאסי 50 גר` כשר לפסח</ItemName>
      <ManufactureName>ש.שסטוביץ בעמ</ManufactureName>
      <ManufactureCountry />
      <ManufactureItemDescription />
      <UnitQty>יח`</UnitQty>
      <Quantity>50</Quantity>
      <UnitMeasure>גרם</UnitMeasure>
      <BisWeighted>0</BisWeighted>
      <QtyInPackage>1</QtyInPackage>
      <ItemPrice>3.90</ItemPrice>
      <UnitOfMeasurePrice>7.80</UnitOfMeasurePrice>
      <AllowDiscount>1</AllowDiscount>
      <itemStatus>1</itemStatus>
      <LastUpdateDate />
      <LastUpdateTime />
    </Product>
    <Product>
      <PriceUpdateDate>2020/02/14 12:07</PriceUpdateDate>
      <ItemCode>7290111938535</ItemCode>
      <ItemType>1</ItemType>
      <ItemName>פוף טבעות גריל 50 גר` כשר לפסח</ItemName>
      <ManufactureName>ש.שסטוביץ בעמ</ManufactureName>
      <ManufactureCountry />
      <ManufactureItemDescription />
      <UnitQty>יח`</UnitQty>
      <Quantity>50</Quantity>
      <UnitMeasure>גרם</UnitMeasure>
      <BisWeighted>0</BisWeighted>
      <QtyInPackage>1</QtyInPackage>
      <ItemPrice>3.90</ItemPrice>
      <UnitOfMeasurePrice>7.80</UnitOfMeasurePrice>
      <AllowDiscount>1</AllowDiscount>
      <itemStatus>1</itemStatus>
      <LastUpdateDate />
      <LastUpdateTime />
    </Product>
    <Product>
      <PriceUpdateDate>2020/03/30 10:32</PriceUpdateDate>
      <ItemCode>7290111938801</ItemCode>
      <ItemType>1</ItemType>
      <ItemName>פלמוליב מיסלר ג`ל רחצה כותנה 750 מל</ItemName>
      <ManufactureName>ש.שסטוביץ בעמ</ManufactureName>
      <ManufactureCountry />
      <ManufactureItemDescription />
      <UnitQty>יח`</UnitQty>
      <Quantity>750</Quantity>
      <UnitMeasure>מ"ל</UnitMeasure>
      <BisWeighted>0</BisWeighted>
      <QtyInPackage>1</QtyInPackage>
      <ItemPrice>19.90</ItemPrice>
      <UnitOfMeasurePrice>2.65</UnitOfMeasurePrice>
      <AllowDiscount>0</AllowDiscount>
      <itemStatus>1</itemStatus>
      <LastUpdateDate />
      <LastUpdateTime />
    </Product>
    <Product>
      <PriceUpdateDate>2017/11/16 08:16</PriceUpdateDate>
      <ItemCode>7290112000040</ItemCode>
      <ItemType>1</ItemType>
      <ItemName>וולייט ג`ל לכביסה כהה 1.5 ליטר</ItemName>
      <ManufactureName>רקיט בנקיזר (ניר איסט) בעמ</ManufactureName>
      <ManufactureCountry />
      <ManufactureItemDescription />
      <UnitQty>יח`</UnitQty>
      <Quantity>1.50</Quantity>
      <UnitMeasure>מ"ל</UnitMeasure>
      <BisWeighted>0</BisWeighted>
      <QtyInPackage>1</QtyInPackage>
      <ItemPrice>19.90</ItemPrice>
      <UnitOfMeasurePrice>1326.67</UnitOfMeasurePrice>
      <AllowDiscount>1</AllowDiscount>
      <itemStatus>1</itemStatus>
      <LastUpdateDate />
      <LastUpdateTime />
    </Product>
    <Product>
      <PriceUpdateDate>2017/11/16 08:16</PriceUpdateDate>
      <ItemCode>7290112000057</ItemCode>
      <ItemType>1</ItemType>
      <ItemName>וולייט ג`ל גולד 3 ליטר לשמירה על הבגד</ItemName>
      <ManufactureName>רקיט בנקיזר (ניר איסט) בעמ</ManufactureName>
      <ManufactureCountry />
      <ManufactureItemDescription />
      <UnitQty>יח`</UnitQty>
      <Quantity>3</Quantity>
      <UnitMeasure>1 ליטר</UnitMeasure>
      <BisWeighted>0</BisWeighted>
      <QtyInPackage>1</QtyInPackage>
      <ItemPrice>29.90</ItemPrice>
      <UnitOfMeasurePrice>9.97</UnitOfMeasurePrice>
      <AllowDiscount>1</AllowDiscount>
      <itemStatus>1</itemStatus>
      <LastUpdateDate />
      <LastUpdateTime />
    </Product>
    <Product>
      <PriceUpdateDate>2018/10/11 10:43</PriceUpdateDate>
      <ItemCode>7290112000392</ItemCode>
      <ItemType>1</ItemType>
      <ItemName>דטול תרסיס לאמבטיה 750 מל</ItemName>
      <ManufactureName>רקיט בנקיזר (ניר איסט) בעמ</ManufactureName>
      <ManufactureCountry />
      <ManufactureItemDescription />
      <UnitQty>יח`</UnitQty>
      <Quantity>1</Quantity>
      <UnitMeasure />
      <BisWeighted>0</BisWeighted>
      <QtyInPackage>1</QtyInPackage>
      <ItemPrice>14.90</ItemPrice>
      <UnitOfMeasurePrice>14.90</UnitOfMeasurePrice>
      <AllowDiscount>0</AllowDiscount>
      <itemStatus>1</itemStatus>
      <LastUpdateDate />
      <LastUpdateTime />
    </Product>
    <Product>
      <PriceUpdateDate>2018/10/10 15:27</PriceUpdateDate>
      <ItemCode>7290112000408</ItemCode>
      <ItemType>1</ItemType>
      <ItemName>דטול תרסיס לניקוי כללי 750 מל</ItemName>
      <ManufactureName>רקיט בנקיזר (ניר איסט) בעמ</ManufactureName>
      <ManufactureCountry />
      <ManufactureItemDescription />
      <UnitQty>יח`</UnitQty>
      <Quantity>750</Quantity>
      <UnitMeasure>מ"ל</UnitMeasure>
      <BisWeighted>0</BisWeighted>
      <QtyInPackage>1</QtyInPackage>
      <ItemPrice>14.90</ItemPrice>
      <UnitOfMeasurePrice>1.99</UnitOfMeasurePrice>
      <AllowDiscount>0</AllowDiscount>
      <itemStatus>1</itemStatus>
      <LastUpdateDate />
      <LastUpdateTime />
    </Product>
    <Product>
      <PriceUpdateDate>2018/06/07 08:38</PriceUpdateDate>
      <ItemCode>7290112000736</ItemCode>
      <ItemType>1</ItemType>
      <ItemName>טבליות למדיח כלים All in 1 פיניש (80)</ItemName>
      <ManufactureName>רקיט בנקיזר (ניר איסט) בעמ</ManufactureName>
      <ManufactureCountry />
      <ManufactureItemDescription />
      <UnitQty>יח`</UnitQty>
      <Quantity>1</Quantity>
      <UnitMeasure />
      <BisWeighted>0</BisWeighted>
      <QtyInPackage>1</QtyInPackage>
      <ItemPrice>59.90</ItemPrice>
      <UnitOfMeasurePrice>59.90</UnitOfMeasurePrice>
      <AllowDiscount>1</AllowDiscount>
      <itemStatus>1</itemStatus>
      <LastUpdateDate />
      <LastUpdateTime />
    </Product>
    <Product>
      <PriceUpdateDate>2018/10/30 07:22</PriceUpdateDate>
      <ItemCode>7290112001030</ItemCode>
      <ItemType>1</ItemType>
      <ItemName>מילוי מבשם אויר אוטומטי פריחת דובדבן</ItemName>
      <ManufactureName>רקיט בנקיזר (ניר איסט) בעמ</ManufactureName>
      <ManufactureCountry />
      <ManufactureItemDescription />
      <UnitQty>יח`</UnitQty>
      <Quantity>250</Quantity>
      <UnitMeasure>מ"ל</UnitMeasure>
      <BisWeighted>0</BisWeighted>
      <QtyInPackage>1</QtyInPackage>
      <ItemPrice>26.90</ItemPrice>
      <UnitOfMeasurePrice>10.76</UnitOfMeasurePrice>
      <AllowDiscount>1</AllowDiscount>
      <itemStatus>1</itemStatus>
      <LastUpdateDate />
      <LastUpdateTime />
    </Product>
    <Product>
      <PriceUpdateDate>2019/11/24 12:40</PriceUpdateDate>
      <ItemCode>7290112001436</ItemCode>
      <ItemType>1</ItemType>
      <ItemName>פיניש מנקה מחדש בריח לימון</ItemName>
      <ManufactureName>רקיט בנקיזר (ניר איסט) בעמ</ManufactureName>
      <ManufactureCountry />
      <ManufactureItemDescription />
      <UnitQty>יח`</UnitQty>
      <Quantity>1</Quantity>
      <UnitMeasure />
      <BisWeighted>0</BisWeighted>
      <QtyInPackage>1</QtyInPackage>
      <ItemPrice>20.90</ItemPrice>
      <UnitOfMeasurePrice>20.90</UnitOfMeasurePrice>
      <AllowDiscount>1</AllowDiscount>
      <itemStatus>1</itemStatus>
      <LastUpdateDate />
      <LastUpdateTime />
    </Product>
    <Product>
      <PriceUpdateDate>2019/10/07 11:59</PriceUpdateDate>
      <ItemCode>7290112002099</ItemCode>
      <ItemType>1</ItemType>
      <ItemName>קולון ג`ל 2.5 ליטר כחול</ItemName>
      <ManufactureName>רקיט בנקיזר (ניר איסט) בעמ</ManufactureName>
      <ManufactureCountry />
      <ManufactureItemDescription />
      <UnitQty>יח`</UnitQty>
      <Quantity>1</Quantity>
      <UnitMeasure />
      <BisWeighted>0</BisWeighted>
      <QtyInPackage>1</QtyInPackage>
      <ItemPrice>24.90</ItemPrice>
      <UnitOfMeasurePrice>24.90</UnitOfMeasurePrice>
      <AllowDiscount>1</AllowDiscount>
      <itemStatus>1</itemStatus>
      <LastUpdateDate />
      <LastUpdateTime />
    </Product>
    <Product>
      <PriceUpdateDate>2019/10/07 11:59</PriceUpdateDate>
      <ItemCode>7290112002112</ItemCode>
      <ItemType>1</ItemType>
      <ItemName>קולון ג`ל 2.5 ליטר בניחוח ורדים ורוד</ItemName>
      <ManufactureName>רקיט בנקיזר (ניר איסט) בעמ</ManufactureName>
      <ManufactureCountry />
      <ManufactureItemDescription />
      <UnitQty>יח`</UnitQty>
      <Quantity>1</Quantity>
      <UnitMeasure />
      <BisWeighted>0</BisWeighted>
      <QtyInPackage>1</QtyInPackage>
      <ItemPrice>24.90</ItemPrice>
      <UnitOfMeasurePrice>24.90</UnitOfMeasurePrice>
      <AllowDiscount>1</AllowDiscount>
      <itemStatus>1</itemStatus>
      <LastUpdateDate />
      <LastUpdateTime />
    </Product>
    <Product>
      <PriceUpdateDate>2019/10/07 11:59</PriceUpdateDate>
      <ItemCode>7290112002129</ItemCode>
      <ItemType>1</ItemType>
      <ItemName>קולון ג`ל 2.5 ליטר בניחוח מרענן ירוק</ItemName>
      <ManufactureName>רקיט בנקיזר (ניר איסט) בעמ</ManufactureName>
      <ManufactureCountry />
      <ManufactureItemDescription />
      <UnitQty>יח`</UnitQty>
      <Quantity>1</Quantity>
      <UnitMeasure />
      <BisWeighted>0</BisWeighted>
      <QtyInPackage>1</QtyInPackage>
      <ItemPrice>24.90</ItemPrice>
      <UnitOfMeasurePrice>24.90</UnitOfMeasurePrice>
      <AllowDiscount>1</AllowDiscount>
      <itemStatus>1</itemStatus>
      <LastUpdateDate />
      <LastUpdateTime />
    </Product>
    <Product>
      <PriceUpdateDate>2019/10/07 11:59</PriceUpdateDate>
      <ItemCode>7290112002136</ItemCode>
      <ItemType>1</ItemType>
      <ItemName>קולון ג`ל 4 ליטר רגיל כחול</ItemName>
      <ManufactureName>רקיט בנקיזר (ניר איסט) בעמ</ManufactureName>
      <ManufactureCountry />
      <ManufactureItemDescription />
      <UnitQty>יח`</UnitQty>
      <Quantity>1</Quantity>
      <UnitMeasure />
      <BisWeighted>0</BisWeighted>
      <QtyInPackage>1</QtyInPackage>
      <ItemPrice>34.90</ItemPrice>
      <UnitOfMeasurePrice>34.90</UnitOfMeasurePrice>
      <AllowDiscount>0</AllowDiscount>
      <itemStatus>1</itemStatus>
      <LastUpdateDate />
      <LastUpdateTime />
    </Product>
    <Product>
      <PriceUpdateDate>2018/09/17 09:55</PriceUpdateDate>
      <ItemCode>7290112120779</ItemCode>
      <ItemType>1</ItemType>
      <ItemName>לבבות דקל שלמים במי מלח פחית 400 גר` AVE</ItemName>
      <ManufactureName>אבאל יזמות בעמ</ManufactureName>
      <ManufactureCountry />
      <ManufactureItemDescription />
      <UnitQty>יח`</UnitQty>
      <Quantity>400</Quantity>
      <UnitMeasure>גרם</UnitMeasure>
      <BisWeighted>0</BisWeighted>
      <QtyInPackage>1</QtyInPackage>
      <ItemPrice>8.90</ItemPrice>
      <UnitOfMeasurePrice>2.23</UnitOfMeasurePrice>
      <AllowDiscount>1</AllowDiscount>
      <itemStatus>1</itemStatus>
      <LastUpdateDate />
      <LastUpdateTime />
    </Product>
    <Product>
      <PriceUpdateDate>2019/02/11 08:36</PriceUpdateDate>
      <ItemCode>7290112191632</ItemCode>
      <ItemType>1</ItemType>
      <ItemName>שמן זית כתית מעולה 750 מל</ItemName>
      <ManufactureName>א.ג בחירה חכמה בעמ</ManufactureName>
      <ManufactureCountry />
      <ManufactureItemDescription />
      <UnitQty>יח`</UnitQty>
      <Quantity>1</Quantity>
      <UnitMeasure />
      <BisWeighted>0</BisWeighted>
      <QtyInPackage>1</QtyInPackage>
      <ItemPrice>19.90</ItemPrice>
      <UnitOfMeasurePrice>19.90</UnitOfMeasurePrice>
      <AllowDiscount>0</AllowDiscount>
      <itemStatus>1</itemStatus>
      <LastUpdateDate />
      <LastUpdateTime />
    </Product>
    <Product>
      <PriceUpdateDate>2019/02/21 13:39</PriceUpdateDate>
      <ItemCode>7290112192103</ItemCode>
      <ItemType>1</ItemType>
      <ItemName>אטריות סויה ספגטי 200 גר` gfree</ItemName>
      <ManufactureName>גורי מוצרי צריכה (1991) בעמ</ManufactureName>
      <ManufactureCountry />
      <ManufactureItemDescription />
      <UnitQty>יח`</UnitQty>
      <Quantity>200</Quantity>
      <UnitMeasure>גרם</UnitMeasure>
      <BisWeighted>0</BisWeighted>
      <QtyInPackage>1</QtyInPackage>
      <ItemPrice>11.90</ItemPrice>
      <UnitOfMeasurePrice>5.95</UnitOfMeasurePrice>
      <AllowDiscount>0</AllowDiscount>
      <itemStatus>1</itemStatus>
      <LastUpdateDate />
      <LastUpdateTime />
    </Product>
    <Product>
      <PriceUpdateDate>2019/02/21 13:39</PriceUpdateDate>
      <ItemCode>7290112192509</ItemCode>
      <ItemType>1</ItemType>
      <ItemName>פרורי לחם 250 גר` gfree</ItemName>
      <ManufactureName>גורי מוצרי צריכה (1991) בעמ</ManufactureName>
      <ManufactureCountry />
      <ManufactureItemDescription />
      <UnitQty>יח`</UnitQty>
      <Quantity>250</Quantity>
      <UnitMeasure>גרם</UnitMeasure>
      <BisWeighted>0</BisWeighted>
      <QtyInPackage>1</QtyInPackage>
      <ItemPrice>14.90</ItemPrice>
      <UnitOfMeasurePrice>5.96</UnitOfMeasurePrice>
      <AllowDiscount>0</AllowDiscount>
      <itemStatus>1</itemStatus>
      <LastUpdateDate />
      <LastUpdateTime />
    </Product>
    <Product>
      <PriceUpdateDate>2019/02/20 09:33</PriceUpdateDate>
      <ItemCode>7290112192523</ItemCode>
      <ItemType>1</ItemType>
      <ItemName>Gfree קורנפלקס 500 גר`</ItemName>
      <ManufactureName>גורי מוצרי צריכה (1991) בעמ</ManufactureName>
      <ManufactureCountry />
      <ManufactureItemDescription />
      <UnitQty>יח`</UnitQty>
      <Quantity>500</Quantity>
      <UnitMeasure>גרם</UnitMeasure>
      <BisWeighted>0</BisWeighted>
      <QtyInPackage>1</QtyInPackage>
      <ItemPrice>13.90</ItemPrice>
      <UnitOfMeasurePrice>2.78</UnitOfMeasurePrice>
      <AllowDiscount>0</AllowDiscount>
      <itemStatus>1</itemStatus>
      <LastUpdateDate />
      <LastUpdateTime />
    </Product>
    <Product>
      <PriceUpdateDate>2020/03/03 08:08</PriceUpdateDate>
      <ItemCode>7290112193513</ItemCode>
      <ItemType>1</ItemType>
      <ItemName>דגני בוקר במילוי בטעם קרם נוגט 375 גר`</ItemName>
      <ManufactureName>גורי מוצרי צריכה (1991) בעמ</ManufactureName>
      <ManufactureCountry />
      <ManufactureItemDescription />
      <UnitQty>יח`</UnitQty>
      <Quantity>375</Quantity>
      <UnitMeasure>גרם</UnitMeasure>
      <BisWeighted>0</BisWeighted>
      <QtyInPackage>1</QtyInPackage>
      <ItemPrice>17.90</ItemPrice>
      <UnitOfMeasurePrice>4.77</UnitOfMeasurePrice>
      <AllowDiscount>0</AllowDiscount>
      <itemStatus>1</itemStatus>
      <LastUpdateDate />
      <LastUpdateTime />
    </Product>
    <Product>
      <PriceUpdateDate>2019/05/08 08:24</PriceUpdateDate>
      <ItemCode>7290112330352</ItemCode>
      <ItemType>1</ItemType>
      <ItemName>דנונה פרו 200 גר` וניל 0% שומן</ItemName>
      <ManufactureName>שטראוס גרופ בעמ/מצונן</ManufactureName>
      <ManufactureCountry />
      <ManufactureItemDescription />
      <UnitQty>יח`</UnitQty>
      <Quantity>200</Quantity>
      <UnitMeasure>מ"ל</UnitMeasure>
      <BisWeighted>0</BisWeighted>
      <QtyInPackage>1</QtyInPackage>
      <ItemPrice>5.90</ItemPrice>
      <UnitOfMeasurePrice>2.95</UnitOfMeasurePrice>
      <AllowDiscount>0</AllowDiscount>
      <itemStatus>1</itemStatus>
      <LastUpdateDate />
      <LastUpdateTime />
    </Product>
    <Product>
      <PriceUpdateDate>2019/05/08 08:24</PriceUpdateDate>
      <ItemCode>7290112330390</ItemCode>
      <ItemType>1</ItemType>
      <ItemName>דנונה פרו 200 גר` פירות יער 0% שומן</ItemName>
      <ManufactureName>שטראוס גרופ בעמ/מצונן</ManufactureName>
      <ManufactureCountry />
      <ManufactureItemDescription />
      <UnitQty>יח`</UnitQty>
      <Quantity>200</Quantity>
      <UnitMeasure>מ"ל</UnitMeasure>
      <BisWeighted>0</BisWeighted>
      <QtyInPackage>1</QtyInPackage>
      <ItemPrice>5.90</ItemPrice>
      <UnitOfMeasurePrice>2.95</UnitOfMeasurePrice>
      <AllowDiscount>0</AllowDiscount>
      <itemStatus>1</itemStatus>
      <LastUpdateDate />
      <LastUpdateTime />
    </Product>
    <Product>
      <PriceUpdateDate>2019/02/13 14:38</PriceUpdateDate>
      <ItemCode>7290112330420</ItemCode>
      <ItemType>1</ItemType>
      <ItemName>דנונה פרו לבן 2.9% שומן (150 גר`)</ItemName>
      <ManufactureName>שטראוס גרופ בעמ/מצונן</ManufactureName>
      <ManufactureCountry />
      <ManufactureItemDescription />
      <UnitQty>יח`</UnitQty>
      <Quantity>150</Quantity>
      <UnitMeasure>גרם</UnitMeasure>
      <BisWeighted>0</BisWeighted>
      <QtyInPackage>1</QtyInPackage>
      <ItemPrice>4.90</ItemPrice>
      <UnitOfMeasurePrice>3.27</UnitOfMeasurePrice>
      <AllowDiscount>0</AllowDiscount>
      <itemStatus>1</itemStatus>
      <LastUpdateDate />
      <LastUpdateTime />
    </Product>
    <Product>
      <PriceUpdateDate>2019/02/13 14:38</PriceUpdateDate>
      <ItemCode>7290112330437</ItemCode>
      <ItemType>1</ItemType>
      <ItemName>דנונה פרו לבן 0% שומן (150 גר`)</ItemName>
      <ManufactureName>שטראוס גרופ בעמ/מצונן</ManufactureName>
      <ManufactureCountry />
      <ManufactureItemDescription />
      <UnitQty>יח`</UnitQty>
      <Quantity>150</Quantity>
      <UnitMeasure>גרם</UnitMeasure>
      <BisWeighted>0</BisWeighted>
      <QtyInPackage>1</QtyInPackage>
      <ItemPrice>4.90</ItemPrice>
      <UnitOfMeasurePrice>3.27</UnitOfMeasurePrice>
      <AllowDiscount>0</AllowDiscount>
      <itemStatus>1</itemStatus>
      <LastUpdateDate />
      <LastUpdateTime />
    </Product>
    <Product>
      <PriceUpdateDate>2018/12/17 09:33</PriceUpdateDate>
      <ItemCode>7290112331946</ItemCode>
      <ItemType>1</ItemType>
      <ItemName>רבע לשבע טורטית 120 גר עלית</ItemName>
      <ManufactureName>שטראוס גרופ בעמ</ManufactureName>
      <ManufactureCountry />
      <ManufactureItemDescription />
      <UnitQty>יח`</UnitQty>
      <Quantity>120</Quantity>
      <UnitMeasure>גרם</UnitMeasure>
      <BisWeighted>0</BisWeighted>
      <QtyInPackage>1</QtyInPackage>
      <ItemPrice>12.90</ItemPrice>
      <UnitOfMeasurePrice>10.75</UnitOfMeasurePrice>
      <AllowDiscount>1</AllowDiscount>
      <itemStatus>1</itemStatus>
      <LastUpdateDate />
      <LastUpdateTime />
    </Product>
    <Product>
      <PriceUpdateDate>2019/07/19 13:19</PriceUpdateDate>
      <ItemCode>7290112332691</ItemCode>
      <ItemType>1</ItemType>
      <ItemName>עוגיות קרם פסק זמן אגוזים 200 גר` עלית</ItemName>
      <ManufactureName>שטראוס גרופ בעמ</ManufactureName>
      <ManufactureCountry />
      <ManufactureItemDescription />
      <UnitQty>יח`</UnitQty>
      <Quantity>200</Quantity>
      <UnitMeasure>גרם</UnitMeasure>
      <BisWeighted>0</BisWeighted>
      <QtyInPackage>1</QtyInPackage>
      <ItemPrice>10.90</ItemPrice>
      <UnitOfMeasurePrice>5.45</UnitOfMeasurePrice>
      <AllowDiscount>1</AllowDiscount>
      <itemStatus>1</itemStatus>
      <LastUpdateDate />
      <LastUpdateTime />
    </Product>
    <Product>
      <PriceUpdateDate>2019/05/22 08:56</PriceUpdateDate>
      <ItemCode>7290112332875</ItemCode>
      <ItemType>1</ItemType>
      <ItemName>מאסט קוביות מנטה עדינה 86 גר`</ItemName>
      <ManufactureName>שטראוס גרופ בעמ</ManufactureName>
      <ManufactureCountry />
      <ManufactureItemDescription />
      <UnitQty>יח`</UnitQty>
      <Quantity>86</Quantity>
      <UnitMeasure>גרם</UnitMeasure>
      <BisWeighted>0</BisWeighted>
      <QtyInPackage>1</QtyInPackage>
      <ItemPrice>13.90</ItemPrice>
      <UnitOfMeasurePrice>16.16</UnitOfMeasurePrice>
      <AllowDiscount>1</AllowDiscount>
      <itemStatus>1</itemStatus>
      <LastUpdateDate />
      <LastUpdateTime />
    </Product>
    <Product>
      <PriceUpdateDate>2019/01/17 07:34</PriceUpdateDate>
      <ItemCode>7290112334305</ItemCode>
      <ItemType>1</ItemType>
      <ItemName>סלט כרובית בטחינה 330 גר` אחלה</ItemName>
      <ManufactureName>שטראוס גרופ בעמ/מצונן</ManufactureName>
      <ManufactureCountry />
      <ManufactureItemDescription />
      <UnitQty>יח`</UnitQty>
      <Quantity>330</Quantity>
      <UnitMeasure>גרם</UnitMeasure>
      <BisWeighted>0</BisWeighted>
      <QtyInPackage>1</QtyInPackage>
      <ItemPrice>16.50</ItemPrice>
      <UnitOfMeasurePrice>5</UnitOfMeasurePrice>
      <AllowDiscount>0</AllowDiscount>
      <itemStatus>1</itemStatus>
      <LastUpdateDate />
      <LastUpdateTime />
    </Product>
    <Product>
      <PriceUpdateDate>2019/02/27 16:05</PriceUpdateDate>
      <ItemCode>7290112335043</ItemCode>
      <ItemType>1</ItemType>
      <ItemName>מרשמלו בזוקה 150 גר</ItemName>
      <ManufactureName>שטראוס גרופ בעמ</ManufactureName>
      <ManufactureCountry />
      <ManufactureItemDescription />
      <UnitQty>יח`</UnitQty>
      <Quantity>150</Quantity>
      <UnitMeasure>גרם</UnitMeasure>
      <BisWeighted>0</BisWeighted>
      <QtyInPackage>1</QtyInPackage>
      <ItemPrice>6.90</ItemPrice>
      <UnitOfMeasurePrice>4.60</UnitOfMeasurePrice>
      <AllowDiscount>1</AllowDiscount>
      <itemStatus>1</itemStatus>
      <LastUpdateDate />
      <LastUpdateTime />
    </Product>
    <Product>
      <PriceUpdateDate>2019/02/27 16:05</PriceUpdateDate>
      <ItemCode>7290112335050</ItemCode>
      <ItemType>1</ItemType>
      <ItemName>מרשמלו טעם וניל 150 גר</ItemName>
      <ManufactureName>שטראוס גרופ בעמ</ManufactureName>
      <ManufactureCountry />
      <ManufactureItemDescription />
      <UnitQty>יח`</UnitQty>
      <Quantity>150</Quantity>
      <UnitMeasure>גרם</UnitMeasure>
      <BisWeighted>0</BisWeighted>
      <QtyInPackage>1</QtyInPackage>
      <ItemPrice>6.90</ItemPrice>
      <UnitOfMeasurePrice>4.60</UnitOfMeasurePrice>
      <AllowDiscount>1</AllowDiscount>
      <itemStatus>1</itemStatus>
      <LastUpdateDate />
      <LastUpdateTime />
    </Product>
    <Product>
      <PriceUpdateDate>2019/05/07 12:09</PriceUpdateDate>
      <ItemCode>7290112335111</ItemCode>
      <ItemType>1</ItemType>
      <ItemName>מאסט קוביות בטעם בזוקה 86 גר`</ItemName>
      <ManufactureName>שטראוס גרופ בעמ</ManufactureName>
      <ManufactureCountry />
      <ManufactureItemDescription />
      <UnitQty>יח`</UnitQty>
      <Quantity>86</Quantity>
      <UnitMeasure>גרם</UnitMeasure>
      <BisWeighted>0</BisWeighted>
      <QtyInPackage>1</QtyInPackage>
      <ItemPrice>13.90</ItemPrice>
      <UnitOfMeasurePrice>16.16</UnitOfMeasurePrice>
      <AllowDiscount>1</AllowDiscount>
      <itemStatus>1</itemStatus>
      <LastUpdateDate />
      <LastUpdateTime />
    </Product>
    <Product>
      <PriceUpdateDate>2019/06/10 09:40</PriceUpdateDate>
      <ItemCode>7290112335487</ItemCode>
      <ItemType>1</ItemType>
      <ItemName>פריכיות הטעימות קצח ודגנים 135</ItemName>
      <ManufactureName>שטראוס גרופ בעמ</ManufactureName>
      <ManufactureCountry />
      <ManufactureItemDescription />
      <UnitQty>יח`</UnitQty>
      <Quantity>135</Quantity>
      <UnitMeasure>גרם</UnitMeasure>
      <BisWeighted>0</BisWeighted>
      <QtyInPackage>1</QtyInPackage>
      <ItemPrice>12.90</ItemPrice>
      <UnitOfMeasurePrice>9.56</UnitOfMeasurePrice>
      <AllowDiscount>1</AllowDiscount>
      <itemStatus>1</itemStatus>
      <LastUpdateDate />
      <LastUpdateTime />
    </Product>
    <Product>
      <PriceUpdateDate>2019/06/10 09:40</PriceUpdateDate>
      <ItemCode>7290112335494</ItemCode>
      <ItemType>1</ItemType>
      <ItemName>הפריכות הטעימות פוטטוס 135 גר`</ItemName>
      <ManufactureName>שטראוס גרופ בעמ</ManufactureName>
      <ManufactureCountry />
      <ManufactureItemDescription />
      <UnitQty>יח`</UnitQty>
      <Quantity>135</Quantity>
      <UnitMeasure>גרם</UnitMeasure>
      <BisWeighted>0</BisWeighted>
      <QtyInPackage>1</QtyInPackage>
      <ItemPrice>12.90</ItemPrice>
      <UnitOfMeasurePrice>9.56</UnitOfMeasurePrice>
      <AllowDiscount>1</AllowDiscount>
      <itemStatus>1</itemStatus>
      <LastUpdateDate />
      <LastUpdateTime />
    </Product>
    <Product>
      <PriceUpdateDate>2019/06/10 09:40</PriceUpdateDate>
      <ItemCode>7290112335500</ItemCode>
      <ItemType>1</ItemType>
      <ItemName>הפריכיות הטעימות חלבון 135 גר`</ItemName>
      <ManufactureName>שטראוס גרופ בעמ</ManufactureName>
      <ManufactureCountry />
      <ManufactureItemDescription />
      <UnitQty>יח`</UnitQty>
      <Quantity>135</Quantity>
      <UnitMeasure>גרם</UnitMeasure>
      <BisWeighted>0</BisWeighted>
      <QtyInPackage>1</QtyInPackage>
      <ItemPrice>12.90</ItemPrice>
      <UnitOfMeasurePrice>9.56</UnitOfMeasurePrice>
      <AllowDiscount>1</AllowDiscount>
      <itemStatus>1</itemStatus>
      <LastUpdateDate />
      <LastUpdateTime />
    </Product>
    <Product>
      <PriceUpdateDate>2019/06/12 14:18</PriceUpdateDate>
      <ItemCode>7290112335524</ItemCode>
      <ItemType>1</ItemType>
      <ItemName>סוכריות ללא סוכר מנגו 80 גר` מאסט</ItemName>
      <ManufactureName>שטראוס גרופ בעמ</ManufactureName>
      <ManufactureCountry />
      <ManufactureItemDescription />
      <UnitQty>יח`</UnitQty>
      <Quantity>80</Quantity>
      <UnitMeasure>גרם</UnitMeasure>
      <BisWeighted>0</BisWeighted>
      <QtyInPackage>1</QtyInPackage>
      <ItemPrice>8.90</ItemPrice>
      <UnitOfMeasurePrice>11.13</UnitOfMeasurePrice>
      <AllowDiscount>0</AllowDiscount>
      <itemStatus>1</itemStatus>
      <LastUpdateDate />
      <LastUpdateTime />
    </Product>
    <Product>
      <PriceUpdateDate>2019/09/26 07:49</PriceUpdateDate>
      <ItemCode>7290112335937</ItemCode>
      <ItemType>1</ItemType>
      <ItemName>חטיף אנרגי מאגדת אגוזים בטעם קוקוס עלית</ItemName>
      <ManufactureName>שטראוס גרופ בעמ</ManufactureName>
      <ManufactureCountry />
      <ManufactureItemDescription />
      <UnitQty>יח`</UnitQty>
      <Quantity>144</Quantity>
      <UnitMeasure>גרם</UnitMeasure>
      <BisWeighted>0</BisWeighted>
      <QtyInPackage>1</QtyInPackage>
      <ItemPrice>14.90</ItemPrice>
      <UnitOfMeasurePrice>10.35</UnitOfMeasurePrice>
      <AllowDiscount>1</AllowDiscount>
      <itemStatus>1</itemStatus>
      <LastUpdateDate />
      <LastUpdateTime />
    </Product>
    <Product>
      <PriceUpdateDate>2019/12/19 11:31</PriceUpdateDate>
      <ItemCode>7290112335999</ItemCode>
      <ItemType>1</ItemType>
      <ItemName>ספלנדיד שוקולוד מריר בוטנים ומלח 105 גר`</ItemName>
      <ManufactureName>שטראוס גרופ בעמ</ManufactureName>
      <ManufactureCountry />
      <ManufactureItemDescription />
      <UnitQty>יח`</UnitQty>
      <Quantity>105</Quantity>
      <UnitMeasure>גרם</UnitMeasure>
      <BisWeighted>0</BisWeighted>
      <QtyInPackage>1</QtyInPackage>
      <ItemPrice>13.90</ItemPrice>
      <UnitOfMeasurePrice>13.24</UnitOfMeasurePrice>
      <AllowDiscount>1</AllowDiscount>
      <itemStatus>1</itemStatus>
      <LastUpdateDate />
      <LastUpdateTime />
    </Product>
    <Product>
      <PriceUpdateDate>2019/12/19 11:32</PriceUpdateDate>
      <ItemCode>7290112336002</ItemCode>
      <ItemType>1</ItemType>
      <ItemName>ספלנדיד שוקולד מריר ותפוז 105 גר` נשנושי</ItemName>
      <ManufactureName>שטראוס גרופ בעמ</ManufactureName>
      <ManufactureCountry />
      <ManufactureItemDescription />
      <UnitQty>יח`</UnitQty>
      <Quantity>105</Quantity>
      <UnitMeasure>גרם</UnitMeasure>
      <BisWeighted>0</BisWeighted>
      <QtyInPackage>1</QtyInPackage>
      <ItemPrice>13.90</ItemPrice>
      <UnitOfMeasurePrice>13.24</UnitOfMeasurePrice>
      <AllowDiscount>1</AllowDiscount>
      <itemStatus>1</itemStatus>
      <LastUpdateDate />
      <LastUpdateTime />
    </Product>
    <Product>
      <PriceUpdateDate>2019/12/19 11:32</PriceUpdateDate>
      <ItemCode>7290112336613</ItemCode>
      <ItemType>1</ItemType>
      <ItemName>עד חצות סנדוויץ 135  גר`עלית</ItemName>
      <ManufactureName>שטראוס גרופ בעמ</ManufactureName>
      <ManufactureCountry />
      <ManufactureItemDescription />
      <UnitQty>יח`</UnitQty>
      <Quantity>135</Quantity>
      <UnitMeasure>גרם</UnitMeasure>
      <BisWeighted>0</BisWeighted>
      <QtyInPackage>1</QtyInPackage>
      <ItemPrice>10.90</ItemPrice>
      <UnitOfMeasurePrice>8.07</UnitOfMeasurePrice>
      <AllowDiscount>0</AllowDiscount>
      <itemStatus>1</itemStatus>
      <LastUpdateDate />
      <LastUpdateTime />
    </Product>
    <Product>
      <PriceUpdateDate>2019/09/26 07:49</PriceUpdateDate>
      <ItemCode>7290112336637</ItemCode>
      <ItemType>1</ItemType>
      <ItemName>מאסט סוכריות יוגרוט תות אוכמניות 80 גר`</ItemName>
      <ManufactureName>שטראוס גרופ בעמ</ManufactureName>
      <ManufactureCountry />
      <ManufactureItemDescription />
      <UnitQty>יח`</UnitQty>
      <Quantity>80</Quantity>
      <UnitMeasure>גרם</UnitMeasure>
      <BisWeighted>0</BisWeighted>
      <QtyInPackage>1</QtyInPackage>
      <ItemPrice>8.90</ItemPrice>
      <UnitOfMeasurePrice>11.13</UnitOfMeasurePrice>
      <AllowDiscount>0</AllowDiscount>
      <itemStatus>1</itemStatus>
      <LastUpdateDate />
      <LastUpdateTime />
    </Product>
    <Product>
      <PriceUpdateDate>2019/03/25 08:53</PriceUpdateDate>
      <ItemCode>7290112336712</ItemCode>
      <ItemType>1</ItemType>
      <ItemName>דנונה פרו 21% חלבון 0</ItemName>
      <ManufactureName>שטראוס גרופ בעמ/מצונן</ManufactureName>
      <ManufactureCountry />
      <ManufactureItemDescription />
      <UnitQty>יח`</UnitQty>
      <Quantity>200</Quantity>
      <UnitMeasure>מ"ל</UnitMeasure>
      <BisWeighted>0</BisWeighted>
      <QtyInPackage>1</QtyInPackage>
      <ItemPrice>5.90</ItemPrice>
      <UnitOfMeasurePrice>2.95</UnitOfMeasurePrice>
      <AllowDiscount>0</AllowDiscount>
      <itemStatus>1</itemStatus>
      <LastUpdateDate />
      <LastUpdateTime />
    </Product>
    <Product>
      <PriceUpdateDate>2019/09/26 07:49</PriceUpdateDate>
      <ItemCode>7290112337474</ItemCode>
      <ItemType>1</ItemType>
      <ItemName>מאסט סוכריות פטל לימון 80 גר ללא סוכר</ItemName>
      <ManufactureName>שטראוס גרופ בעמ</ManufactureName>
      <ManufactureCountry />
      <ManufactureItemDescription />
      <UnitQty>יח`</UnitQty>
      <Quantity>80</Quantity>
      <UnitMeasure>גרם</UnitMeasure>
      <BisWeighted>0</BisWeighted>
      <QtyInPackage>1</QtyInPackage>
      <ItemPrice>8.90</ItemPrice>
      <UnitOfMeasurePrice>11.13</UnitOfMeasurePrice>
      <AllowDiscount>0</AllowDiscount>
      <itemStatus>1</itemStatus>
      <LastUpdateDate />
      <LastUpdateTime />
    </Product>
    <Product>
      <PriceUpdateDate>2019/09/26 07:49</PriceUpdateDate>
      <ItemCode>7290112337481</ItemCode>
      <ItemType>1</ItemType>
      <ItemName>מאסט סוכריות קפוצ`נו 80 גר ללא סוכר</ItemName>
      <ManufactureName>שטראוס גרופ בעמ</ManufactureName>
      <ManufactureCountry />
      <ManufactureItemDescription />
      <UnitQty>יח`</UnitQty>
      <Quantity>80</Quantity>
      <UnitMeasure>גרם</UnitMeasure>
      <BisWeighted>0</BisWeighted>
      <QtyInPackage>1</QtyInPackage>
      <ItemPrice>8.90</ItemPrice>
      <UnitOfMeasurePrice>11.13</UnitOfMeasurePrice>
      <AllowDiscount>0</AllowDiscount>
      <itemStatus>1</itemStatus>
      <LastUpdateDate />
      <LastUpdateTime />
    </Product>
    <Product>
      <PriceUpdateDate>2019/01/17 07:34</PriceUpdateDate>
      <ItemCode>7290112338877</ItemCode>
      <ItemType>1</ItemType>
      <ItemName>סקי תות 3% (125 גר`) דנונה</ItemName>
      <ManufactureName>שטראוס גרופ בעמ/מצונן</ManufactureName>
      <ManufactureCountry />
      <ManufactureItemDescription />
      <UnitQty>יח`</UnitQty>
      <Quantity>125</Quantity>
      <UnitMeasure>גרם</UnitMeasure>
      <BisWeighted>0</BisWeighted>
      <QtyInPackage>1</QtyInPackage>
      <ItemPrice>3.70</ItemPrice>
      <UnitOfMeasurePrice>2.96</UnitOfMeasurePrice>
      <AllowDiscount>1</AllowDiscount>
      <itemStatus>1</itemStatus>
      <LastUpdateDate />
      <LastUpdateTime />
    </Product>
    <Product>
      <PriceUpdateDate>2019/11/14 06:32</PriceUpdateDate>
      <ItemCode>7290112339362</ItemCode>
      <ItemType>1</ItemType>
      <ItemName>דנונה לייט אנד פריי בטעם קפוצ`נו 150 גר`</ItemName>
      <ManufactureName>שטראוס גרופ בעמ/מצונן</ManufactureName>
      <ManufactureCountry />
      <ManufactureItemDescription />
      <UnitQty>יח`</UnitQty>
      <Quantity>150</Quantity>
      <UnitMeasure>מ"ל</UnitMeasure>
      <BisWeighted>0</BisWeighted>
      <QtyInPackage>1</QtyInPackage>
      <ItemPrice>4.30</ItemPrice>
      <UnitOfMeasurePrice>2.87</UnitOfMeasurePrice>
      <AllowDiscount>0</AllowDiscount>
      <itemStatus>1</itemStatus>
      <LastUpdateDate />
      <LastUpdateTime />
    </Product>
    <Product>
      <PriceUpdateDate>2019/02/13 14:38</PriceUpdateDate>
      <ItemCode>7290112339867</ItemCode>
      <ItemType>1</ItemType>
      <ItemName>גמדים סקוויז בודד תות (100 גר`)</ItemName>
      <ManufactureName>שטראוס גרופ בעמ/מצונן</ManufactureName>
      <ManufactureCountry />
      <ManufactureItemDescription />
      <UnitQty>יח`</UnitQty>
      <Quantity>100</Quantity>
      <UnitMeasure>גרם</UnitMeasure>
      <BisWeighted>0</BisWeighted>
      <QtyInPackage>1</QtyInPackage>
      <ItemPrice>5.90</ItemPrice>
      <UnitOfMeasurePrice>5.90</UnitOfMeasurePrice>
      <AllowDiscount>1</AllowDiscount>
      <itemStatus>1</itemStatus>
      <LastUpdateDate />
      <LastUpdateTime />
    </Product>
    <Product>
      <PriceUpdateDate>2019/02/13 14:38</PriceUpdateDate>
      <ItemCode>7290112339874</ItemCode>
      <ItemType>1</ItemType>
      <ItemName>גמדים סקוויז בודד תות בננה (100 גר`)</ItemName>
      <ManufactureName>שטראוס גרופ בעמ/מצונן</ManufactureName>
      <ManufactureCountry />
      <ManufactureItemDescription />
      <UnitQty>יח`</UnitQty>
      <Quantity>100</Quantity>
      <UnitMeasure>גרם</UnitMeasure>
      <BisWeighted>0</BisWeighted>
      <QtyInPackage>1</QtyInPackage>
      <ItemPrice>5.90</ItemPrice>
      <UnitOfMeasurePrice>5.90</UnitOfMeasurePrice>
      <AllowDiscount>1</AllowDiscount>
      <itemStatus>1</itemStatus>
      <LastUpdateDate />
      <LastUpdateTime />
    </Product>
    <Product>
      <PriceUpdateDate>2019/06/10 09:40</PriceUpdateDate>
      <ItemCode>7290112340122</ItemCode>
      <ItemType>1</ItemType>
      <ItemName>פריכיות טעימות 3 דגנים 135 גר`</ItemName>
      <ManufactureName>שטראוס גרופ בעמ</ManufactureName>
      <ManufactureCountry />
      <ManufactureItemDescription />
      <UnitQty>יח`</UnitQty>
      <Quantity>135</Quantity>
      <UnitMeasure>גרם</UnitMeasure>
      <BisWeighted>0</BisWeighted>
      <QtyInPackage>1</QtyInPackage>
      <ItemPrice>12.90</ItemPrice>
      <UnitOfMeasurePrice>9.56</UnitOfMeasurePrice>
      <AllowDiscount>1</AllowDiscount>
      <itemStatus>1</itemStatus>
      <LastUpdateDate />
      <LastUpdateTime />
    </Product>
    <Product>
      <PriceUpdateDate>2019/04/10 16:21</PriceUpdateDate>
      <ItemCode>7290112340245</ItemCode>
      <ItemType>1</ItemType>
      <ItemName>מסטיק מאסט צנצנת בטעם דובדבן 66 גר` מגדי</ItemName>
      <ManufactureName>שטראוס גרופ בעמ</ManufactureName>
      <ManufactureCountry />
      <ManufactureItemDescription />
      <UnitQty>יח`</UnitQty>
      <Quantity>66</Quantity>
      <UnitMeasure>גרם</UnitMeasure>
      <BisWeighted>0</BisWeighted>
      <QtyInPackage>1</QtyInPackage>
      <ItemPrice>9.90</ItemPrice>
      <UnitOfMeasurePrice>15</UnitOfMeasurePrice>
      <AllowDiscount>1</AllowDiscount>
      <itemStatus>1</itemStatus>
      <LastUpdateDate />
      <LastUpdateTime />
    </Product>
    <Product>
      <PriceUpdateDate>2019/04/10 11:28</PriceUpdateDate>
      <ItemCode>7290112340252</ItemCode>
      <ItemType>1</ItemType>
      <ItemName>מסטיק מאסט בטעם אבטיח מלון 66 גר</ItemName>
      <ManufactureName>שטראוס גרופ בעמ</ManufactureName>
      <ManufactureCountry />
      <ManufactureItemDescription />
      <UnitQty>יח`</UnitQty>
      <Quantity>66</Quantity>
      <UnitMeasure>גרם</UnitMeasure>
      <BisWeighted>0</BisWeighted>
      <QtyInPackage>1</QtyInPackage>
      <ItemPrice>9.90</ItemPrice>
      <UnitOfMeasurePrice>15</UnitOfMeasurePrice>
      <AllowDiscount>1</AllowDiscount>
      <itemStatus>1</itemStatus>
      <LastUpdateDate />
      <LastUpdateTime />
    </Product>
    <Product>
      <PriceUpdateDate>2019/07/19 13:19</PriceUpdateDate>
      <ItemCode>7290112340276</ItemCode>
      <ItemType>1</ItemType>
      <ItemName>עוגיות קרם קפה עלית 200 גר` עלית</ItemName>
      <ManufactureName>שטראוס גרופ בעמ</ManufactureName>
      <ManufactureCountry />
      <ManufactureItemDescription />
      <UnitQty>יח`</UnitQty>
      <Quantity>200</Quantity>
      <UnitMeasure>גרם</UnitMeasure>
      <BisWeighted>0</BisWeighted>
      <QtyInPackage>1</QtyInPackage>
      <ItemPrice>10.90</ItemPrice>
      <UnitOfMeasurePrice>5.45</UnitOfMeasurePrice>
      <AllowDiscount>1</AllowDiscount>
      <itemStatus>1</itemStatus>
      <LastUpdateDate />
      <LastUpdateTime />
    </Product>
    <Product>
      <PriceUpdateDate>2019/11/11 15:03</PriceUpdateDate>
      <ItemCode>7290112340481</ItemCode>
      <ItemType>1</ItemType>
      <ItemName>בוטנים 200  גר`סבבה</ItemName>
      <ManufactureName>שטראוס פריטו ליי בעמ</ManufactureName>
      <ManufactureCountry />
      <ManufactureItemDescription />
      <UnitQty>יח`</UnitQty>
      <Quantity>200</Quantity>
      <UnitMeasure>גרם</UnitMeasure>
      <BisWeighted>0</BisWeighted>
      <QtyInPackage>1</QtyInPackage>
      <ItemPrice>6.90</ItemPrice>
      <UnitOfMeasurePrice>3.45</UnitOfMeasurePrice>
      <AllowDiscount>0</AllowDiscount>
      <itemStatus>1</itemStatus>
      <LastUpdateDate />
      <LastUpdateTime />
    </Product>
    <Product>
      <PriceUpdateDate>2019/11/11 15:03</PriceUpdateDate>
      <ItemCode>7290112340498</ItemCode>
      <ItemType>1</ItemType>
      <ItemName>בוטנים ברביקין 200  גר`סבבה</ItemName>
      <ManufactureName>שטראוס פריטו ליי בעמ</ManufactureName>
      <ManufactureCountry />
      <ManufactureItemDescription />
      <UnitQty>יח`</UnitQty>
      <Quantity>200</Quantity>
      <UnitMeasure>גרם</UnitMeasure>
      <BisWeighted>0</BisWeighted>
      <QtyInPackage>1</QtyInPackage>
      <ItemPrice>6.90</ItemPrice>
      <UnitOfMeasurePrice>3.45</UnitOfMeasurePrice>
      <AllowDiscount>0</AllowDiscount>
      <itemStatus>1</itemStatus>
      <LastUpdateDate />
      <LastUpdateTime />
    </Product>
    <Product>
      <PriceUpdateDate>2019/06/13 09:55</PriceUpdateDate>
      <ItemCode>7290112341099</ItemCode>
      <ItemType>1</ItemType>
      <ItemName>פיתה קראנצ` טבעי עלית (300 גרם)</ItemName>
      <ManufactureName>שטראוס פריטו ליי בעמ</ManufactureName>
      <ManufactureCountry />
      <ManufactureItemDescription />
      <UnitQty>יח`</UnitQty>
      <Quantity>300</Quantity>
      <UnitMeasure>גרם</UnitMeasure>
      <BisWeighted>0</BisWeighted>
      <QtyInPackage>1</QtyInPackage>
      <ItemPrice>13</ItemPrice>
      <UnitOfMeasurePrice>4.33</UnitOfMeasurePrice>
      <AllowDiscount>1</AllowDiscount>
      <itemStatus>1</itemStatus>
      <LastUpdateDate />
      <LastUpdateTime />
    </Product>
    <Product>
      <PriceUpdateDate>2019/08/22 11:14</PriceUpdateDate>
      <ItemCode>7290112341105</ItemCode>
      <ItemType>1</ItemType>
      <ItemName>באגט קראנ`צ בטעם שום 300 גר` עלית</ItemName>
      <ManufactureName>שטראוס פריטו ליי בעמ</ManufactureName>
      <ManufactureCountry />
      <ManufactureItemDescription />
      <UnitQty>יח`</UnitQty>
      <Quantity>300</Quantity>
      <UnitMeasure>גרם</UnitMeasure>
      <BisWeighted>0</BisWeighted>
      <QtyInPackage>1</QtyInPackage>
      <ItemPrice>13</ItemPrice>
      <UnitOfMeasurePrice>4.33</UnitOfMeasurePrice>
      <AllowDiscount>1</AllowDiscount>
      <itemStatus>1</itemStatus>
      <LastUpdateDate />
      <LastUpdateTime />
    </Product>
    <Product>
      <PriceUpdateDate>2019/06/12 14:18</PriceUpdateDate>
      <ItemCode>7290112341112</ItemCode>
      <ItemType>1</ItemType>
      <ItemName>משקה בטעם מוקה בקבוק 350 יטבתה</ItemName>
      <ManufactureName>שטראוס גרופ בעמ/מצונן</ManufactureName>
      <ManufactureCountry />
      <ManufactureItemDescription />
      <UnitQty>יח`</UnitQty>
      <Quantity>350</Quantity>
      <UnitMeasure>מ"ל</UnitMeasure>
      <BisWeighted>0</BisWeighted>
      <QtyInPackage>1</QtyInPackage>
      <ItemPrice>6.30</ItemPrice>
      <UnitOfMeasurePrice>1.80</UnitOfMeasurePrice>
      <AllowDiscount>0</AllowDiscount>
      <itemStatus>1</itemStatus>
      <LastUpdateDate />
      <LastUpdateTime />
    </Product>
    <Product>
      <PriceUpdateDate>2019/09/26 07:49</PriceUpdateDate>
      <ItemCode>7290112341174</ItemCode>
      <ItemType>1</ItemType>
      <ItemName>חטיף אנרגי מאגדת אגוזים בטעם קרמל עלית</ItemName>
      <ManufactureName>שטראוס גרופ בעמ</ManufactureName>
      <ManufactureCountry />
      <ManufactureItemDescription />
      <UnitQty>יח`</UnitQty>
      <Quantity>144</Quantity>
      <UnitMeasure>גרם</UnitMeasure>
      <BisWeighted>0</BisWeighted>
      <QtyInPackage>1</QtyInPackage>
      <ItemPrice>14.90</ItemPrice>
      <UnitOfMeasurePrice>10.35</UnitOfMeasurePrice>
      <AllowDiscount>1</AllowDiscount>
      <itemStatus>1</itemStatus>
      <LastUpdateDate />
      <LastUpdateTime />
    </Product>
    <Product>
      <PriceUpdateDate>2019/09/25 08:22</PriceUpdateDate>
      <ItemCode>7290112341556</ItemCode>
      <ItemType>1</ItemType>
      <ItemName>אקטיביה עם צ`יה ותות 150 גר`</ItemName>
      <ManufactureName>שטראוס גרופ בעמ/מצונן</ManufactureName>
      <ManufactureCountry />
      <ManufactureItemDescription />
      <UnitQty>יח`</UnitQty>
      <Quantity>150</Quantity>
      <UnitMeasure>מ"ל</UnitMeasure>
      <BisWeighted>0</BisWeighted>
      <QtyInPackage>1</QtyInPackage>
      <ItemPrice>4.50</ItemPrice>
      <UnitOfMeasurePrice>3</UnitOfMeasurePrice>
      <AllowDiscount>0</AllowDiscount>
      <itemStatus>1</itemStatus>
      <LastUpdateDate />
      <LastUpdateTime />
    </Product>
    <Product>
      <PriceUpdateDate>2019/10/12 19:38</PriceUpdateDate>
      <ItemCode>7290112341600</ItemCode>
      <ItemType>1</ItemType>
      <ItemName>שוקולד ספלנדיד רובי עם שברי אגוזי לוז 9</ItemName>
      <ManufactureName>שטראוס גרופ בעמ</ManufactureName>
      <ManufactureCountry />
      <ManufactureItemDescription />
      <UnitQty>יח`</UnitQty>
      <Quantity>90</Quantity>
      <UnitMeasure>גרם</UnitMeasure>
      <BisWeighted>0</BisWeighted>
      <QtyInPackage>1</QtyInPackage>
      <ItemPrice>14.90</ItemPrice>
      <UnitOfMeasurePrice>16.56</UnitOfMeasurePrice>
      <AllowDiscount>0</AllowDiscount>
      <itemStatus>1</itemStatus>
      <LastUpdateDate />
      <LastUpdateTime />
    </Product>
    <Product>
      <PriceUpdateDate>2019/10/12 19:38</PriceUpdateDate>
      <ItemCode>7290112341617</ItemCode>
      <ItemType>1</ItemType>
      <ItemName>שוקולד ספלנדידרובי עם שברי פולי קקאו 90</ItemName>
      <ManufactureName>שטראוס גרופ בעמ</ManufactureName>
      <ManufactureCountry />
      <ManufactureItemDescription />
      <UnitQty>יח`</UnitQty>
      <Quantity>90</Quantity>
      <UnitMeasure>גרם</UnitMeasure>
      <BisWeighted>0</BisWeighted>
      <QtyInPackage>1</QtyInPackage>
      <ItemPrice>14.90</ItemPrice>
      <UnitOfMeasurePrice>16.56</UnitOfMeasurePrice>
      <AllowDiscount>0</AllowDiscount>
      <itemStatus>1</itemStatus>
      <LastUpdateDate />
      <LastUpdateTime />
    </Product>
    <Product>
      <PriceUpdateDate>2019/08/07 10:33</PriceUpdateDate>
      <ItemCode>7290112341624</ItemCode>
      <ItemType>1</ItemType>
      <ItemName>ספלנדיד שוקולד חלב מדגסקר 32%</ItemName>
      <ManufactureName>שטראוס גרופ בעמ</ManufactureName>
      <ManufactureCountry />
      <ManufactureItemDescription />
      <UnitQty>יח`</UnitQty>
      <Quantity>105</Quantity>
      <UnitMeasure>גרם</UnitMeasure>
      <BisWeighted>0</BisWeighted>
      <QtyInPackage>1</QtyInPackage>
      <ItemPrice>10.90</ItemPrice>
      <UnitOfMeasurePrice>10.38</UnitOfMeasurePrice>
      <AllowDiscount>0</AllowDiscount>
      <itemStatus>1</itemStatus>
      <LastUpdateDate />
      <LastUpdateTime />
    </Product>
    <Product>
      <PriceUpdateDate>2019/08/07 10:33</PriceUpdateDate>
      <ItemCode>7290112341631</ItemCode>
      <ItemType>1</ItemType>
      <ItemName>ספלנדיד שוקולד מרירפרו 64%</ItemName>
      <ManufactureName>שטראוס גרופ בעמ</ManufactureName>
      <ManufactureCountry />
      <ManufactureItemDescription />
      <UnitQty>יח`</UnitQty>
      <Quantity>90</Quantity>
      <UnitMeasure>גרם</UnitMeasure>
      <BisWeighted>0</BisWeighted>
      <QtyInPackage>1</QtyInPackage>
      <ItemPrice>10.90</ItemPrice>
      <UnitOfMeasurePrice>12.11</UnitOfMeasurePrice>
      <AllowDiscount>0</AllowDiscount>
      <itemStatus>1</itemStatus>
      <LastUpdateDate />
      <LastUpdateTime />
    </Product>
    <Product>
      <PriceUpdateDate>2019/09/25 08:22</PriceUpdateDate>
      <ItemCode>7290112341679</ItemCode>
      <ItemType>1</ItemType>
      <ItemName>אקטיביה יוגורט 3% דנונה (200 גרם)</ItemName>
      <ManufactureName>שטראוס גרופ בעמ/מצונן</ManufactureName>
      <ManufactureCountry />
      <ManufactureItemDescription />
      <UnitQty>יח`</UnitQty>
      <Quantity>200</Quantity>
      <UnitMeasure>גרם</UnitMeasure>
      <BisWeighted>0</BisWeighted>
      <QtyInPackage>1</QtyInPackage>
      <ItemPrice>3.70</ItemPrice>
      <UnitOfMeasurePrice>1.85</UnitOfMeasurePrice>
      <AllowDiscount>0</AllowDiscount>
      <itemStatus>1</itemStatus>
      <LastUpdateDate />
      <LastUpdateTime />
    </Product>
    <Product>
      <PriceUpdateDate>2019/09/25 08:22</PriceUpdateDate>
      <ItemCode>7290112341686</ItemCode>
      <ItemType>1</ItemType>
      <ItemName>אקטיביה יוגורט 3% דנונה (150x8 גרם)</ItemName>
      <ManufactureName>שטראוס גרופ בעמ/מצונן</ManufactureName>
      <ManufactureCountry />
      <ManufactureItemDescription />
      <UnitQty>יח`</UnitQty>
      <Quantity>1.20</Quantity>
      <UnitMeasure>גרם</UnitMeasure>
      <BisWeighted>0</BisWeighted>
      <QtyInPackage>1</QtyInPackage>
      <ItemPrice>19.90</ItemPrice>
      <UnitOfMeasurePrice>1658.33</UnitOfMeasurePrice>
      <AllowDiscount>0</AllowDiscount>
      <itemStatus>1</itemStatus>
      <LastUpdateDate />
      <LastUpdateTime />
    </Product>
    <Product>
      <PriceUpdateDate>2019/08/07 16:17</PriceUpdateDate>
      <ItemCode>7290112341730</ItemCode>
      <ItemType>1</ItemType>
      <ItemName>מארז שלישיית אגוז מריר (3X100 ) עלית</ItemName>
      <ManufactureName>שטראוס גרופ בעמ</ManufactureName>
      <ManufactureCountry />
      <ManufactureItemDescription />
      <UnitQty>יח`</UnitQty>
      <Quantity>300</Quantity>
      <UnitMeasure>גרם</UnitMeasure>
      <BisWeighted>0</BisWeighted>
      <QtyInPackage>1</QtyInPackage>
      <ItemPrice>24.90</ItemPrice>
      <UnitOfMeasurePrice>8.30</UnitOfMeasurePrice>
      <AllowDiscount>0</AllowDiscount>
      <itemStatus>1</itemStatus>
      <LastUpdateDate />
      <LastUpdateTime />
    </Product>
    <Product>
      <PriceUpdateDate>2019/08/07 16:17</PriceUpdateDate>
      <ItemCode>7290112341754</ItemCode>
      <ItemType>1</ItemType>
      <ItemName>מארז שלישיית אגוז חלב (3X100 ) עלית</ItemName>
      <ManufactureName>שטראוס גרופ בעמ</ManufactureName>
      <ManufactureCountry />
      <ManufactureItemDescription />
      <UnitQty>יח`</UnitQty>
      <Quantity>300</Quantity>
      <UnitMeasure>גרם</UnitMeasure>
      <BisWeighted>0</BisWeighted>
      <QtyInPackage>1</QtyInPackage>
      <ItemPrice>24.90</ItemPrice>
      <UnitOfMeasurePrice>8.30</UnitOfMeasurePrice>
      <AllowDiscount>0</AllowDiscount>
      <itemStatus>1</itemStatus>
      <LastUpdateDate />
      <LastUpdateTime />
    </Product>
    <Product>
      <PriceUpdateDate>2019/11/20 09:24</PriceUpdateDate>
      <ItemCode>7290112341778</ItemCode>
      <ItemType>1</ItemType>
      <ItemName>טבלה לאפייה שוקולד חלב ג`אנדויה 200 גר`</ItemName>
      <ManufactureName>שטראוס גרופ בעמ</ManufactureName>
      <ManufactureCountry />
      <ManufactureItemDescription />
      <UnitQty>יח`</UnitQty>
      <Quantity>200</Quantity>
      <UnitMeasure>גרם</UnitMeasure>
      <BisWeighted>0</BisWeighted>
      <QtyInPackage>1</QtyInPackage>
      <ItemPrice>14.90</ItemPrice>
      <UnitOfMeasurePrice>7.45</UnitOfMeasurePrice>
      <AllowDiscount>1</AllowDiscount>
      <itemStatus>1</itemStatus>
      <LastUpdateDate />
      <LastUpdateTime />
    </Product>
    <Product>
      <PriceUpdateDate>2020/01/09 07:36</PriceUpdateDate>
      <ItemCode>7290112342102</ItemCode>
      <ItemType>1</ItemType>
      <ItemName>סימפוניה בצל מקורמל 5% שטראוס</ItemName>
      <ManufactureName>שטראוס גרופ בעמ/מצונן</ManufactureName>
      <ManufactureCountry />
      <ManufactureItemDescription />
      <UnitQty>יח`</UnitQty>
      <Quantity>200</Quantity>
      <UnitMeasure>גרם</UnitMeasure>
      <BisWeighted>0</BisWeighted>
      <QtyInPackage>1</QtyInPackage>
      <ItemPrice>11.40</ItemPrice>
      <UnitOfMeasurePrice>5.70</UnitOfMeasurePrice>
      <AllowDiscount>0</AllowDiscount>
      <itemStatus>1</itemStatus>
      <LastUpdateDate />
      <LastUpdateTime />
    </Product>
    <Product>
      <PriceUpdateDate>2019/11/10 11:40</PriceUpdateDate>
      <ItemCode>7290112342270</ItemCode>
      <ItemType>1</ItemType>
      <ItemName>קפה אינטנס 10% פלטינום</ItemName>
      <ManufactureName>שטראוס גרופ בעמ</ManufactureName>
      <ManufactureCountry />
      <ManufactureItemDescription />
      <UnitQty>יח`</UnitQty>
      <Quantity>125</Quantity>
      <UnitMeasure>גרם</UnitMeasure>
      <BisWeighted>0</BisWeighted>
      <QtyInPackage>1</QtyInPackage>
      <ItemPrice>19.90</ItemPrice>
      <UnitOfMeasurePrice>15.92</UnitOfMeasurePrice>
      <AllowDiscount>0</AllowDiscount>
      <itemStatus>1</itemStatus>
      <LastUpdateDate />
      <LastUpdateTime />
    </Product>
    <Product>
      <PriceUpdateDate>2019/08/07 10:33</PriceUpdateDate>
      <ItemCode>7290112342348</ItemCode>
      <ItemType>1</ItemType>
      <ItemName>כיף כף נשנושים עלית (130  גרם)* *</ItemName>
      <ManufactureName>שטראוס גרופ בעמ</ManufactureName>
      <ManufactureCountry />
      <ManufactureItemDescription />
      <UnitQty>יח`</UnitQty>
      <Quantity>130</Quantity>
      <UnitMeasure>גרם</UnitMeasure>
      <BisWeighted>0</BisWeighted>
      <QtyInPackage>1</QtyInPackage>
      <ItemPrice>11.90</ItemPrice>
      <UnitOfMeasurePrice>9.15</UnitOfMeasurePrice>
      <AllowDiscount>0</AllowDiscount>
      <itemStatus>1</itemStatus>
      <LastUpdateDate />
      <LastUpdateTime />
    </Product>
    <Product>
      <PriceUpdateDate>2019/12/19 11:32</PriceUpdateDate>
      <ItemCode>7290112342379</ItemCode>
      <ItemType>1</ItemType>
      <ItemName>מסטיק מון מנטה עדינה 60 גר` מאסט</ItemName>
      <ManufactureName>שטראוס גרופ בעמ</ManufactureName>
      <ManufactureCountry />
      <ManufactureItemDescription />
      <UnitQty>יח`</UnitQty>
      <Quantity>60</Quantity>
      <UnitMeasure>גרם</UnitMeasure>
      <BisWeighted>0</BisWeighted>
      <QtyInPackage>1</QtyInPackage>
      <ItemPrice>9.90</ItemPrice>
      <UnitOfMeasurePrice>16.50</UnitOfMeasurePrice>
      <AllowDiscount>1</AllowDiscount>
      <itemStatus>1</itemStatus>
      <LastUpdateDate />
      <LastUpdateTime />
    </Product>
    <Product>
      <PriceUpdateDate>2019/12/19 11:32</PriceUpdateDate>
      <ItemCode>7290112342386</ItemCode>
      <ItemType>1</ItemType>
      <ItemName>מסטיק מון מנטה מתוקה 60 גר` מאסט</ItemName>
      <ManufactureName>שטראוס גרופ בעמ</ManufactureName>
      <ManufactureCountry />
      <ManufactureItemDescription />
      <UnitQty>יח`</UnitQty>
      <Quantity>60</Quantity>
      <UnitMeasure>גרם</UnitMeasure>
      <BisWeighted>0</BisWeighted>
      <QtyInPackage>1</QtyInPackage>
      <ItemPrice>9.90</ItemPrice>
      <UnitOfMeasurePrice>16.50</UnitOfMeasurePrice>
      <AllowDiscount>1</AllowDiscount>
      <itemStatus>1</itemStatus>
      <LastUpdateDate />
      <LastUpdateTime />
    </Product>
    <Product>
      <PriceUpdateDate>2019/12/19 11:32</PriceUpdateDate>
      <ItemCode>7290112342393</ItemCode>
      <ItemType>1</ItemType>
      <ItemName>מסטיק מון מנטה תפוח 60 גר` מאסט</ItemName>
      <ManufactureName>שטראוס גרופ בעמ</ManufactureName>
      <ManufactureCountry />
      <ManufactureItemDescription />
      <UnitQty>יח`</UnitQty>
      <Quantity>60</Quantity>
      <UnitMeasure>גרם</UnitMeasure>
      <BisWeighted>0</BisWeighted>
      <QtyInPackage>1</QtyInPackage>
      <ItemPrice>9.90</ItemPrice>
      <UnitOfMeasurePrice>16.50</UnitOfMeasurePrice>
      <AllowDiscount>1</AllowDiscount>
      <itemStatus>1</itemStatus>
      <LastUpdateDate />
      <LastUpdateTime />
    </Product>
    <Product>
      <PriceUpdateDate>2020/02/16 09:37</PriceUpdateDate>
      <ItemCode>7290112342546</ItemCode>
      <ItemType>1</ItemType>
      <ItemName>שקית ריפיל פלטינום 100  גר`עלית</ItemName>
      <ManufactureName>שטראוס גרופ בעמ</ManufactureName>
      <ManufactureCountry />
      <ManufactureItemDescription />
      <UnitQty>יח`</UnitQty>
      <Quantity>100</Quantity>
      <UnitMeasure>גרם</UnitMeasure>
      <BisWeighted>0</BisWeighted>
      <QtyInPackage>1</QtyInPackage>
      <ItemPrice>11.90</ItemPrice>
      <UnitOfMeasurePrice>11.90</UnitOfMeasurePrice>
      <AllowDiscount>0</AllowDiscount>
      <itemStatus>1</itemStatus>
      <LastUpdateDate />
      <LastUpdateTime />
    </Product>
    <Product>
      <PriceUpdateDate>2019/12/18 08:15</PriceUpdateDate>
      <ItemCode>7290112343260</ItemCode>
      <ItemType>1</ItemType>
      <ItemName>רוטב שמנת קלאסי 260  גר`יטבתה</ItemName>
      <ManufactureName>שטראוס גרופ בעמ/מצונן</ManufactureName>
      <ManufactureCountry />
      <ManufactureItemDescription />
      <UnitQty>יח`</UnitQty>
      <Quantity>260</Quantity>
      <UnitMeasure>מ"ל</UnitMeasure>
      <BisWeighted>0</BisWeighted>
      <QtyInPackage>1</QtyInPackage>
      <ItemPrice>9.90</ItemPrice>
      <UnitOfMeasurePrice>3.81</UnitOfMeasurePrice>
      <AllowDiscount>0</AllowDiscount>
      <itemStatus>1</itemStatus>
      <LastUpdateDate />
      <LastUpdateTime />
    </Product>
    <Product>
      <PriceUpdateDate>2019/12/18 08:15</PriceUpdateDate>
      <ItemCode>7290112343420</ItemCode>
      <ItemType>1</ItemType>
      <ItemName>יטבתה פרו ארוחת בוקר 350 מל</ItemName>
      <ManufactureName>שטראוס גרופ בעמ/מצונן</ManufactureName>
      <ManufactureCountry />
      <ManufactureItemDescription />
      <UnitQty>יח`</UnitQty>
      <Quantity>350</Quantity>
      <UnitMeasure>מ"ל</UnitMeasure>
      <BisWeighted>0</BisWeighted>
      <QtyInPackage>1</QtyInPackage>
      <ItemPrice>6.90</ItemPrice>
      <UnitOfMeasurePrice>1.97</UnitOfMeasurePrice>
      <AllowDiscount>0</AllowDiscount>
      <itemStatus>1</itemStatus>
      <LastUpdateDate />
      <LastUpdateTime />
    </Product>
    <Product>
      <PriceUpdateDate>2019/09/26 07:50</PriceUpdateDate>
      <ItemCode>7290112344564</ItemCode>
      <ItemType>1</ItemType>
      <ItemName>רביולי גבינה 400 גר` kids שטראוס</ItemName>
      <ManufactureName>שטראוס גרופ בעמ/מצונן</ManufactureName>
      <ManufactureCountry />
      <ManufactureItemDescription />
      <UnitQty>יח`</UnitQty>
      <Quantity>400</Quantity>
      <UnitMeasure>גרם</UnitMeasure>
      <BisWeighted>0</BisWeighted>
      <QtyInPackage>1</QtyInPackage>
      <ItemPrice>20.90</ItemPrice>
      <UnitOfMeasurePrice>5.23</UnitOfMeasurePrice>
      <AllowDiscount>1</AllowDiscount>
      <itemStatus>1</itemStatus>
      <LastUpdateDate />
      <LastUpdateTime />
    </Product>
    <Product>
      <PriceUpdateDate>2020/02/14 12:07</PriceUpdateDate>
      <ItemCode>7290112344694</ItemCode>
      <ItemType>1</ItemType>
      <ItemName>מילקי קרם אגוזים 133 גרם שטראוס</ItemName>
      <ManufactureName>שטראוס גרופ בעמ/מצונן</ManufactureName>
      <ManufactureCountry />
      <ManufactureItemDescription />
      <UnitQty>יח`</UnitQty>
      <Quantity>133</Quantity>
      <UnitMeasure>מ"ל</UnitMeasure>
      <BisWeighted>0</BisWeighted>
      <QtyInPackage>1</QtyInPackage>
      <ItemPrice>2.70</ItemPrice>
      <UnitOfMeasurePrice>2.03</UnitOfMeasurePrice>
      <AllowDiscount>0</AllowDiscount>
      <itemStatus>1</itemStatus>
      <LastUpdateDate />
      <LastUpdateTime />
    </Product>
    <Product>
      <PriceUpdateDate>2020/04/20 10:24</PriceUpdateDate>
      <ItemCode>7290112344779</ItemCode>
      <ItemType>1</ItemType>
      <ItemName>מילקי מתוק מלוח טופ בייגלה</ItemName>
      <ManufactureName>שטראוס גרופ בעמ/מצונן</ManufactureName>
      <ManufactureCountry />
      <ManufactureItemDescription />
      <UnitQty>יח`</UnitQty>
      <Quantity>139</Quantity>
      <UnitMeasure>מ"ל</UnitMeasure>
      <BisWeighted>0</BisWeighted>
      <QtyInPackage>1</QtyInPackage>
      <ItemPrice>4.60</ItemPrice>
      <UnitOfMeasurePrice>3.31</UnitOfMeasurePrice>
      <AllowDiscount>0</AllowDiscount>
      <itemStatus>1</itemStatus>
      <LastUpdateDate />
      <LastUpdateTime />
    </Product>
    <Product>
      <PriceUpdateDate>2019/11/14 06:32</PriceUpdateDate>
      <ItemCode>7290112344991</ItemCode>
      <ItemType>1</ItemType>
      <ItemName>דנונה לייט אנד פריי בטעם תות 150 גר`</ItemName>
      <ManufactureName>שטראוס גרופ בעמ/מצונן</ManufactureName>
      <ManufactureCountry />
      <ManufactureItemDescription />
      <UnitQty>יח`</UnitQty>
      <Quantity>150</Quantity>
      <UnitMeasure>מ"ל</UnitMeasure>
      <BisWeighted>0</BisWeighted>
      <QtyInPackage>1</QtyInPackage>
      <ItemPrice>4.30</ItemPrice>
      <UnitOfMeasurePrice>2.87</UnitOfMeasurePrice>
      <AllowDiscount>0</AllowDiscount>
      <itemStatus>1</itemStatus>
      <LastUpdateDate />
      <LastUpdateTime />
    </Product>
    <Product>
      <PriceUpdateDate>2019/08/09 16:15</PriceUpdateDate>
      <ItemCode>7290112345264</ItemCode>
      <ItemType>1</ItemType>
      <ItemName>מעדן חלב עם שוקולד מעושר בחלבון שטראוס</ItemName>
      <ManufactureName>שטראוס גרופ בעמ/מצונן</ManufactureName>
      <ManufactureCountry />
      <ManufactureItemDescription />
      <UnitQty>יח`</UnitQty>
      <Quantity>130</Quantity>
      <UnitMeasure>גרם</UnitMeasure>
      <BisWeighted>0</BisWeighted>
      <QtyInPackage>1</QtyInPackage>
      <ItemPrice>4.90</ItemPrice>
      <UnitOfMeasurePrice>3.77</UnitOfMeasurePrice>
      <AllowDiscount>0</AllowDiscount>
      <itemStatus>1</itemStatus>
      <LastUpdateDate />
      <LastUpdateTime />
    </Product>
    <Product>
      <PriceUpdateDate>2019/10/12 19:38</PriceUpdateDate>
      <ItemCode>7290112345332</ItemCode>
      <ItemType>1</ItemType>
      <ItemName>עוגת שמרים קראנץ 350 גר` שוקולד עלית</ItemName>
      <ManufactureName>שטראוס גרופ בעמ</ManufactureName>
      <ManufactureCountry />
      <ManufactureItemDescription />
      <UnitQty>יח`</UnitQty>
      <Quantity>350</Quantity>
      <UnitMeasure>גרם</UnitMeasure>
      <BisWeighted>0</BisWeighted>
      <QtyInPackage>1</QtyInPackage>
      <ItemPrice>17.90</ItemPrice>
      <UnitOfMeasurePrice>5.11</UnitOfMeasurePrice>
      <AllowDiscount>0</AllowDiscount>
      <itemStatus>1</itemStatus>
      <LastUpdateDate />
      <LastUpdateTime />
    </Product>
    <Product>
      <PriceUpdateDate>2020/01/24 09:43</PriceUpdateDate>
      <ItemCode>7290112346360</ItemCode>
      <ItemType>1</ItemType>
      <ItemName>בפלות אחת אחת בציפוי שוקלוד חלב עלית</ItemName>
      <ManufactureName>שטראוס גרופ בעמ</ManufactureName>
      <ManufactureCountry />
      <ManufactureItemDescription />
      <UnitQty>יח`</UnitQty>
      <Quantity>180</Quantity>
      <UnitMeasure>גרם</UnitMeasure>
      <BisWeighted>0</BisWeighted>
      <QtyInPackage>1</QtyInPackage>
      <ItemPrice>13.90</ItemPrice>
      <UnitOfMeasurePrice>7.72</UnitOfMeasurePrice>
      <AllowDiscount>0</AllowDiscount>
      <itemStatus>1</itemStatus>
      <LastUpdateDate />
      <LastUpdateTime />
    </Product>
    <Product>
      <PriceUpdateDate>2019/12/19 11:32</PriceUpdateDate>
      <ItemCode>7290112346537</ItemCode>
      <ItemType>1</ItemType>
      <ItemName>פינוקיות בטעם טורטית 200 גר` עלית</ItemName>
      <ManufactureName>שטראוס גרופ בעמ</ManufactureName>
      <ManufactureCountry />
      <ManufactureItemDescription />
      <UnitQty>יח`</UnitQty>
      <Quantity>200</Quantity>
      <UnitMeasure>גרם</UnitMeasure>
      <BisWeighted>0</BisWeighted>
      <QtyInPackage>1</QtyInPackage>
      <ItemPrice>10.90</ItemPrice>
      <UnitOfMeasurePrice>5.45</UnitOfMeasurePrice>
      <AllowDiscount>1</AllowDiscount>
      <itemStatus>1</itemStatus>
      <LastUpdateDate />
      <LastUpdateTime />
    </Product>
    <Product>
      <PriceUpdateDate>2019/11/13 16:16</PriceUpdateDate>
      <ItemCode>7290112346575</ItemCode>
      <ItemType>1</ItemType>
      <ItemName>אקטיביה עם שכבת תות 150 גר`</ItemName>
      <ManufactureName>שטראוס גרופ בעמ/מצונן</ManufactureName>
      <ManufactureCountry />
      <ManufactureItemDescription />
      <UnitQty>יח`</UnitQty>
      <Quantity>150</Quantity>
      <UnitMeasure>מ"ל</UnitMeasure>
      <BisWeighted>0</BisWeighted>
      <QtyInPackage>1</QtyInPackage>
      <ItemPrice>4.50</ItemPrice>
      <UnitOfMeasurePrice>3</UnitOfMeasurePrice>
      <AllowDiscount>0</AllowDiscount>
      <itemStatus>1</itemStatus>
      <LastUpdateDate />
      <LastUpdateTime />
    </Product>
    <Product>
      <PriceUpdateDate>2019/11/13 16:16</PriceUpdateDate>
      <ItemCode>7290112346582</ItemCode>
      <ItemType>1</ItemType>
      <ItemName>אקטיביה עם שכבת אפרסק 150 גר`</ItemName>
      <ManufactureName>שטראוס גרופ בעמ/מצונן</ManufactureName>
      <ManufactureCountry />
      <ManufactureItemDescription />
      <UnitQty>יח`</UnitQty>
      <Quantity>150</Quantity>
      <UnitMeasure>מ"ל</UnitMeasure>
      <BisWeighted>0</BisWeighted>
      <QtyInPackage>1</QtyInPackage>
      <ItemPrice>4.50</ItemPrice>
      <UnitOfMeasurePrice>3</UnitOfMeasurePrice>
      <AllowDiscount>0</AllowDiscount>
      <itemStatus>1</itemStatus>
      <LastUpdateDate />
      <LastUpdateTime />
    </Product>
    <Product>
      <PriceUpdateDate>2020/01/09 07:36</PriceUpdateDate>
      <ItemCode>7290112346643</ItemCode>
      <ItemType>1</ItemType>
      <ItemName>דנונה יווני עם שכבות תות 5.8% שטראוס</ItemName>
      <ManufactureName>שטראוס גרופ בעמ/מצונן</ManufactureName>
      <ManufactureCountry />
      <ManufactureItemDescription />
      <UnitQty>יח`</UnitQty>
      <Quantity>130</Quantity>
      <UnitMeasure>גרם</UnitMeasure>
      <BisWeighted>0</BisWeighted>
      <QtyInPackage>1</QtyInPackage>
      <ItemPrice>3.30</ItemPrice>
      <UnitOfMeasurePrice>2.54</UnitOfMeasurePrice>
      <AllowDiscount>0</AllowDiscount>
      <itemStatus>1</itemStatus>
      <LastUpdateDate />
      <LastUpdateTime />
    </Product>
    <Product>
      <PriceUpdateDate>2020/02/14 12:07</PriceUpdateDate>
      <ItemCode>7290112346681</ItemCode>
      <ItemType>1</ItemType>
      <ItemName>דנונה לשתיה פירות יער</ItemName>
      <ManufactureName>שטראוס גרופ בעמ/מצונן</ManufactureName>
      <ManufactureCountry />
      <ManufactureItemDescription />
      <UnitQty>יח`</UnitQty>
      <Quantity>267</Quantity>
      <UnitMeasure>מ"ל</UnitMeasure>
      <BisWeighted>0</BisWeighted>
      <QtyInPackage>1</QtyInPackage>
      <ItemPrice>4.90</ItemPrice>
      <UnitOfMeasurePrice>1.84</UnitOfMeasurePrice>
      <AllowDiscount>0</AllowDiscount>
      <itemStatus>1</itemStatus>
      <LastUpdateDate />
      <LastUpdateTime />
    </Product>
    <Product>
      <PriceUpdateDate>2020/02/14 12:07</PriceUpdateDate>
      <ItemCode>7290112346742</ItemCode>
      <ItemType>1</ItemType>
      <ItemName>דנונה לייט אנד פריי בטעם קוקוס 150 גר`</ItemName>
      <ManufactureName>שטראוס גרופ בעמ/מצונן</ManufactureName>
      <ManufactureCountry />
      <ManufactureItemDescription />
      <UnitQty>יח`</UnitQty>
      <Quantity>150</Quantity>
      <UnitMeasure>מ"ל</UnitMeasure>
      <BisWeighted>0</BisWeighted>
      <QtyInPackage>1</QtyInPackage>
      <ItemPrice>4.30</ItemPrice>
      <UnitOfMeasurePrice>2.87</UnitOfMeasurePrice>
      <AllowDiscount>0</AllowDiscount>
      <itemStatus>1</itemStatus>
      <LastUpdateDate />
      <LastUpdateTime />
    </Product>
    <Product>
      <PriceUpdateDate>2020/01/09 07:36</PriceUpdateDate>
      <ItemCode>7290112346865</ItemCode>
      <ItemType>1</ItemType>
      <ItemName>דנונה פרו 15 גרם עם פירות יער שטראוס</ItemName>
      <ManufactureName>שטראוס גרופ בעמ/מצונן</ManufactureName>
      <ManufactureCountry />
      <ManufactureItemDescription />
      <UnitQty>יח`</UnitQty>
      <Quantity>205</Quantity>
      <UnitMeasure>גרם</UnitMeasure>
      <BisWeighted>0</BisWeighted>
      <QtyInPackage>1</QtyInPackage>
      <ItemPrice>5.90</ItemPrice>
      <UnitOfMeasurePrice>2.88</UnitOfMeasurePrice>
      <AllowDiscount>0</AllowDiscount>
      <itemStatus>1</itemStatus>
      <LastUpdateDate />
      <LastUpdateTime />
    </Product>
    <Product>
      <PriceUpdateDate>2020/02/14 12:07</PriceUpdateDate>
      <ItemCode>7290112346872</ItemCode>
      <ItemType>1</ItemType>
      <ItemName>דנונה פרו 10 קרם קוקוס 150 גרם-שטראוס</ItemName>
      <ManufactureName>שטראוס גרופ בעמ/מצונן</ManufactureName>
      <ManufactureCountry />
      <ManufactureItemDescription />
      <UnitQty>יח`</UnitQty>
      <Quantity>150</Quantity>
      <UnitMeasure>גרם</UnitMeasure>
      <BisWeighted>0</BisWeighted>
      <QtyInPackage>1</QtyInPackage>
      <ItemPrice>4.60</ItemPrice>
      <UnitOfMeasurePrice>3.07</UnitOfMeasurePrice>
      <AllowDiscount>0</AllowDiscount>
      <itemStatus>1</itemStatus>
      <LastUpdateDate />
      <LastUpdateTime />
    </Product>
    <Product>
      <PriceUpdateDate>2020/01/09 07:36</PriceUpdateDate>
      <ItemCode>7290112346889</ItemCode>
      <ItemType>1</ItemType>
      <ItemName>דנונה פרו 15 גרם עם אפרסק שטראוס</ItemName>
      <ManufactureName>שטראוס גרופ בעמ/מצונן</ManufactureName>
      <ManufactureCountry />
      <ManufactureItemDescription />
      <UnitQty>יח`</UnitQty>
      <Quantity>205</Quantity>
      <UnitMeasure>גרם</UnitMeasure>
      <BisWeighted>0</BisWeighted>
      <QtyInPackage>1</QtyInPackage>
      <ItemPrice>5.90</ItemPrice>
      <UnitOfMeasurePrice>2.88</UnitOfMeasurePrice>
      <AllowDiscount>0</AllowDiscount>
      <itemStatus>1</itemStatus>
      <LastUpdateDate />
      <LastUpdateTime />
    </Product>
    <Product>
      <PriceUpdateDate>2019/12/18 08:15</PriceUpdateDate>
      <ItemCode>7290112347008</ItemCode>
      <ItemType>1</ItemType>
      <ItemName>גמדים ארוחת בוקר תות סקוויז 100 גר</ItemName>
      <ManufactureName>שטראוס גרופ בעמ/מצונן</ManufactureName>
      <ManufactureCountry />
      <ManufactureItemDescription />
      <UnitQty>יח`</UnitQty>
      <Quantity>100</Quantity>
      <UnitMeasure>גרם</UnitMeasure>
      <BisWeighted>0</BisWeighted>
      <QtyInPackage>1</QtyInPackage>
      <ItemPrice>5.90</ItemPrice>
      <UnitOfMeasurePrice>5.90</UnitOfMeasurePrice>
      <AllowDiscount>1</AllowDiscount>
      <itemStatus>1</itemStatus>
      <LastUpdateDate />
      <LastUpdateTime />
    </Product>
    <Product>
      <PriceUpdateDate>2020/01/09 07:36</PriceUpdateDate>
      <ItemCode>7290112347909</ItemCode>
      <ItemType>1</ItemType>
      <ItemName>טחינה במרקם עשיר 400 גרם אחלה</ItemName>
      <ManufactureName>שטראוס גרופ בעמ/מצונן</ManufactureName>
      <ManufactureCountry />
      <ManufactureItemDescription />
      <UnitQty>יח`</UnitQty>
      <Quantity>400</Quantity>
      <UnitMeasure>גרם</UnitMeasure>
      <BisWeighted>0</BisWeighted>
      <QtyInPackage>1</QtyInPackage>
      <ItemPrice>16.50</ItemPrice>
      <UnitOfMeasurePrice>4.13</UnitOfMeasurePrice>
      <AllowDiscount>0</AllowDiscount>
      <itemStatus>1</itemStatus>
      <LastUpdateDate />
      <LastUpdateTime />
    </Product>
    <Product>
      <PriceUpdateDate>2019/12/18 08:15</PriceUpdateDate>
      <ItemCode>7290112348159</ItemCode>
      <ItemType>1</ItemType>
      <ItemName>מילקי קייק קראנץ רביעייה</ItemName>
      <ManufactureName>שטראוס גרופ בעמ/מצונן</ManufactureName>
      <ManufactureCountry />
      <ManufactureItemDescription />
      <UnitQty>יח`</UnitQty>
      <Quantity>136</Quantity>
      <UnitMeasure>גרם</UnitMeasure>
      <BisWeighted>0</BisWeighted>
      <QtyInPackage>1</QtyInPackage>
      <ItemPrice>11.90</ItemPrice>
      <UnitOfMeasurePrice>8.75</UnitOfMeasurePrice>
      <AllowDiscount>0</AllowDiscount>
      <itemStatus>1</itemStatus>
      <LastUpdateDate />
      <LastUpdateTime />
    </Product>
    <Product>
      <PriceUpdateDate>2020/01/15 17:12</PriceUpdateDate>
      <ItemCode>7290112348548</ItemCode>
      <ItemType>1</ItemType>
      <ItemName>שוקולד פרה לבן רבנות 100  גר`עלית</ItemName>
      <ManufactureName>שטראוס גרופ בעמ</ManufactureName>
      <ManufactureCountry />
      <ManufactureItemDescription />
      <UnitQty>יח`</UnitQty>
      <Quantity>100</Quantity>
      <UnitMeasure>גרם</UnitMeasure>
      <BisWeighted>0</BisWeighted>
      <QtyInPackage>1</QtyInPackage>
      <ItemPrice>4.90</ItemPrice>
      <UnitOfMeasurePrice>4.90</UnitOfMeasurePrice>
      <AllowDiscount>1</AllowDiscount>
      <itemStatus>1</itemStatus>
      <LastUpdateDate />
      <LastUpdateTime />
    </Product>
    <Product>
      <PriceUpdateDate>2020/02/14 12:07</PriceUpdateDate>
      <ItemCode>7290112349545</ItemCode>
      <ItemType>1</ItemType>
      <ItemName>קפה טורקי עלית 200גר`+20% תוספת</ItemName>
      <ManufactureName>שטראוס גרופ בעמ</ManufactureName>
      <ManufactureCountry />
      <ManufactureItemDescription />
      <UnitQty>יח`</UnitQty>
      <Quantity>240</Quantity>
      <UnitMeasure>גרם</UnitMeasure>
      <BisWeighted>0</BisWeighted>
      <QtyInPackage>1</QtyInPackage>
      <ItemPrice>15.90</ItemPrice>
      <UnitOfMeasurePrice>6.63</UnitOfMeasurePrice>
      <AllowDiscount>1</AllowDiscount>
      <itemStatus>1</itemStatus>
      <LastUpdateDate />
      <LastUpdateTime />
    </Product>
    <Product>
      <PriceUpdateDate>2019/12/18 08:15</PriceUpdateDate>
      <ItemCode>7290112349675</ItemCode>
      <ItemType>1</ItemType>
      <ItemName>גמדים ארוחת בוקר וניל סקוויז 100 גר</ItemName>
      <ManufactureName>שטראוס גרופ בעמ/מצונן</ManufactureName>
      <ManufactureCountry />
      <ManufactureItemDescription />
      <UnitQty>יח`</UnitQty>
      <Quantity>100</Quantity>
      <UnitMeasure>גרם</UnitMeasure>
      <BisWeighted>0</BisWeighted>
      <QtyInPackage>1</QtyInPackage>
      <ItemPrice>5.90</ItemPrice>
      <UnitOfMeasurePrice>5.90</UnitOfMeasurePrice>
      <AllowDiscount>1</AllowDiscount>
      <itemStatus>1</itemStatus>
      <LastUpdateDate />
      <LastUpdateTime />
    </Product>
    <Product>
      <PriceUpdateDate>2020/02/12 16:22</PriceUpdateDate>
      <ItemCode>7290112349743</ItemCode>
      <ItemType>1</ItemType>
      <ItemName>רוטב עגבניות פיקנטי לפסטה 350 גר` ארביאט</ItemName>
      <ManufactureName>שטראוס גרופ בעמ</ManufactureName>
      <ManufactureCountry />
      <ManufactureItemDescription />
      <UnitQty>יח`</UnitQty>
      <Quantity>350</Quantity>
      <UnitMeasure>גרם</UnitMeasure>
      <BisWeighted>0</BisWeighted>
      <QtyInPackage>1</QtyInPackage>
      <ItemPrice>10.90</ItemPrice>
      <UnitOfMeasurePrice>3.11</UnitOfMeasurePrice>
      <AllowDiscount>0</AllowDiscount>
      <itemStatus>1</itemStatus>
      <LastUpdateDate />
      <LastUpdateTime />
    </Product>
    <Product>
      <PriceUpdateDate>2020/02/14 12:07</PriceUpdateDate>
      <ItemCode>7290112350275</ItemCode>
      <ItemType>1</ItemType>
      <ItemName>קפסולות LUNGO למכונות נספרו עלית</ItemName>
      <ManufactureName>שטראוס גרופ בעמ</ManufactureName>
      <ManufactureCountry />
      <ManufactureItemDescription />
      <UnitQty>יח`</UnitQty>
      <Quantity>55</Quantity>
      <UnitMeasure>גרם</UnitMeasure>
      <BisWeighted>0</BisWeighted>
      <QtyInPackage>1</QtyInPackage>
      <ItemPrice>16.90</ItemPrice>
      <UnitOfMeasurePrice>30.73</UnitOfMeasurePrice>
      <AllowDiscount>1</AllowDiscount>
      <itemStatus>1</itemStatus>
      <LastUpdateDate />
      <LastUpdateTime />
    </Product>
    <Product>
      <PriceUpdateDate>2020/04/08 10:43</PriceUpdateDate>
      <ItemCode>7290112351067</ItemCode>
      <ItemType>1</ItemType>
      <ItemName>סילאן טבעי לחיץ 630  גר`יד מרדכי</ItemName>
      <ManufactureName>שטראוס גרופ בעמ</ManufactureName>
      <ManufactureCountry />
      <ManufactureItemDescription />
      <UnitQty>יח`</UnitQty>
      <Quantity>630</Quantity>
      <UnitMeasure>גרם</UnitMeasure>
      <BisWeighted>0</BisWeighted>
      <QtyInPackage>1</QtyInPackage>
      <ItemPrice>23.90</ItemPrice>
      <UnitOfMeasurePrice>3.79</UnitOfMeasurePrice>
      <AllowDiscount>0</AllowDiscount>
      <itemStatus>1</itemStatus>
      <LastUpdateDate />
      <LastUpdateTime />
    </Product>
    <Product>
      <PriceUpdateDate>2019/05/08 08:23</PriceUpdateDate>
      <ItemCode>7290112482006</ItemCode>
      <ItemType>1</ItemType>
      <ItemName>כוסות נייר 10OZ לפיד 40 יח</ItemName>
      <ManufactureName>פאלאס תעשיות נטו (2014) בעמ</ManufactureName>
      <ManufactureCountry />
      <ManufactureItemDescription />
      <UnitQty>יח`</UnitQty>
      <Quantity>1</Quantity>
      <UnitMeasure />
      <BisWeighted>0</BisWeighted>
      <QtyInPackage>1</QtyInPackage>
      <ItemPrice>8.90</ItemPrice>
      <UnitOfMeasurePrice>8.90</UnitOfMeasurePrice>
      <AllowDiscount>0</AllowDiscount>
      <itemStatus>1</itemStatus>
      <LastUpdateDate />
      <LastUpdateTime />
    </Product>
    <Product>
      <PriceUpdateDate>2018/08/20 08:20</PriceUpdateDate>
      <ItemCode>7290112490063</ItemCode>
      <ItemType>1</ItemType>
      <ItemName>מאגדת כיפלי בצל 4*36 גר` תלמה</ItemName>
      <ManufactureName>יוניליוור ישראל שיווק בעמ</ManufactureName>
      <ManufactureCountry />
      <ManufactureItemDescription />
      <UnitQty>יח`</UnitQty>
      <Quantity>144</Quantity>
      <UnitMeasure>גרם</UnitMeasure>
      <BisWeighted>0</BisWeighted>
      <QtyInPackage>1</QtyInPackage>
      <ItemPrice>9.90</ItemPrice>
      <UnitOfMeasurePrice>6.88</UnitOfMeasurePrice>
      <AllowDiscount>0</AllowDiscount>
      <itemStatus>1</itemStatus>
      <LastUpdateDate />
      <LastUpdateTime />
    </Product>
    <Product>
      <PriceUpdateDate>2018/06/13 19:08</PriceUpdateDate>
      <ItemCode>7290112490117</ItemCode>
      <ItemType>1</ItemType>
      <ItemName>קליק טבלאות שוקולד עם וופל ואגוזים 85 גר</ItemName>
      <ManufactureName>יוניליוור ישראל שיווק בעמ</ManufactureName>
      <ManufactureCountry />
      <ManufactureItemDescription />
      <UnitQty>יח`</UnitQty>
      <Quantity>85</Quantity>
      <UnitMeasure>גרם</UnitMeasure>
      <BisWeighted>0</BisWeighted>
      <QtyInPackage>1</QtyInPackage>
      <ItemPrice>5.90</ItemPrice>
      <UnitOfMeasurePrice>6.94</UnitOfMeasurePrice>
      <AllowDiscount>1</AllowDiscount>
      <itemStatus>1</itemStatus>
      <LastUpdateDate />
      <LastUpdateTime />
    </Product>
    <Product>
      <PriceUpdateDate>2018/06/13 19:08</PriceUpdateDate>
      <ItemCode>7290112490124</ItemCode>
      <ItemType>1</ItemType>
      <ItemName>קליק טבלאות שוקולד עם פצפוצים ועוגיות 85</ItemName>
      <ManufactureName>יוניליוור ישראל שיווק בעמ</ManufactureName>
      <ManufactureCountry />
      <ManufactureItemDescription />
      <UnitQty>יח`</UnitQty>
      <Quantity>85</Quantity>
      <UnitMeasure>גרם</UnitMeasure>
      <BisWeighted>0</BisWeighted>
      <QtyInPackage>1</QtyInPackage>
      <ItemPrice>5.90</ItemPrice>
      <UnitOfMeasurePrice>6.94</UnitOfMeasurePrice>
      <AllowDiscount>1</AllowDiscount>
      <itemStatus>1</itemStatus>
      <LastUpdateDate />
      <LastUpdateTime />
    </Product>
    <Product>
      <PriceUpdateDate>2018/08/17 09:47</PriceUpdateDate>
      <ItemCode>7290112490209</ItemCode>
      <ItemType>1</ItemType>
      <ItemName>מרק נמס בכוס עגבניות קנור (2*28)</ItemName>
      <ManufactureName>יוניליוור ישראל שיווק בעמ</ManufactureName>
      <ManufactureCountry />
      <ManufactureItemDescription />
      <UnitQty>יח`</UnitQty>
      <Quantity>56</Quantity>
      <UnitMeasure>גרם</UnitMeasure>
      <BisWeighted>0</BisWeighted>
      <QtyInPackage>1</QtyInPackage>
      <ItemPrice>6.90</ItemPrice>
      <UnitOfMeasurePrice>12.32</UnitOfMeasurePrice>
      <AllowDiscount>0</AllowDiscount>
      <itemStatus>1</itemStatus>
      <LastUpdateDate />
      <LastUpdateTime />
    </Product>
    <Product>
      <PriceUpdateDate>2018/08/17 09:47</PriceUpdateDate>
      <ItemCode>7290112490216</ItemCode>
      <ItemType>1</ItemType>
      <ItemName>מרק נמס בכוס טעם עוף קנור(2*24 גר` )</ItemName>
      <ManufactureName>יוניליוור ישראל שיווק בעמ</ManufactureName>
      <ManufactureCountry />
      <ManufactureItemDescription />
      <UnitQty>יח`</UnitQty>
      <Quantity>48</Quantity>
      <UnitMeasure>גרם</UnitMeasure>
      <BisWeighted>0</BisWeighted>
      <QtyInPackage>1</QtyInPackage>
      <ItemPrice>6.90</ItemPrice>
      <UnitOfMeasurePrice>14.38</UnitOfMeasurePrice>
      <AllowDiscount>0</AllowDiscount>
      <itemStatus>1</itemStatus>
      <LastUpdateDate />
      <LastUpdateTime />
    </Product>
    <Product>
      <PriceUpdateDate>2018/08/17 09:47</PriceUpdateDate>
      <ItemCode>7290112490230</ItemCode>
      <ItemType>1</ItemType>
      <ItemName>מרק נמס בכוס אפונה קנור (25*2)</ItemName>
      <ManufactureName>יוניליוור ישראל שיווק בעמ</ManufactureName>
      <ManufactureCountry />
      <ManufactureItemDescription />
      <UnitQty>יח`</UnitQty>
      <Quantity>50</Quantity>
      <UnitMeasure>גרם</UnitMeasure>
      <BisWeighted>0</BisWeighted>
      <QtyInPackage>1</QtyInPackage>
      <ItemPrice>6.90</ItemPrice>
      <UnitOfMeasurePrice>13.80</UnitOfMeasurePrice>
      <AllowDiscount>0</AllowDiscount>
      <itemStatus>1</itemStatus>
      <LastUpdateDate />
      <LastUpdateTime />
    </Product>
    <Product>
      <PriceUpdateDate>2018/08/19 08:54</PriceUpdateDate>
      <ItemCode>7290112490582</ItemCode>
      <ItemType>1</ItemType>
      <ItemName>חרדל דיז`ון צרפתי 350 גר` הלמנס</ItemName>
      <ManufactureName>יוניליוור ישראל שיווק בעמ</ManufactureName>
      <ManufactureCountry />
      <ManufactureItemDescription />
      <UnitQty>יח`</UnitQty>
      <Quantity>350</Quantity>
      <UnitMeasure>גרם</UnitMeasure>
      <BisWeighted>0</BisWeighted>
      <QtyInPackage>1</QtyInPackage>
      <ItemPrice>12.90</ItemPrice>
      <UnitOfMeasurePrice>3.69</UnitOfMeasurePrice>
      <AllowDiscount>1</AllowDiscount>
      <itemStatus>1</itemStatus>
      <LastUpdateDate />
      <LastUpdateTime />
    </Product>
    <Product>
      <PriceUpdateDate>2018/08/19 08:54</PriceUpdateDate>
      <ItemCode>7290112490599</ItemCode>
      <ItemType>1</ItemType>
      <ItemName>חרדל צרפתי עם גרגרים שלמים 350 גר` הלמנס</ItemName>
      <ManufactureName>יוניליוור ישראל שיווק בעמ</ManufactureName>
      <ManufactureCountry />
      <ManufactureItemDescription />
      <UnitQty>יח`</UnitQty>
      <Quantity>350</Quantity>
      <UnitMeasure>גרם</UnitMeasure>
      <BisWeighted>0</BisWeighted>
      <QtyInPackage>1</QtyInPackage>
      <ItemPrice>12.90</ItemPrice>
      <UnitOfMeasurePrice>3.69</UnitOfMeasurePrice>
      <AllowDiscount>1</AllowDiscount>
      <itemStatus>1</itemStatus>
      <LastUpdateDate />
      <LastUpdateTime />
    </Product>
    <Product>
      <PriceUpdateDate>2018/08/17 09:47</PriceUpdateDate>
      <ItemCode>7290112490650</ItemCode>
      <ItemType>1</ItemType>
      <ItemName>קונפיטורת תות שדה 788 (340 גר` )</ItemName>
      <ManufactureName>יוניליוור ישראל שיווק בעמ</ManufactureName>
      <ManufactureCountry />
      <ManufactureItemDescription />
      <UnitQty>יח`</UnitQty>
      <Quantity>340</Quantity>
      <UnitMeasure>גרם</UnitMeasure>
      <BisWeighted>0</BisWeighted>
      <QtyInPackage>1</QtyInPackage>
      <ItemPrice>13.90</ItemPrice>
      <UnitOfMeasurePrice>4.09</UnitOfMeasurePrice>
      <AllowDiscount>1</AllowDiscount>
      <itemStatus>1</itemStatus>
      <LastUpdateDate />
      <LastUpdateTime />
    </Product>
    <Product>
      <PriceUpdateDate>2018/08/17 09:47</PriceUpdateDate>
      <ItemCode>7290112490667</ItemCode>
      <ItemType>1</ItemType>
      <ItemName>קונפיטורת משמשים 788 ( 340 גר` )</ItemName>
      <ManufactureName>יוניליוור ישראל שיווק בעמ</ManufactureName>
      <ManufactureCountry />
      <ManufactureItemDescription />
      <UnitQty>יח`</UnitQty>
      <Quantity>340</Quantity>
      <UnitMeasure>גרם</UnitMeasure>
      <BisWeighted>0</BisWeighted>
      <QtyInPackage>1</QtyInPackage>
      <ItemPrice>13.90</ItemPrice>
      <UnitOfMeasurePrice>4.09</UnitOfMeasurePrice>
      <AllowDiscount>1</AllowDiscount>
      <itemStatus>1</itemStatus>
      <LastUpdateDate />
      <LastUpdateTime />
    </Product>
    <Product>
      <PriceUpdateDate>2018/08/17 09:47</PriceUpdateDate>
      <ItemCode>7290112490681</ItemCode>
      <ItemType>1</ItemType>
      <ItemName>קונפיטורת שזיפים 788 ( 340 גר` )</ItemName>
      <ManufactureName>יוניליוור ישראל שיווק בעמ</ManufactureName>
      <ManufactureCountry />
      <ManufactureItemDescription />
      <UnitQty>יח`</UnitQty>
      <Quantity>340</Quantity>
      <UnitMeasure>גרם</UnitMeasure>
      <BisWeighted>0</BisWeighted>
      <QtyInPackage>1</QtyInPackage>
      <ItemPrice>13.90</ItemPrice>
      <UnitOfMeasurePrice>4.09</UnitOfMeasurePrice>
      <AllowDiscount>1</AllowDiscount>
      <itemStatus>1</itemStatus>
      <LastUpdateDate />
      <LastUpdateTime />
    </Product>
    <Product>
      <PriceUpdateDate>2018/08/17 09:47</PriceUpdateDate>
      <ItemCode>7290112490711</ItemCode>
      <ItemType>1</ItemType>
      <ItemName>מרק נמס בכוס פטריות קנור (</ItemName>
      <ManufactureName>יוניליוור ישראל שיווק בעמ</ManufactureName>
      <ManufactureCountry />
      <ManufactureItemDescription />
      <UnitQty>יח`</UnitQty>
      <Quantity>48</Quantity>
      <UnitMeasure>גרם</UnitMeasure>
      <BisWeighted>0</BisWeighted>
      <QtyInPackage>1</QtyInPackage>
      <ItemPrice>6.90</ItemPrice>
      <UnitOfMeasurePrice>14.38</UnitOfMeasurePrice>
      <AllowDiscount>0</AllowDiscount>
      <itemStatus>1</itemStatus>
      <LastUpdateDate />
      <LastUpdateTime />
    </Product>
    <Product>
      <PriceUpdateDate>2018/10/15 09:17</PriceUpdateDate>
      <ItemCode>7290112490742</ItemCode>
      <ItemType>1</ItemType>
      <ItemName>מרק עשיר פטריות עם גריסים קנור רכיבים טב</ItemName>
      <ManufactureName>יוניליוור ישראל שיווק בעמ</ManufactureName>
      <ManufactureCountry />
      <ManufactureItemDescription />
      <UnitQty>יח`</UnitQty>
      <Quantity>104</Quantity>
      <UnitMeasure>גרם</UnitMeasure>
      <BisWeighted>0</BisWeighted>
      <QtyInPackage>1</QtyInPackage>
      <ItemPrice>12.90</ItemPrice>
      <UnitOfMeasurePrice>12.40</UnitOfMeasurePrice>
      <AllowDiscount>0</AllowDiscount>
      <itemStatus>1</itemStatus>
      <LastUpdateDate />
      <LastUpdateTime />
    </Product>
    <Product>
      <PriceUpdateDate>2018/10/12 13:18</PriceUpdateDate>
      <ItemCode>7290112490827</ItemCode>
      <ItemType>1</ItemType>
      <ItemName>בדין תרסיס למייבש כביסה בייבי 500 מל</ItemName>
      <ManufactureName>יוניליוור ישראל שיווק בעמ</ManufactureName>
      <ManufactureCountry />
      <ManufactureItemDescription />
      <UnitQty>יח`</UnitQty>
      <Quantity>500</Quantity>
      <UnitMeasure>מ"ל</UnitMeasure>
      <BisWeighted>0</BisWeighted>
      <QtyInPackage>1</QtyInPackage>
      <ItemPrice>19.90</ItemPrice>
      <UnitOfMeasurePrice>3.98</UnitOfMeasurePrice>
      <AllowDiscount>1</AllowDiscount>
      <itemStatus>1</itemStatus>
      <LastUpdateDate />
      <LastUpdateTime />
    </Product>
    <Product>
      <PriceUpdateDate>2019/01/10 06:57</PriceUpdateDate>
      <ItemCode>7290112490896</ItemCode>
      <ItemType>1</ItemType>
      <ItemName>רוטב צ`ילי חריף קנור (370מל)</ItemName>
      <ManufactureName>יוניליוור ישראל שיווק בעמ</ManufactureName>
      <ManufactureCountry />
      <ManufactureItemDescription />
      <UnitQty>יח`</UnitQty>
      <Quantity>370</Quantity>
      <UnitMeasure>מ"ל</UnitMeasure>
      <BisWeighted>0</BisWeighted>
      <QtyInPackage>1</QtyInPackage>
      <ItemPrice>12.90</ItemPrice>
      <UnitOfMeasurePrice>3.49</UnitOfMeasurePrice>
      <AllowDiscount>1</AllowDiscount>
      <itemStatus>1</itemStatus>
      <LastUpdateDate />
      <LastUpdateTime />
    </Product>
    <Product>
      <PriceUpdateDate>2019/05/15 14:17</PriceUpdateDate>
      <ItemCode>7290112491459</ItemCode>
      <ItemType>1</ItemType>
      <ItemName>נוזל לניקוי רצפות וכללי בניחוח מאסק 1.85</ItemName>
      <ManufactureName>יוניליוור ישראל שיווק בעמ</ManufactureName>
      <ManufactureCountry />
      <ManufactureItemDescription />
      <UnitQty>יח`</UnitQty>
      <Quantity>1</Quantity>
      <UnitMeasure />
      <BisWeighted>0</BisWeighted>
      <QtyInPackage>1</QtyInPackage>
      <ItemPrice>16.90</ItemPrice>
      <UnitOfMeasurePrice>16.90</UnitOfMeasurePrice>
      <AllowDiscount>0</AllowDiscount>
      <itemStatus>1</itemStatus>
      <LastUpdateDate />
      <LastUpdateTime />
    </Product>
    <Product>
      <PriceUpdateDate>2019/06/10 09:40</PriceUpdateDate>
      <ItemCode>7290112491527</ItemCode>
      <ItemType>1</ItemType>
      <ItemName>רוטב רוטב טריאקי ושומשום 310 גר` קנור</ItemName>
      <ManufactureName>יוניליוור ישראל שיווק בעמ</ManufactureName>
      <ManufactureCountry />
      <ManufactureItemDescription />
      <UnitQty>יח`</UnitQty>
      <Quantity>310</Quantity>
      <UnitMeasure>גרם</UnitMeasure>
      <BisWeighted>0</BisWeighted>
      <QtyInPackage>1</QtyInPackage>
      <ItemPrice>13.90</ItemPrice>
      <UnitOfMeasurePrice>4.48</UnitOfMeasurePrice>
      <AllowDiscount>1</AllowDiscount>
      <itemStatus>1</itemStatus>
      <LastUpdateDate />
      <LastUpdateTime />
    </Product>
    <Product>
      <PriceUpdateDate>2019/04/04 16:14</PriceUpdateDate>
      <ItemCode>7290112491558</ItemCode>
      <ItemType>1</ItemType>
      <ItemName>שוקולד מריר פרווה ורד הגליל (100x6 גרם)</ItemName>
      <ManufactureName>יוניליוור ישראל שיווק בעמ</ManufactureName>
      <ManufactureCountry />
      <ManufactureItemDescription />
      <UnitQty>יח`</UnitQty>
      <Quantity>600</Quantity>
      <UnitMeasure>גרם</UnitMeasure>
      <BisWeighted>0</BisWeighted>
      <QtyInPackage>1</QtyInPackage>
      <ItemPrice>22.90</ItemPrice>
      <UnitOfMeasurePrice>3.82</UnitOfMeasurePrice>
      <AllowDiscount>1</AllowDiscount>
      <itemStatus>1</itemStatus>
      <LastUpdateDate />
      <LastUpdateTime />
    </Product>
    <Product>
      <PriceUpdateDate>2018/12/31 08:16</PriceUpdateDate>
      <ItemCode>7290112491701</ItemCode>
      <ItemType>1</ItemType>
      <ItemName>ברנפלקס חלבון 375 גר`</ItemName>
      <ManufactureName>יוניליוור ישראל שיווק בעמ</ManufactureName>
      <ManufactureCountry />
      <ManufactureItemDescription />
      <UnitQty>יח`</UnitQty>
      <Quantity>375</Quantity>
      <UnitMeasure>גרם</UnitMeasure>
      <BisWeighted>0</BisWeighted>
      <QtyInPackage>1</QtyInPackage>
      <ItemPrice>22.90</ItemPrice>
      <UnitOfMeasurePrice>6.11</UnitOfMeasurePrice>
      <AllowDiscount>1</AllowDiscount>
      <itemStatus>1</itemStatus>
      <LastUpdateDate />
      <LastUpdateTime />
    </Product>
    <Product>
      <PriceUpdateDate>2018/12/18 11:00</PriceUpdateDate>
      <ItemCode>7290112491770</ItemCode>
      <ItemType>1</ItemType>
      <ItemName>בייגלה דק דק מלח 300 גר`</ItemName>
      <ManufactureName>יוניליוור ישראל שיווק בעמ</ManufactureName>
      <ManufactureCountry />
      <ManufactureItemDescription />
      <UnitQty>יח`</UnitQty>
      <Quantity>300</Quantity>
      <UnitMeasure>גרם</UnitMeasure>
      <BisWeighted>0</BisWeighted>
      <QtyInPackage>1</QtyInPackage>
      <ItemPrice>10.90</ItemPrice>
      <UnitOfMeasurePrice>3.63</UnitOfMeasurePrice>
      <AllowDiscount>1</AllowDiscount>
      <itemStatus>1</itemStatus>
      <LastUpdateDate />
      <LastUpdateTime />
    </Product>
    <Product>
      <PriceUpdateDate>2019/01/15 15:48</PriceUpdateDate>
      <ItemCode>7290112491794</ItemCode>
      <ItemType>1</ItemType>
      <ItemName>בייגלה דקים דקים שמנת בצל 300 גר`</ItemName>
      <ManufactureName>יוניליוור ישראל שיווק בעמ</ManufactureName>
      <ManufactureCountry />
      <ManufactureItemDescription />
      <UnitQty>יח`</UnitQty>
      <Quantity>300</Quantity>
      <UnitMeasure>גרם</UnitMeasure>
      <BisWeighted>0</BisWeighted>
      <QtyInPackage>1</QtyInPackage>
      <ItemPrice>10.90</ItemPrice>
      <UnitOfMeasurePrice>3.63</UnitOfMeasurePrice>
      <AllowDiscount>1</AllowDiscount>
      <itemStatus>1</itemStatus>
      <LastUpdateDate />
      <LastUpdateTime />
    </Product>
    <Product>
      <PriceUpdateDate>2019/05/15 11:46</PriceUpdateDate>
      <ItemCode>7290112492203</ItemCode>
      <ItemType>1</ItemType>
      <ItemName>פריכיות כוסמת דקות עם ציה ואורגנו 25 גר`</ItemName>
      <ManufactureName>יוניליוור ישראל שיווק בעמ</ManufactureName>
      <ManufactureCountry />
      <ManufactureItemDescription />
      <UnitQty>יח`</UnitQty>
      <Quantity>25</Quantity>
      <UnitMeasure>גרם</UnitMeasure>
      <BisWeighted>0</BisWeighted>
      <QtyInPackage>1</QtyInPackage>
      <ItemPrice>3.90</ItemPrice>
      <UnitOfMeasurePrice>15.60</UnitOfMeasurePrice>
      <AllowDiscount>1</AllowDiscount>
      <itemStatus>1</itemStatus>
      <LastUpdateDate />
      <LastUpdateTime />
    </Product>
    <Product>
      <PriceUpdateDate>2019/05/15 11:46</PriceUpdateDate>
      <ItemCode>7290112492210</ItemCode>
      <ItemType>1</ItemType>
      <ItemName>פריכיות תירס דקות עם קינואה ובזיליקום 25</ItemName>
      <ManufactureName>יוניליוור ישראל שיווק בעמ</ManufactureName>
      <ManufactureCountry />
      <ManufactureItemDescription />
      <UnitQty>יח`</UnitQty>
      <Quantity>25</Quantity>
      <UnitMeasure>גרם</UnitMeasure>
      <BisWeighted>0</BisWeighted>
      <QtyInPackage>1</QtyInPackage>
      <ItemPrice>3.90</ItemPrice>
      <UnitOfMeasurePrice>15.60</UnitOfMeasurePrice>
      <AllowDiscount>1</AllowDiscount>
      <itemStatus>1</itemStatus>
      <LastUpdateDate />
      <LastUpdateTime />
    </Product>
    <Product>
      <PriceUpdateDate>2019/08/15 06:52</PriceUpdateDate>
      <ItemCode>7290112492371</ItemCode>
      <ItemType>1</ItemType>
      <ItemName>חטיף חלבון טו גו קרמל 200 גר</ItemName>
      <ManufactureName>יוניליוור ישראל שיווק בעמ</ManufactureName>
      <ManufactureCountry />
      <ManufactureItemDescription />
      <UnitQty>יח`</UnitQty>
      <Quantity>200</Quantity>
      <UnitMeasure>גרם</UnitMeasure>
      <BisWeighted>0</BisWeighted>
      <QtyInPackage>1</QtyInPackage>
      <ItemPrice>21.90</ItemPrice>
      <UnitOfMeasurePrice>10.95</UnitOfMeasurePrice>
      <AllowDiscount>1</AllowDiscount>
      <itemStatus>1</itemStatus>
      <LastUpdateDate />
      <LastUpdateTime />
    </Product>
    <Product>
      <PriceUpdateDate>2020/04/28 10:08</PriceUpdateDate>
      <ItemCode>7290112492449</ItemCode>
      <ItemType>1</ItemType>
      <ItemName>שמפו פינוק שיער רגיל 700 מל</ItemName>
      <ManufactureName>יוניליוור ישראל שיווק בעמ</ManufactureName>
      <ManufactureCountry />
      <ManufactureItemDescription />
      <UnitQty>יח`</UnitQty>
      <Quantity>700</Quantity>
      <UnitMeasure>גרם</UnitMeasure>
      <BisWeighted>0</BisWeighted>
      <QtyInPackage>1</QtyInPackage>
      <ItemPrice>12.90</ItemPrice>
      <UnitOfMeasurePrice>1.84</UnitOfMeasurePrice>
      <AllowDiscount>1</AllowDiscount>
      <itemStatus>1</itemStatus>
      <LastUpdateDate />
      <LastUpdateTime />
    </Product>
    <Product>
      <PriceUpdateDate>2020/04/28 10:08</PriceUpdateDate>
      <ItemCode>7290112492456</ItemCode>
      <ItemType>1</ItemType>
      <ItemName>שמפו לשיער יבש פינוק (700 מל)</ItemName>
      <ManufactureName>יוניליוור ישראל שיווק בעמ</ManufactureName>
      <ManufactureCountry />
      <ManufactureItemDescription />
      <UnitQty>יח`</UnitQty>
      <Quantity>700</Quantity>
      <UnitMeasure>מ"ל</UnitMeasure>
      <BisWeighted>0</BisWeighted>
      <QtyInPackage>1</QtyInPackage>
      <ItemPrice>12.90</ItemPrice>
      <UnitOfMeasurePrice>1.84</UnitOfMeasurePrice>
      <AllowDiscount>1</AllowDiscount>
      <itemStatus>1</itemStatus>
      <LastUpdateDate />
      <LastUpdateTime />
    </Product>
    <Product>
      <PriceUpdateDate>2020/04/28 10:08</PriceUpdateDate>
      <ItemCode>7290112492463</ItemCode>
      <ItemType>1</ItemType>
      <ItemName>שמפו פינוק 2ב (7001 מל)</ItemName>
      <ManufactureName>יוניליוור ישראל שיווק בעמ</ManufactureName>
      <ManufactureCountry />
      <ManufactureItemDescription />
      <UnitQty>יח`</UnitQty>
      <Quantity>700</Quantity>
      <UnitMeasure>מ"ל</UnitMeasure>
      <BisWeighted>0</BisWeighted>
      <QtyInPackage>1</QtyInPackage>
      <ItemPrice>12.90</ItemPrice>
      <UnitOfMeasurePrice>1.84</UnitOfMeasurePrice>
      <AllowDiscount>1</AllowDiscount>
      <itemStatus>1</itemStatus>
      <LastUpdateDate />
      <LastUpdateTime />
    </Product>
    <Product>
      <PriceUpdateDate>2020/04/28 10:08</PriceUpdateDate>
      <ItemCode>7290112492487</ItemCode>
      <ItemType>1</ItemType>
      <ItemName>שמפו פינוק שמן מרוקאי (700 מל)</ItemName>
      <ManufactureName>יוניליוור ישראל שיווק בעמ</ManufactureName>
      <ManufactureCountry />
      <ManufactureItemDescription />
      <UnitQty>יח`</UnitQty>
      <Quantity>700</Quantity>
      <UnitMeasure>מ"ל</UnitMeasure>
      <BisWeighted>0</BisWeighted>
      <QtyInPackage>1</QtyInPackage>
      <ItemPrice>12.90</ItemPrice>
      <UnitOfMeasurePrice>1.84</UnitOfMeasurePrice>
      <AllowDiscount>1</AllowDiscount>
      <itemStatus>1</itemStatus>
      <LastUpdateDate />
      <LastUpdateTime />
    </Product>
    <Product>
      <PriceUpdateDate>2020/04/28 10:08</PriceUpdateDate>
      <ItemCode>7290112492500</ItemCode>
      <ItemType>1</ItemType>
      <ItemName>שמפו פינוק שמן קוקוס (700 מל)</ItemName>
      <ManufactureName>יוניליוור ישראל שיווק בעמ</ManufactureName>
      <ManufactureCountry />
      <ManufactureItemDescription />
      <UnitQty>יח`</UnitQty>
      <Quantity>700</Quantity>
      <UnitMeasure>מ"ל</UnitMeasure>
      <BisWeighted>0</BisWeighted>
      <QtyInPackage>1</QtyInPackage>
      <ItemPrice>12.90</ItemPrice>
      <UnitOfMeasurePrice>1.84</UnitOfMeasurePrice>
      <AllowDiscount>1</AllowDiscount>
      <itemStatus>1</itemStatus>
      <LastUpdateDate />
      <LastUpdateTime />
    </Product>
    <Product>
      <PriceUpdateDate>2020/04/28 10:08</PriceUpdateDate>
      <ItemCode>7290112492579</ItemCode>
      <ItemType>1</ItemType>
      <ItemName>מרכך פינוק לשיער רגיל (700 מל)</ItemName>
      <ManufactureName>יוניליוור ישראל שיווק בעמ</ManufactureName>
      <ManufactureCountry />
      <ManufactureItemDescription />
      <UnitQty>יח`</UnitQty>
      <Quantity>700</Quantity>
      <UnitMeasure>מ"ל</UnitMeasure>
      <BisWeighted>0</BisWeighted>
      <QtyInPackage>1</QtyInPackage>
      <ItemPrice>12.90</ItemPrice>
      <UnitOfMeasurePrice>1.84</UnitOfMeasurePrice>
      <AllowDiscount>1</AllowDiscount>
      <itemStatus>1</itemStatus>
      <LastUpdateDate />
      <LastUpdateTime />
    </Product>
    <Product>
      <PriceUpdateDate>2020/01/06 08:16</PriceUpdateDate>
      <ItemCode>7290112492593</ItemCode>
      <ItemType>1</ItemType>
      <ItemName>תחליב רחצה רגיל 700 מל פינוק</ItemName>
      <ManufactureName>יוניליוור ישראל שיווק בעמ</ManufactureName>
      <ManufactureCountry />
      <ManufactureItemDescription />
      <UnitQty>יח`</UnitQty>
      <Quantity>1</Quantity>
      <UnitMeasure />
      <BisWeighted>0</BisWeighted>
      <QtyInPackage>1</QtyInPackage>
      <ItemPrice>12.90</ItemPrice>
      <UnitOfMeasurePrice>12.90</UnitOfMeasurePrice>
      <AllowDiscount>1</AllowDiscount>
      <itemStatus>1</itemStatus>
      <LastUpdateDate />
      <LastUpdateTime />
    </Product>
    <Product>
      <PriceUpdateDate>2020/01/06 08:16</PriceUpdateDate>
      <ItemCode>7290112492609</ItemCode>
      <ItemType>1</ItemType>
      <ItemName>תחליב רחצה לבנדר ווניל (700  מל)פינוק</ItemName>
      <ManufactureName>יוניליוור ישראל שיווק בעמ</ManufactureName>
      <ManufactureCountry />
      <ManufactureItemDescription />
      <UnitQty>יח`</UnitQty>
      <Quantity>700</Quantity>
      <UnitMeasure>מ"ל</UnitMeasure>
      <BisWeighted>0</BisWeighted>
      <QtyInPackage>1</QtyInPackage>
      <ItemPrice>12.90</ItemPrice>
      <UnitOfMeasurePrice>1.84</UnitOfMeasurePrice>
      <AllowDiscount>0</AllowDiscount>
      <itemStatus>1</itemStatus>
      <LastUpdateDate />
      <LastUpdateTime />
    </Product>
    <Product>
      <PriceUpdateDate>2020/03/18 10:06</PriceUpdateDate>
      <ItemCode>7290112492616</ItemCode>
      <ItemType>1</ItemType>
      <ItemName>פינוק תחליב רחצה בתוספת שמן מרוקאי 700</ItemName>
      <ManufactureName>יוניליוור ישראל שיווק בעמ</ManufactureName>
      <ManufactureCountry />
      <ManufactureItemDescription />
      <UnitQty>יח`</UnitQty>
      <Quantity>700</Quantity>
      <UnitMeasure>מ"ל</UnitMeasure>
      <BisWeighted>0</BisWeighted>
      <QtyInPackage>1</QtyInPackage>
      <ItemPrice>12.90</ItemPrice>
      <UnitOfMeasurePrice>1.84</UnitOfMeasurePrice>
      <AllowDiscount>0</AllowDiscount>
      <itemStatus>1</itemStatus>
      <LastUpdateDate />
      <LastUpdateTime />
    </Product>
    <Product>
      <PriceUpdateDate>2020/01/06 08:16</PriceUpdateDate>
      <ItemCode>7290112492623</ItemCode>
      <ItemType>1</ItemType>
      <ItemName>תחליב רחצה בשמן קוקוס (700  מל)פינוק</ItemName>
      <ManufactureName>יוניליוור ישראל שיווק בעמ</ManufactureName>
      <ManufactureCountry />
      <ManufactureItemDescription />
      <UnitQty>יח`</UnitQty>
      <Quantity>700</Quantity>
      <UnitMeasure>מ"ל</UnitMeasure>
      <BisWeighted>0</BisWeighted>
      <QtyInPackage>1</QtyInPackage>
      <ItemPrice>12.90</ItemPrice>
      <UnitOfMeasurePrice>1.84</UnitOfMeasurePrice>
      <AllowDiscount>0</AllowDiscount>
      <itemStatus>1</itemStatus>
      <LastUpdateDate />
      <LastUpdateTime />
    </Product>
    <Product>
      <PriceUpdateDate>2020/01/23 10:09</PriceUpdateDate>
      <ItemCode>7290112492630</ItemCode>
      <ItemType>1</ItemType>
      <ItemName>שמפו 3ב1 לגבר פינוק 700 מל</ItemName>
      <ManufactureName>יוניליוור ישראל שיווק בעמ</ManufactureName>
      <ManufactureCountry />
      <ManufactureItemDescription />
      <UnitQty>יח`</UnitQty>
      <Quantity>700</Quantity>
      <UnitMeasure>מ"ל</UnitMeasure>
      <BisWeighted>0</BisWeighted>
      <QtyInPackage>1</QtyInPackage>
      <ItemPrice>12.90</ItemPrice>
      <UnitOfMeasurePrice>1.84</UnitOfMeasurePrice>
      <AllowDiscount>1</AllowDiscount>
      <itemStatus>1</itemStatus>
      <LastUpdateDate />
      <LastUpdateTime />
    </Product>
    <Product>
      <PriceUpdateDate>2020/02/14 12:07</PriceUpdateDate>
      <ItemCode>7290112492944</ItemCode>
      <ItemType>1</ItemType>
      <ItemName>מרק עוף אמיתי כשלפ קנור (400 גרם)</ItemName>
      <ManufactureName>יוניליוור ישראל שיווק בעמ</ManufactureName>
      <ManufactureCountry />
      <ManufactureItemDescription />
      <UnitQty>יח`</UnitQty>
      <Quantity>400</Quantity>
      <UnitMeasure>גרם</UnitMeasure>
      <BisWeighted>0</BisWeighted>
      <QtyInPackage>1</QtyInPackage>
      <ItemPrice>25.90</ItemPrice>
      <UnitOfMeasurePrice>6.48</UnitOfMeasurePrice>
      <AllowDiscount>1</AllowDiscount>
      <itemStatus>1</itemStatus>
      <LastUpdateDate />
      <LastUpdateTime />
    </Product>
    <Product>
      <PriceUpdateDate>2019/12/15 14:11</PriceUpdateDate>
      <ItemCode>7290112492982</ItemCode>
      <ItemType>1</ItemType>
      <ItemName>מרק פטריות רכיבים טבעיים 400 גר` קנור</ItemName>
      <ManufactureName>יוניליוור ישראל שיווק בעמ</ManufactureName>
      <ManufactureCountry />
      <ManufactureItemDescription />
      <UnitQty>יח`</UnitQty>
      <Quantity>400</Quantity>
      <UnitMeasure>גרם</UnitMeasure>
      <BisWeighted>0</BisWeighted>
      <QtyInPackage>1</QtyInPackage>
      <ItemPrice>27.90</ItemPrice>
      <UnitOfMeasurePrice>6.98</UnitOfMeasurePrice>
      <AllowDiscount>1</AllowDiscount>
      <itemStatus>1</itemStatus>
      <LastUpdateDate />
      <LastUpdateTime />
    </Product>
    <Product>
      <PriceUpdateDate>2019/08/01 10:53</PriceUpdateDate>
      <ItemCode>7290112493088</ItemCode>
      <ItemType>1</ItemType>
      <ItemName>נמס בכוס עדשים 100% רכיבים טביעיים קנור</ItemName>
      <ManufactureName>יוניליוור ישראל שיווק בעמ</ManufactureName>
      <ManufactureCountry />
      <ManufactureItemDescription />
      <UnitQty>יח`</UnitQty>
      <Quantity>54</Quantity>
      <UnitMeasure>גרם</UnitMeasure>
      <BisWeighted>0</BisWeighted>
      <QtyInPackage>1</QtyInPackage>
      <ItemPrice>6.90</ItemPrice>
      <UnitOfMeasurePrice>12.78</UnitOfMeasurePrice>
      <AllowDiscount>0</AllowDiscount>
      <itemStatus>1</itemStatus>
      <LastUpdateDate />
      <LastUpdateTime />
    </Product>
    <Product>
      <PriceUpdateDate>2019/08/01 10:53</PriceUpdateDate>
      <ItemCode>7290112493095</ItemCode>
      <ItemType>1</ItemType>
      <ItemName>נמס בכוס עגבניות חריף 100% רכיבים טביעי</ItemName>
      <ManufactureName>יוניליוור ישראל שיווק בעמ</ManufactureName>
      <ManufactureCountry />
      <ManufactureItemDescription />
      <UnitQty>יח`</UnitQty>
      <Quantity>48</Quantity>
      <UnitMeasure>גרם</UnitMeasure>
      <BisWeighted>0</BisWeighted>
      <QtyInPackage>1</QtyInPackage>
      <ItemPrice>6.90</ItemPrice>
      <UnitOfMeasurePrice>14.38</UnitOfMeasurePrice>
      <AllowDiscount>0</AllowDiscount>
      <itemStatus>1</itemStatus>
      <LastUpdateDate />
      <LastUpdateTime />
    </Product>
    <Product>
      <PriceUpdateDate>2019/07/14 08:24</PriceUpdateDate>
      <ItemCode>7290112493255</ItemCode>
      <ItemType>1</ItemType>
      <ItemName>אקטיב שוקולד חלב 350 גר` תלמה</ItemName>
      <ManufactureName>יוניליוור ישראל שיווק בעמ</ManufactureName>
      <ManufactureCountry />
      <ManufactureItemDescription />
      <UnitQty>יח`</UnitQty>
      <Quantity>350</Quantity>
      <UnitMeasure>גרם</UnitMeasure>
      <BisWeighted>0</BisWeighted>
      <QtyInPackage>1</QtyInPackage>
      <ItemPrice>19.90</ItemPrice>
      <UnitOfMeasurePrice>5.69</UnitOfMeasurePrice>
      <AllowDiscount>1</AllowDiscount>
      <itemStatus>1</itemStatus>
      <LastUpdateDate />
      <LastUpdateTime />
    </Product>
    <Product>
      <PriceUpdateDate>2019/07/14 08:24</PriceUpdateDate>
      <ItemCode>7290112493279</ItemCode>
      <ItemType>1</ItemType>
      <ItemName>אקטיב צימוקים ושקדים 350 גר` תלמה</ItemName>
      <ManufactureName>יוניליוור ישראל שיווק בעמ</ManufactureName>
      <ManufactureCountry />
      <ManufactureItemDescription />
      <UnitQty>יח`</UnitQty>
      <Quantity>350</Quantity>
      <UnitMeasure>גרם</UnitMeasure>
      <BisWeighted>0</BisWeighted>
      <QtyInPackage>1</QtyInPackage>
      <ItemPrice>19.90</ItemPrice>
      <UnitOfMeasurePrice>5.69</UnitOfMeasurePrice>
      <AllowDiscount>1</AllowDiscount>
      <itemStatus>1</itemStatus>
      <LastUpdateDate />
      <LastUpdateTime />
    </Product>
    <Product>
      <PriceUpdateDate>2019/08/01 10:53</PriceUpdateDate>
      <ItemCode>7290112493293</ItemCode>
      <ItemType>1</ItemType>
      <ItemName>נמס בכוס ירקות 100% רכיבים טביעיים קנור</ItemName>
      <ManufactureName>יוניליוור ישראל שיווק בעמ</ManufactureName>
      <ManufactureCountry />
      <ManufactureItemDescription />
      <UnitQty>יח`</UnitQty>
      <Quantity>44</Quantity>
      <UnitMeasure>גרם</UnitMeasure>
      <BisWeighted>0</BisWeighted>
      <QtyInPackage>1</QtyInPackage>
      <ItemPrice>6.90</ItemPrice>
      <UnitOfMeasurePrice>15.68</UnitOfMeasurePrice>
      <AllowDiscount>0</AllowDiscount>
      <itemStatus>1</itemStatus>
      <LastUpdateDate />
      <LastUpdateTime />
    </Product>
    <Product>
      <PriceUpdateDate>2019/08/01 10:53</PriceUpdateDate>
      <ItemCode>7290112493316</ItemCode>
      <ItemType>1</ItemType>
      <ItemName>מרק היום אפונה 100% רכיבים טביעיים קנור</ItemName>
      <ManufactureName>יוניליוור ישראל שיווק בעמ</ManufactureName>
      <ManufactureCountry />
      <ManufactureItemDescription />
      <UnitQty>יח`</UnitQty>
      <Quantity>117</Quantity>
      <UnitMeasure>גרם</UnitMeasure>
      <BisWeighted>0</BisWeighted>
      <QtyInPackage>1</QtyInPackage>
      <ItemPrice>12.90</ItemPrice>
      <UnitOfMeasurePrice>11.03</UnitOfMeasurePrice>
      <AllowDiscount>0</AllowDiscount>
      <itemStatus>1</itemStatus>
      <LastUpdateDate />
      <LastUpdateTime />
    </Product>
    <Product>
      <PriceUpdateDate>2020/01/07 10:50</PriceUpdateDate>
      <ItemCode>7290112493873</ItemCode>
      <ItemType>1</ItemType>
      <ItemName>חטיף אפוי דג דג (400 גרם) בייגל בייגל</ItemName>
      <ManufactureName>יוניליוור ישראל שיווק בעמ</ManufactureName>
      <ManufactureCountry />
      <ManufactureItemDescription />
      <UnitQty>יח`</UnitQty>
      <Quantity>400</Quantity>
      <UnitMeasure>גרם</UnitMeasure>
      <BisWeighted>0</BisWeighted>
      <QtyInPackage>1</QtyInPackage>
      <ItemPrice>13.90</ItemPrice>
      <UnitOfMeasurePrice>3.48</UnitOfMeasurePrice>
      <AllowDiscount>1</AllowDiscount>
      <itemStatus>1</itemStatus>
      <LastUpdateDate />
      <LastUpdateTime />
    </Product>
    <Product>
      <PriceUpdateDate>2020/01/09 07:36</PriceUpdateDate>
      <ItemCode>7290112493927</ItemCode>
      <ItemType>1</ItemType>
      <ItemName>שטראוס קרמיסימו בטעם ריבת חלב</ItemName>
      <ManufactureName>גלידות שטראוס בעמ</ManufactureName>
      <ManufactureCountry />
      <ManufactureItemDescription />
      <UnitQty>יח`</UnitQty>
      <Quantity>1.33</Quantity>
      <UnitMeasure>1 ליטר</UnitMeasure>
      <BisWeighted>0</BisWeighted>
      <QtyInPackage>1</QtyInPackage>
      <ItemPrice>18.90</ItemPrice>
      <UnitOfMeasurePrice>14.21</UnitOfMeasurePrice>
      <AllowDiscount>1</AllowDiscount>
      <itemStatus>1</itemStatus>
      <LastUpdateDate />
      <LastUpdateTime />
    </Product>
    <Product>
      <PriceUpdateDate>2020/01/09 07:36</PriceUpdateDate>
      <ItemCode>7290112493934</ItemCode>
      <ItemType>1</ItemType>
      <ItemName>שטראוס קרמיסימו וניל צרפתי</ItemName>
      <ManufactureName>גלידות שטראוס בעמ</ManufactureName>
      <ManufactureCountry />
      <ManufactureItemDescription />
      <UnitQty>יח`</UnitQty>
      <Quantity>1.33</Quantity>
      <UnitMeasure>1 ליטר</UnitMeasure>
      <BisWeighted>0</BisWeighted>
      <QtyInPackage>1</QtyInPackage>
      <ItemPrice>18.90</ItemPrice>
      <UnitOfMeasurePrice>14.21</UnitOfMeasurePrice>
      <AllowDiscount>1</AllowDiscount>
      <itemStatus>1</itemStatus>
      <LastUpdateDate />
      <LastUpdateTime />
    </Product>
    <Product>
      <PriceUpdateDate>2020/01/09 07:36</PriceUpdateDate>
      <ItemCode>7290112493965</ItemCode>
      <ItemType>1</ItemType>
      <ItemName>שטראוס קרמיסימו וניל ומסטיק</ItemName>
      <ManufactureName>גלידות שטראוס בעמ</ManufactureName>
      <ManufactureCountry />
      <ManufactureItemDescription />
      <UnitQty>יח`</UnitQty>
      <Quantity>1.33</Quantity>
      <UnitMeasure>1 ליטר</UnitMeasure>
      <BisWeighted>0</BisWeighted>
      <QtyInPackage>1</QtyInPackage>
      <ItemPrice>18.90</ItemPrice>
      <UnitOfMeasurePrice>14.21</UnitOfMeasurePrice>
      <AllowDiscount>1</AllowDiscount>
      <itemStatus>1</itemStatus>
      <LastUpdateDate />
      <LastUpdateTime />
    </Product>
    <Product>
      <PriceUpdateDate>2019/08/15 06:52</PriceUpdateDate>
      <ItemCode>7290112494023</ItemCode>
      <ItemType>1</ItemType>
      <ItemName>חטיף חלבון טו גו קוקוס 200 גר</ItemName>
      <ManufactureName>יוניליוור ישראל שיווק בעמ</ManufactureName>
      <ManufactureCountry />
      <ManufactureItemDescription />
      <UnitQty>יח`</UnitQty>
      <Quantity>200</Quantity>
      <UnitMeasure>גרם</UnitMeasure>
      <BisWeighted>0</BisWeighted>
      <QtyInPackage>1</QtyInPackage>
      <ItemPrice>21.90</ItemPrice>
      <UnitOfMeasurePrice>10.95</UnitOfMeasurePrice>
      <AllowDiscount>1</AllowDiscount>
      <itemStatus>1</itemStatus>
      <LastUpdateDate />
      <LastUpdateTime />
    </Product>
    <Product>
      <PriceUpdateDate>2019/11/21 17:02</PriceUpdateDate>
      <ItemCode>7290112494221</ItemCode>
      <ItemType>1</ItemType>
      <ItemName>חטיף ביסקויט שוקולד חלב קליק (65 גרם)</ItemName>
      <ManufactureName>יוניליוור ישראל שיווק בעמ</ManufactureName>
      <ManufactureCountry />
      <ManufactureItemDescription />
      <UnitQty>יח`</UnitQty>
      <Quantity>65</Quantity>
      <UnitMeasure>גרם</UnitMeasure>
      <BisWeighted>0</BisWeighted>
      <QtyInPackage>1</QtyInPackage>
      <ItemPrice>5.90</ItemPrice>
      <UnitOfMeasurePrice>9.08</UnitOfMeasurePrice>
      <AllowDiscount>1</AllowDiscount>
      <itemStatus>1</itemStatus>
      <LastUpdateDate />
      <LastUpdateTime />
    </Product>
    <Product>
      <PriceUpdateDate>2019/11/12 09:39</PriceUpdateDate>
      <ItemCode>7290112494238</ItemCode>
      <ItemType>1</ItemType>
      <ItemName>חטיף כדורים שוקולד חלב קליק (65 גרם)</ItemName>
      <ManufactureName>יוניליוור ישראל שיווק בעמ</ManufactureName>
      <ManufactureCountry />
      <ManufactureItemDescription />
      <UnitQty>יח`</UnitQty>
      <Quantity>65</Quantity>
      <UnitMeasure>גרם</UnitMeasure>
      <BisWeighted>0</BisWeighted>
      <QtyInPackage>1</QtyInPackage>
      <ItemPrice>5.90</ItemPrice>
      <UnitOfMeasurePrice>9.08</UnitOfMeasurePrice>
      <AllowDiscount>1</AllowDiscount>
      <itemStatus>1</itemStatus>
      <LastUpdateDate />
      <LastUpdateTime />
    </Product>
    <Product>
      <PriceUpdateDate>2019/11/12 09:39</PriceUpdateDate>
      <ItemCode>7290112494276</ItemCode>
      <ItemType>1</ItemType>
      <ItemName>חטיף קליק כריות 65 גר`</ItemName>
      <ManufactureName>יוניליוור ישראל שיווק בעמ</ManufactureName>
      <ManufactureCountry />
      <ManufactureItemDescription />
      <UnitQty>יח`</UnitQty>
      <Quantity>65</Quantity>
      <UnitMeasure>גרם</UnitMeasure>
      <BisWeighted>0</BisWeighted>
      <QtyInPackage>1</QtyInPackage>
      <ItemPrice>5.90</ItemPrice>
      <UnitOfMeasurePrice>9.08</UnitOfMeasurePrice>
      <AllowDiscount>1</AllowDiscount>
      <itemStatus>1</itemStatus>
      <LastUpdateDate />
      <LastUpdateTime />
    </Product>
    <Product>
      <PriceUpdateDate>2019/11/12 09:39</PriceUpdateDate>
      <ItemCode>7290112494283</ItemCode>
      <ItemType>1</ItemType>
      <ItemName>חטיף כדורים מעורב חום לבו 65 גר` קליק</ItemName>
      <ManufactureName>יוניליוור ישראל שיווק בעמ</ManufactureName>
      <ManufactureCountry />
      <ManufactureItemDescription />
      <UnitQty>יח`</UnitQty>
      <Quantity>65</Quantity>
      <UnitMeasure>גרם</UnitMeasure>
      <BisWeighted>0</BisWeighted>
      <QtyInPackage>1</QtyInPackage>
      <ItemPrice>5.90</ItemPrice>
      <UnitOfMeasurePrice>9.08</UnitOfMeasurePrice>
      <AllowDiscount>1</AllowDiscount>
      <itemStatus>1</itemStatus>
      <LastUpdateDate />
      <LastUpdateTime />
    </Product>
    <Product>
      <PriceUpdateDate>2019/11/21 17:02</PriceUpdateDate>
      <ItemCode>7290112494290</ItemCode>
      <ItemType>1</ItemType>
      <ItemName>קליק שקיות עוגי 65 גר`</ItemName>
      <ManufactureName>יוניליוור ישראל שיווק בעמ</ManufactureName>
      <ManufactureCountry />
      <ManufactureItemDescription />
      <UnitQty>יח`</UnitQty>
      <Quantity>75</Quantity>
      <UnitMeasure>גרם</UnitMeasure>
      <BisWeighted>0</BisWeighted>
      <QtyInPackage>1</QtyInPackage>
      <ItemPrice>5.90</ItemPrice>
      <UnitOfMeasurePrice>7.87</UnitOfMeasurePrice>
      <AllowDiscount>1</AllowDiscount>
      <itemStatus>1</itemStatus>
      <LastUpdateDate />
      <LastUpdateTime />
    </Product>
    <Product>
      <PriceUpdateDate>2019/11/12 09:39</PriceUpdateDate>
      <ItemCode>7290112494313</ItemCode>
      <ItemType>1</ItemType>
      <ItemName>חטיף קליק קורנפלקס 65 גר`</ItemName>
      <ManufactureName>יוניליוור ישראל שיווק בעמ</ManufactureName>
      <ManufactureCountry />
      <ManufactureItemDescription />
      <UnitQty>יח`</UnitQty>
      <Quantity>65</Quantity>
      <UnitMeasure>גרם</UnitMeasure>
      <BisWeighted>0</BisWeighted>
      <QtyInPackage>1</QtyInPackage>
      <ItemPrice>5.90</ItemPrice>
      <UnitOfMeasurePrice>9.08</UnitOfMeasurePrice>
      <AllowDiscount>1</AllowDiscount>
      <itemStatus>1</itemStatus>
      <LastUpdateDate />
      <LastUpdateTime />
    </Product>
    <Product>
      <PriceUpdateDate>2020/03/17 11:39</PriceUpdateDate>
      <ItemCode>7290112494344</ItemCode>
      <ItemType>1</ItemType>
      <ItemName>קורנפלקס של אלופים תלמה (850 גרם)רבנות</ItemName>
      <ManufactureName>יוניליוור ישראל שיווק בעמ</ManufactureName>
      <ManufactureCountry />
      <ManufactureItemDescription />
      <UnitQty>יח`</UnitQty>
      <Quantity>850</Quantity>
      <UnitMeasure>גרם</UnitMeasure>
      <BisWeighted>0</BisWeighted>
      <QtyInPackage>1</QtyInPackage>
      <ItemPrice>18.90</ItemPrice>
      <UnitOfMeasurePrice>2.22</UnitOfMeasurePrice>
      <AllowDiscount>1</AllowDiscount>
      <itemStatus>1</itemStatus>
      <LastUpdateDate />
      <LastUpdateTime />
    </Product>
    <Product>
      <PriceUpdateDate>2020/03/17 12:57</PriceUpdateDate>
      <ItemCode>7290112494351</ItemCode>
      <ItemType>1</ItemType>
      <ItemName>קורנפלקס של אלופים תלמה (850 גרם).בדצ</ItemName>
      <ManufactureName>יוניליוור ישראל שיווק בעמ</ManufactureName>
      <ManufactureCountry />
      <ManufactureItemDescription />
      <UnitQty>יח`</UnitQty>
      <Quantity>850</Quantity>
      <UnitMeasure>גרם</UnitMeasure>
      <BisWeighted>0</BisWeighted>
      <QtyInPackage>1</QtyInPackage>
      <ItemPrice>18.90</ItemPrice>
      <UnitOfMeasurePrice>2.22</UnitOfMeasurePrice>
      <AllowDiscount>1</AllowDiscount>
      <itemStatus>1</itemStatus>
      <LastUpdateDate />
      <LastUpdateTime />
    </Product>
    <Product>
      <PriceUpdateDate>2019/11/18 15:03</PriceUpdateDate>
      <ItemCode>7290112494795</ItemCode>
      <ItemType>1</ItemType>
      <ItemName>ג`ל כביסה לבנה וצבעונית בניחוח בדין כחול</ItemName>
      <ManufactureName>יוניליוור ישראל שיווק בעמ</ManufactureName>
      <ManufactureCountry />
      <ManufactureItemDescription />
      <UnitQty>יח`</UnitQty>
      <Quantity>1</Quantity>
      <UnitMeasure />
      <BisWeighted>0</BisWeighted>
      <QtyInPackage>1</QtyInPackage>
      <ItemPrice>29.90</ItemPrice>
      <UnitOfMeasurePrice>29.90</UnitOfMeasurePrice>
      <AllowDiscount>0</AllowDiscount>
      <itemStatus>1</itemStatus>
      <LastUpdateDate />
      <LastUpdateTime />
    </Product>
    <Product>
      <PriceUpdateDate>2019/12/15 14:11</PriceUpdateDate>
      <ItemCode>7290112494955</ItemCode>
      <ItemType>1</ItemType>
      <ItemName>רוטב חרדל וסילאן 340 גר` קנור</ItemName>
      <ManufactureName>יוניליוור ישראל שיווק בעמ</ManufactureName>
      <ManufactureCountry />
      <ManufactureItemDescription />
      <UnitQty>יח`</UnitQty>
      <Quantity>340</Quantity>
      <UnitMeasure>מ"ל</UnitMeasure>
      <BisWeighted>0</BisWeighted>
      <QtyInPackage>1</QtyInPackage>
      <ItemPrice>12.90</ItemPrice>
      <UnitOfMeasurePrice>3.79</UnitOfMeasurePrice>
      <AllowDiscount>1</AllowDiscount>
      <itemStatus>1</itemStatus>
      <LastUpdateDate />
      <LastUpdateTime />
    </Product>
    <Product>
      <PriceUpdateDate>2019/11/11 17:26</PriceUpdateDate>
      <ItemCode>7290112494993</ItemCode>
      <ItemType>1</ItemType>
      <ItemName>כריות וניל 686 גר` תלמה</ItemName>
      <ManufactureName>יוניליוור ישראל שיווק בעמ</ManufactureName>
      <ManufactureCountry />
      <ManufactureItemDescription />
      <UnitQty>יח`</UnitQty>
      <Quantity>686</Quantity>
      <UnitMeasure>גרם</UnitMeasure>
      <BisWeighted>0</BisWeighted>
      <QtyInPackage>1</QtyInPackage>
      <ItemPrice>29.90</ItemPrice>
      <UnitOfMeasurePrice>4.36</UnitOfMeasurePrice>
      <AllowDiscount>1</AllowDiscount>
      <itemStatus>1</itemStatus>
      <LastUpdateDate />
      <LastUpdateTime />
    </Product>
    <Product>
      <PriceUpdateDate>2019/11/11 17:26</PriceUpdateDate>
      <ItemCode>7290112495006</ItemCode>
      <ItemType>1</ItemType>
      <ItemName>כריות נוגט 686 גר` תלמה</ItemName>
      <ManufactureName>יוניליוור ישראל שיווק בעמ</ManufactureName>
      <ManufactureCountry />
      <ManufactureItemDescription />
      <UnitQty>יח`</UnitQty>
      <Quantity>686</Quantity>
      <UnitMeasure>גרם</UnitMeasure>
      <BisWeighted>0</BisWeighted>
      <QtyInPackage>1</QtyInPackage>
      <ItemPrice>24.90</ItemPrice>
      <UnitOfMeasurePrice>3.63</UnitOfMeasurePrice>
      <AllowDiscount>1</AllowDiscount>
      <itemStatus>1</itemStatus>
      <LastUpdateDate />
      <LastUpdateTime />
    </Product>
    <Product>
      <PriceUpdateDate>2019/11/04 12:49</PriceUpdateDate>
      <ItemCode>7290112495020</ItemCode>
      <ItemType>1</ItemType>
      <ItemName>כריות צ`וקולדה תלמה (686 גר` )</ItemName>
      <ManufactureName>יוניליוור ישראל שיווק בעמ</ManufactureName>
      <ManufactureCountry />
      <ManufactureItemDescription />
      <UnitQty>יח`</UnitQty>
      <Quantity>686</Quantity>
      <UnitMeasure>גרם</UnitMeasure>
      <BisWeighted>0</BisWeighted>
      <QtyInPackage>1</QtyInPackage>
      <ItemPrice>29.90</ItemPrice>
      <UnitOfMeasurePrice>4.36</UnitOfMeasurePrice>
      <AllowDiscount>1</AllowDiscount>
      <itemStatus>1</itemStatus>
      <LastUpdateDate />
      <LastUpdateTime />
    </Product>
    <Product>
      <PriceUpdateDate>2019/11/11 17:26</PriceUpdateDate>
      <ItemCode>7290112495037</ItemCode>
      <ItemType>1</ItemType>
      <ItemName>קוקומן כדורים 375 גר` תלמה</ItemName>
      <ManufactureName>יוניליוור ישראל שיווק בעמ</ManufactureName>
      <ManufactureCountry />
      <ManufactureItemDescription />
      <UnitQty>יח`</UnitQty>
      <Quantity>375</Quantity>
      <UnitMeasure>גרם</UnitMeasure>
      <BisWeighted>0</BisWeighted>
      <QtyInPackage>1</QtyInPackage>
      <ItemPrice>21.90</ItemPrice>
      <UnitOfMeasurePrice>5.84</UnitOfMeasurePrice>
      <AllowDiscount>1</AllowDiscount>
      <itemStatus>1</itemStatus>
      <LastUpdateDate />
      <LastUpdateTime />
    </Product>
    <Product>
      <PriceUpdateDate>2019/11/11 17:26</PriceUpdateDate>
      <ItemCode>7290112495044</ItemCode>
      <ItemType>1</ItemType>
      <ItemName>דגני קוקומן פצפוצים תלמה (375 גרם)</ItemName>
      <ManufactureName>יוניליוור ישראל שיווק בעמ</ManufactureName>
      <ManufactureCountry />
      <ManufactureItemDescription />
      <UnitQty>יח`</UnitQty>
      <Quantity>375</Quantity>
      <UnitMeasure>גרם</UnitMeasure>
      <BisWeighted>0</BisWeighted>
      <QtyInPackage>1</QtyInPackage>
      <ItemPrice>21.90</ItemPrice>
      <UnitOfMeasurePrice>5.84</UnitOfMeasurePrice>
      <AllowDiscount>1</AllowDiscount>
      <itemStatus>1</itemStatus>
      <LastUpdateDate />
      <LastUpdateTime />
    </Product>
    <Product>
      <PriceUpdateDate>2019/11/04 12:49</PriceUpdateDate>
      <ItemCode>7290112495105</ItemCode>
      <ItemType>1</ItemType>
      <ItemName>נישנושים תפוא שמנת בצל 260 גר`</ItemName>
      <ManufactureName>יוניליוור ישראל שיווק בעמ</ManufactureName>
      <ManufactureCountry />
      <ManufactureItemDescription />
      <UnitQty>יח`</UnitQty>
      <Quantity>260</Quantity>
      <UnitMeasure>גרם</UnitMeasure>
      <BisWeighted>0</BisWeighted>
      <QtyInPackage>1</QtyInPackage>
      <ItemPrice>12.90</ItemPrice>
      <UnitOfMeasurePrice>4.96</UnitOfMeasurePrice>
      <AllowDiscount>1</AllowDiscount>
      <itemStatus>1</itemStatus>
      <LastUpdateDate />
      <LastUpdateTime />
    </Product>
    <Product>
      <PriceUpdateDate>2019/11/13 10:05</PriceUpdateDate>
      <ItemCode>7290112495136</ItemCode>
      <ItemType>1</ItemType>
      <ItemName>נשנושי קרקר 6 דגנים 300 גר`</ItemName>
      <ManufactureName>יוניליוור ישראל שיווק בעמ</ManufactureName>
      <ManufactureCountry />
      <ManufactureItemDescription />
      <UnitQty>יח`</UnitQty>
      <Quantity>300</Quantity>
      <UnitMeasure>גרם</UnitMeasure>
      <BisWeighted>0</BisWeighted>
      <QtyInPackage>1</QtyInPackage>
      <ItemPrice>12.90</ItemPrice>
      <UnitOfMeasurePrice>4.30</UnitOfMeasurePrice>
      <AllowDiscount>1</AllowDiscount>
      <itemStatus>1</itemStatus>
      <LastUpdateDate />
      <LastUpdateTime />
    </Product>
    <Product>
      <PriceUpdateDate>2019/11/13 10:05</PriceUpdateDate>
      <ItemCode>7290112495143</ItemCode>
      <ItemType>1</ItemType>
      <ItemName>נשנושי קרקר קוקטייל מלוח 300 גר`</ItemName>
      <ManufactureName>יוניליוור ישראל שיווק בעמ</ManufactureName>
      <ManufactureCountry />
      <ManufactureItemDescription />
      <UnitQty>יח`</UnitQty>
      <Quantity>300</Quantity>
      <UnitMeasure>גרם</UnitMeasure>
      <BisWeighted>0</BisWeighted>
      <QtyInPackage>1</QtyInPackage>
      <ItemPrice>12.90</ItemPrice>
      <UnitOfMeasurePrice>4.30</UnitOfMeasurePrice>
      <AllowDiscount>1</AllowDiscount>
      <itemStatus>1</itemStatus>
      <LastUpdateDate />
      <LastUpdateTime />
    </Product>
    <Product>
      <PriceUpdateDate>2019/11/13 10:05</PriceUpdateDate>
      <ItemCode>7290112495150</ItemCode>
      <ItemType>1</ItemType>
      <ItemName>נשנושי קרקר עיגולים מלוחים 300 גר`</ItemName>
      <ManufactureName>יוניליוור ישראל שיווק בעמ</ManufactureName>
      <ManufactureCountry />
      <ManufactureItemDescription />
      <UnitQty>יח`</UnitQty>
      <Quantity>300</Quantity>
      <UnitMeasure>גרם</UnitMeasure>
      <BisWeighted>0</BisWeighted>
      <QtyInPackage>1</QtyInPackage>
      <ItemPrice>12.90</ItemPrice>
      <UnitOfMeasurePrice>4.30</UnitOfMeasurePrice>
      <AllowDiscount>1</AllowDiscount>
      <itemStatus>1</itemStatus>
      <LastUpdateDate />
      <LastUpdateTime />
    </Product>
    <Product>
      <PriceUpdateDate>2019/11/13 10:05</PriceUpdateDate>
      <ItemCode>7290112495167</ItemCode>
      <ItemType>1</ItemType>
      <ItemName>נשנושי קרקר משולשי שומשום 300 גר</ItemName>
      <ManufactureName>יוניליוור ישראל שיווק בעמ</ManufactureName>
      <ManufactureCountry />
      <ManufactureItemDescription />
      <UnitQty>יח`</UnitQty>
      <Quantity>300</Quantity>
      <UnitMeasure>גרם</UnitMeasure>
      <BisWeighted>0</BisWeighted>
      <QtyInPackage>1</QtyInPackage>
      <ItemPrice>12.90</ItemPrice>
      <UnitOfMeasurePrice>4.30</UnitOfMeasurePrice>
      <AllowDiscount>1</AllowDiscount>
      <itemStatus>1</itemStatus>
      <LastUpdateDate />
      <LastUpdateTime />
    </Product>
    <Product>
      <PriceUpdateDate>2019/11/13 10:05</PriceUpdateDate>
      <ItemCode>7290112495174</ItemCode>
      <ItemType>1</ItemType>
      <ItemName>נשנושי קרקר קוקטייל שומשום 300 גר`</ItemName>
      <ManufactureName>יוניליוור ישראל שיווק בעמ</ManufactureName>
      <ManufactureCountry />
      <ManufactureItemDescription />
      <UnitQty>יח`</UnitQty>
      <Quantity>300</Quantity>
      <UnitMeasure>גרם</UnitMeasure>
      <BisWeighted>0</BisWeighted>
      <QtyInPackage>1</QtyInPackage>
      <ItemPrice>12.90</ItemPrice>
      <UnitOfMeasurePrice>4.30</UnitOfMeasurePrice>
      <AllowDiscount>1</AllowDiscount>
      <itemStatus>1</itemStatus>
      <LastUpdateDate />
      <LastUpdateTime />
    </Product>
    <Product>
      <PriceUpdateDate>2019/12/30 09:35</PriceUpdateDate>
      <ItemCode>7290112495228</ItemCode>
      <ItemType>1</ItemType>
      <ItemName>קורנפלקס דבש 448 גר` תלמה</ItemName>
      <ManufactureName>יוניליוור ישראל שיווק בעמ</ManufactureName>
      <ManufactureCountry />
      <ManufactureItemDescription />
      <UnitQty>יח`</UnitQty>
      <Quantity>484</Quantity>
      <UnitMeasure>גרם</UnitMeasure>
      <BisWeighted>0</BisWeighted>
      <QtyInPackage>1</QtyInPackage>
      <ItemPrice>16.90</ItemPrice>
      <UnitOfMeasurePrice>3.49</UnitOfMeasurePrice>
      <AllowDiscount>1</AllowDiscount>
      <itemStatus>1</itemStatus>
      <LastUpdateDate />
      <LastUpdateTime />
    </Product>
    <Product>
      <PriceUpdateDate>2020/01/06 08:16</PriceUpdateDate>
      <ItemCode>7290112495242</ItemCode>
      <ItemType>1</ItemType>
      <ItemName>קורנפלקס מייפל 448  גר`תלמה</ItemName>
      <ManufactureName>יוניליוור ישראל שיווק בעמ</ManufactureName>
      <ManufactureCountry />
      <ManufactureItemDescription />
      <UnitQty>יח`</UnitQty>
      <Quantity>448</Quantity>
      <UnitMeasure>גרם</UnitMeasure>
      <BisWeighted>0</BisWeighted>
      <QtyInPackage>1</QtyInPackage>
      <ItemPrice>16.90</ItemPrice>
      <UnitOfMeasurePrice>3.77</UnitOfMeasurePrice>
      <AllowDiscount>1</AllowDiscount>
      <itemStatus>1</itemStatus>
      <LastUpdateDate />
      <LastUpdateTime />
    </Product>
    <Product>
      <PriceUpdateDate>2020/02/14 12:07</PriceUpdateDate>
      <ItemCode>7290112495280</ItemCode>
      <ItemType>1</ItemType>
      <ItemName>ברנפלקס ריבועי קינמון תלמה (400 גרם)</ItemName>
      <ManufactureName>יוניליוור ישראל שיווק בעמ</ManufactureName>
      <ManufactureCountry />
      <ManufactureItemDescription />
      <UnitQty>יח`</UnitQty>
      <Quantity>400</Quantity>
      <UnitMeasure>גרם</UnitMeasure>
      <BisWeighted>0</BisWeighted>
      <QtyInPackage>1</QtyInPackage>
      <ItemPrice>22.90</ItemPrice>
      <UnitOfMeasurePrice>5.73</UnitOfMeasurePrice>
      <AllowDiscount>1</AllowDiscount>
      <itemStatus>1</itemStatus>
      <LastUpdateDate />
      <LastUpdateTime />
    </Product>
    <Product>
      <PriceUpdateDate>2019/08/27 11:27</PriceUpdateDate>
      <ItemCode>7290112495433</ItemCode>
      <ItemType>1</ItemType>
      <ItemName>דליפקאן תוספת אגוזי פקאן ושקדים תלמה (40</ItemName>
      <ManufactureName>יוניליוור ישראל שיווק בעמ</ManufactureName>
      <ManufactureCountry />
      <ManufactureItemDescription />
      <UnitQty>יח`</UnitQty>
      <Quantity>400</Quantity>
      <UnitMeasure>גרם</UnitMeasure>
      <BisWeighted>0</BisWeighted>
      <QtyInPackage>1</QtyInPackage>
      <ItemPrice>22.90</ItemPrice>
      <UnitOfMeasurePrice>5.73</UnitOfMeasurePrice>
      <AllowDiscount>1</AllowDiscount>
      <itemStatus>1</itemStatus>
      <LastUpdateDate />
      <LastUpdateTime />
    </Product>
    <Product>
      <PriceUpdateDate>2020/02/14 12:07</PriceUpdateDate>
      <ItemCode>7290112495471</ItemCode>
      <ItemType>1</ItemType>
      <ItemName>קורנפלקס ללא גלוטן כשלפ-תלמה 500 גרם</ItemName>
      <ManufactureName>יוניליוור ישראל שיווק בעמ</ManufactureName>
      <ManufactureCountry />
      <ManufactureItemDescription />
      <UnitQty>יח`</UnitQty>
      <Quantity>500</Quantity>
      <UnitMeasure>גרם</UnitMeasure>
      <BisWeighted>0</BisWeighted>
      <QtyInPackage>1</QtyInPackage>
      <ItemPrice>17.90</ItemPrice>
      <UnitOfMeasurePrice>3.58</UnitOfMeasurePrice>
      <AllowDiscount>1</AllowDiscount>
      <itemStatus>1</itemStatus>
      <LastUpdateDate />
      <LastUpdateTime />
    </Product>
    <Product>
      <PriceUpdateDate>2020/02/14 12:07</PriceUpdateDate>
      <ItemCode>7290112495488</ItemCode>
      <ItemType>1</ItemType>
      <ItemName>קורנפלקס ללא גלוטן תלמה 500 גרם</ItemName>
      <ManufactureName>יוניליוור ישראל שיווק בעמ</ManufactureName>
      <ManufactureCountry />
      <ManufactureItemDescription />
      <UnitQty>יח`</UnitQty>
      <Quantity>500</Quantity>
      <UnitMeasure>גרם</UnitMeasure>
      <BisWeighted>0</BisWeighted>
      <QtyInPackage>1</QtyInPackage>
      <ItemPrice>15.90</ItemPrice>
      <UnitOfMeasurePrice>3.18</UnitOfMeasurePrice>
      <AllowDiscount>0</AllowDiscount>
      <itemStatus>1</itemStatus>
      <LastUpdateDate />
      <LastUpdateTime />
    </Product>
    <Product>
      <PriceUpdateDate>2020/03/22 14:53</PriceUpdateDate>
      <ItemCode>7290112495501</ItemCode>
      <ItemType>1</ItemType>
      <ItemName>שוגי ללא גלוטן 375 גר`</ItemName>
      <ManufactureName>יוניליוור ישראל שיווק בעמ</ManufactureName>
      <ManufactureCountry />
      <ManufactureItemDescription />
      <UnitQty>יח`</UnitQty>
      <Quantity>375</Quantity>
      <UnitMeasure>גרם</UnitMeasure>
      <BisWeighted>0</BisWeighted>
      <QtyInPackage>1</QtyInPackage>
      <ItemPrice>24.90</ItemPrice>
      <UnitOfMeasurePrice>6.64</UnitOfMeasurePrice>
      <AllowDiscount>0</AllowDiscount>
      <itemStatus>1</itemStatus>
      <LastUpdateDate />
      <LastUpdateTime />
    </Product>
    <Product>
      <PriceUpdateDate>2020/01/06 08:16</PriceUpdateDate>
      <ItemCode>7290112495716</ItemCode>
      <ItemType>1</ItemType>
      <ItemName>בייגלה שבלולים עם מלח 50  גר`בייגל בייגל</ItemName>
      <ManufactureName>יוניליוור ישראל שיווק בעמ</ManufactureName>
      <ManufactureCountry />
      <ManufactureItemDescription />
      <UnitQty>יח`</UnitQty>
      <Quantity>50</Quantity>
      <UnitMeasure>גרם</UnitMeasure>
      <BisWeighted>0</BisWeighted>
      <QtyInPackage>1</QtyInPackage>
      <ItemPrice>2.90</ItemPrice>
      <UnitOfMeasurePrice>5.80</UnitOfMeasurePrice>
      <AllowDiscount>0</AllowDiscount>
      <itemStatus>1</itemStatus>
      <LastUpdateDate />
      <LastUpdateTime />
    </Product>
    <Product>
      <PriceUpdateDate>2020/01/06 08:16</PriceUpdateDate>
      <ItemCode>7290112495754</ItemCode>
      <ItemType>1</ItemType>
      <ItemName>רוטב לסלט אלף האיים הלמנס (305 מל)</ItemName>
      <ManufactureName>יוניליוור ישראל שיווק בעמ</ManufactureName>
      <ManufactureCountry />
      <ManufactureItemDescription />
      <UnitQty>יח`</UnitQty>
      <Quantity>305</Quantity>
      <UnitMeasure>מ"ל</UnitMeasure>
      <BisWeighted>0</BisWeighted>
      <QtyInPackage>1</QtyInPackage>
      <ItemPrice>12.90</ItemPrice>
      <UnitOfMeasurePrice>4.23</UnitOfMeasurePrice>
      <AllowDiscount>1</AllowDiscount>
      <itemStatus>1</itemStatus>
      <LastUpdateDate />
      <LastUpdateTime />
    </Product>
    <Product>
      <PriceUpdateDate>2020/01/06 08:16</PriceUpdateDate>
      <ItemCode>7290112495761</ItemCode>
      <ItemType>1</ItemType>
      <ItemName>רוטב לסלט אלף האיים לייט הלמנס (305 מל)</ItemName>
      <ManufactureName>יוניליוור ישראל שיווק בעמ</ManufactureName>
      <ManufactureCountry />
      <ManufactureItemDescription />
      <UnitQty>יח`</UnitQty>
      <Quantity>305</Quantity>
      <UnitMeasure>מ"ל</UnitMeasure>
      <BisWeighted>0</BisWeighted>
      <QtyInPackage>1</QtyInPackage>
      <ItemPrice>12.90</ItemPrice>
      <UnitOfMeasurePrice>4.23</UnitOfMeasurePrice>
      <AllowDiscount>1</AllowDiscount>
      <itemStatus>1</itemStatus>
      <LastUpdateDate />
      <LastUpdateTime />
    </Product>
    <Product>
      <PriceUpdateDate>2020/01/06 08:16</PriceUpdateDate>
      <ItemCode>7290112495785</ItemCode>
      <ItemType>1</ItemType>
      <ItemName>רוטב לסלט שום (300 גרם) הלמנס</ItemName>
      <ManufactureName>יוניליוור ישראל שיווק בעמ</ManufactureName>
      <ManufactureCountry />
      <ManufactureItemDescription />
      <UnitQty>יח`</UnitQty>
      <Quantity>300</Quantity>
      <UnitMeasure>גרם</UnitMeasure>
      <BisWeighted>0</BisWeighted>
      <QtyInPackage>1</QtyInPackage>
      <ItemPrice>12.90</ItemPrice>
      <UnitOfMeasurePrice>4.30</UnitOfMeasurePrice>
      <AllowDiscount>1</AllowDiscount>
      <itemStatus>1</itemStatus>
      <LastUpdateDate />
      <LastUpdateTime />
    </Product>
    <Product>
      <PriceUpdateDate>2020/04/22 15:42</PriceUpdateDate>
      <ItemCode>7290112496218</ItemCode>
      <ItemType>1</ItemType>
      <ItemName>טריאקי הפחתה של 50% סוכר ונתרן</ItemName>
      <ManufactureName>יוניליוור ישראל שיווק בעמ</ManufactureName>
      <ManufactureCountry />
      <ManufactureItemDescription />
      <UnitQty>יח`</UnitQty>
      <Quantity>340</Quantity>
      <UnitMeasure>מ"ל</UnitMeasure>
      <BisWeighted>0</BisWeighted>
      <QtyInPackage>1</QtyInPackage>
      <ItemPrice>12.90</ItemPrice>
      <UnitOfMeasurePrice>3.79</UnitOfMeasurePrice>
      <AllowDiscount>0</AllowDiscount>
      <itemStatus>1</itemStatus>
      <LastUpdateDate />
      <LastUpdateTime />
    </Product>
    <Product>
      <PriceUpdateDate>2020/01/09 07:36</PriceUpdateDate>
      <ItemCode>7290112499691</ItemCode>
      <ItemType>1</ItemType>
      <ItemName>מאגדת-מיני מגנום לבן שקדים מובחרים</ItemName>
      <ManufactureName>גלידות שטראוס בעמ</ManufactureName>
      <ManufactureCountry />
      <ManufactureItemDescription />
      <UnitQty>יח`</UnitQty>
      <Quantity>250</Quantity>
      <UnitMeasure>גרם</UnitMeasure>
      <BisWeighted>0</BisWeighted>
      <QtyInPackage>1</QtyInPackage>
      <ItemPrice>32.90</ItemPrice>
      <UnitOfMeasurePrice>13.16</UnitOfMeasurePrice>
      <AllowDiscount>1</AllowDiscount>
      <itemStatus>1</itemStatus>
      <LastUpdateDate />
      <LastUpdateTime />
    </Product>
    <Product>
      <PriceUpdateDate>2020/01/09 07:36</PriceUpdateDate>
      <ItemCode>7290112499752</ItemCode>
      <ItemType>1</ItemType>
      <ItemName>קרמיסימו אייס מוקצ`ינו</ItemName>
      <ManufactureName>גלידות שטראוס בעמ</ManufactureName>
      <ManufactureCountry />
      <ManufactureItemDescription />
      <UnitQty>יח`</UnitQty>
      <Quantity>1.33</Quantity>
      <UnitMeasure>1 ליטר</UnitMeasure>
      <BisWeighted>0</BisWeighted>
      <QtyInPackage>1</QtyInPackage>
      <ItemPrice>18.90</ItemPrice>
      <UnitOfMeasurePrice>14.21</UnitOfMeasurePrice>
      <AllowDiscount>1</AllowDiscount>
      <itemStatus>1</itemStatus>
      <LastUpdateDate />
      <LastUpdateTime />
    </Product>
    <Product>
      <PriceUpdateDate>2020/04/03 09:53</PriceUpdateDate>
      <ItemCode>7290112499769</ItemCode>
      <ItemType>1</ItemType>
      <ItemName>קרמיסימו גלידונית 60 יח` בטעם קפה מצופה</ItemName>
      <ManufactureName>גלידות שטראוס בעמ</ManufactureName>
      <ManufactureCountry />
      <ManufactureItemDescription />
      <UnitQty>יח`</UnitQty>
      <Quantity>630</Quantity>
      <UnitMeasure>גרם</UnitMeasure>
      <BisWeighted>0</BisWeighted>
      <QtyInPackage>1</QtyInPackage>
      <ItemPrice>47.90</ItemPrice>
      <UnitOfMeasurePrice>7.60</UnitOfMeasurePrice>
      <AllowDiscount>1</AllowDiscount>
      <itemStatus>1</itemStatus>
      <LastUpdateDate />
      <LastUpdateTime />
    </Product>
    <Product>
      <PriceUpdateDate>2020/01/09 07:36</PriceUpdateDate>
      <ItemCode>7290112499844</ItemCode>
      <ItemType>1</ItemType>
      <ItemName>מאגדת-מיני מגנום דואט שוקולד עם נוגט</ItemName>
      <ManufactureName>גלידות שטראוס בעמ</ManufactureName>
      <ManufactureCountry />
      <ManufactureItemDescription />
      <UnitQty>יח`</UnitQty>
      <Quantity>1</Quantity>
      <UnitMeasure />
      <BisWeighted>0</BisWeighted>
      <QtyInPackage>1</QtyInPackage>
      <ItemPrice>27.90</ItemPrice>
      <UnitOfMeasurePrice>27.90</UnitOfMeasurePrice>
      <AllowDiscount>1</AllowDiscount>
      <itemStatus>1</itemStatus>
      <LastUpdateDate />
      <LastUpdateTime />
    </Product>
    <Product>
      <PriceUpdateDate>2020/01/09 07:36</PriceUpdateDate>
      <ItemCode>7290112499943</ItemCode>
      <ItemType>1</ItemType>
      <ItemName>מאגדת-מיני מגנום קלאסיק שוקולד</ItemName>
      <ManufactureName>גלידות שטראוס בעמ</ManufactureName>
      <ManufactureCountry />
      <ManufactureItemDescription />
      <UnitQty>יח`</UnitQty>
      <Quantity>1</Quantity>
      <UnitMeasure />
      <BisWeighted>0</BisWeighted>
      <QtyInPackage>1</QtyInPackage>
      <ItemPrice>32.90</ItemPrice>
      <UnitOfMeasurePrice>32.90</UnitOfMeasurePrice>
      <AllowDiscount>1</AllowDiscount>
      <itemStatus>1</itemStatus>
      <LastUpdateDate />
      <LastUpdateTime />
    </Product>
    <Product>
      <PriceUpdateDate>2018/12/18 06:26</PriceUpdateDate>
      <ItemCode>7290112961143</ItemCode>
      <ItemType>1</ItemType>
      <ItemName>נתחי בקר צמוחניים 470 גר` טבעול</ItemName>
      <ManufactureName>קבוצת אסם סחר שות. מוגבלת</ManufactureName>
      <ManufactureCountry />
      <ManufactureItemDescription />
      <UnitQty>יח`</UnitQty>
      <Quantity>470</Quantity>
      <UnitMeasure>גרם</UnitMeasure>
      <BisWeighted>0</BisWeighted>
      <QtyInPackage>1</QtyInPackage>
      <ItemPrice>32.90</ItemPrice>
      <UnitOfMeasurePrice>7</UnitOfMeasurePrice>
      <AllowDiscount>1</AllowDiscount>
      <itemStatus>1</itemStatus>
      <LastUpdateDate />
      <LastUpdateTime />
    </Product>
    <Product>
      <PriceUpdateDate>2018/12/17 09:34</PriceUpdateDate>
      <ItemCode>7290112961181</ItemCode>
      <ItemType>1</ItemType>
      <ItemName>נודלס אטריות אורז דקיקות 300 גר` אסם</ItemName>
      <ManufactureName>קבוצת אסם סחר שות. מוגבלת</ManufactureName>
      <ManufactureCountry />
      <ManufactureItemDescription />
      <UnitQty>יח`</UnitQty>
      <Quantity>300</Quantity>
      <UnitMeasure>גרם</UnitMeasure>
      <BisWeighted>0</BisWeighted>
      <QtyInPackage>1</QtyInPackage>
      <ItemPrice>9.90</ItemPrice>
      <UnitOfMeasurePrice>3.30</UnitOfMeasurePrice>
      <AllowDiscount>0</AllowDiscount>
      <itemStatus>1</itemStatus>
      <LastUpdateDate />
      <LastUpdateTime />
    </Product>
    <Product>
      <PriceUpdateDate>2019/04/11 07:10</PriceUpdateDate>
      <ItemCode>7290112961266</ItemCode>
      <ItemType>1</ItemType>
      <ItemName>בייגלה כפיות פיזור איטלקי 300 גר` אסם</ItemName>
      <ManufactureName>קבוצת אסם סחר שות. מוגבלת</ManufactureName>
      <ManufactureCountry />
      <ManufactureItemDescription />
      <UnitQty>יח`</UnitQty>
      <Quantity>300</Quantity>
      <UnitMeasure>גרם</UnitMeasure>
      <BisWeighted>0</BisWeighted>
      <QtyInPackage>1</QtyInPackage>
      <ItemPrice>9.90</ItemPrice>
      <UnitOfMeasurePrice>3.30</UnitOfMeasurePrice>
      <AllowDiscount>0</AllowDiscount>
      <itemStatus>1</itemStatus>
      <LastUpdateDate />
      <LastUpdateTime />
    </Product>
    <Product>
      <PriceUpdateDate>2019/01/17 13:16</PriceUpdateDate>
      <ItemCode>7290112961754</ItemCode>
      <ItemType>1</ItemType>
      <ItemName>עוגיות שוקוצ`יפס קרם אגוזים (220 גר`) אס</ItemName>
      <ManufactureName>קבוצת אסם סחר שות. מוגבלת</ManufactureName>
      <ManufactureCountry />
      <ManufactureItemDescription />
      <UnitQty>יח`</UnitQty>
      <Quantity>220</Quantity>
      <UnitMeasure>גרם</UnitMeasure>
      <BisWeighted>0</BisWeighted>
      <QtyInPackage>1</QtyInPackage>
      <ItemPrice>11.90</ItemPrice>
      <UnitOfMeasurePrice>5.41</UnitOfMeasurePrice>
      <AllowDiscount>0</AllowDiscount>
      <itemStatus>1</itemStatus>
      <LastUpdateDate />
      <LastUpdateTime />
    </Product>
    <Product>
      <PriceUpdateDate>2018/12/18 06:26</PriceUpdateDate>
      <ItemCode>7290112962201</ItemCode>
      <ItemType>1</ItemType>
      <ItemName>חציל בטעם כבד מלך הסלטים 400 גר` צבר</ItemName>
      <ManufactureName>קבוצת אסם סחר שות. מוגבלת</ManufactureName>
      <ManufactureCountry />
      <ManufactureItemDescription />
      <UnitQty>יח`</UnitQty>
      <Quantity>400</Quantity>
      <UnitMeasure>גרם</UnitMeasure>
      <BisWeighted>0</BisWeighted>
      <QtyInPackage>1</QtyInPackage>
      <ItemPrice>15.90</ItemPrice>
      <UnitOfMeasurePrice>3.98</UnitOfMeasurePrice>
      <AllowDiscount>1</AllowDiscount>
      <itemStatus>1</itemStatus>
      <LastUpdateDate />
      <LastUpdateTime />
    </Product>
    <Product>
      <PriceUpdateDate>2019/07/08 08:20</PriceUpdateDate>
      <ItemCode>7290112962249</ItemCode>
      <ItemType>1</ItemType>
      <ItemName>לביבות בטטה 500 גר` טבעול</ItemName>
      <ManufactureName>קבוצת אסם סחר שות. מוגבלת</ManufactureName>
      <ManufactureCountry />
      <ManufactureItemDescription />
      <UnitQty>יח`</UnitQty>
      <Quantity>500</Quantity>
      <UnitMeasure>גרם</UnitMeasure>
      <BisWeighted>0</BisWeighted>
      <QtyInPackage>1</QtyInPackage>
      <ItemPrice>32.90</ItemPrice>
      <UnitOfMeasurePrice>6.58</UnitOfMeasurePrice>
      <AllowDiscount>1</AllowDiscount>
      <itemStatus>1</itemStatus>
      <LastUpdateDate />
      <LastUpdateTime />
    </Product>
    <Product>
      <PriceUpdateDate>2020/01/24 09:43</PriceUpdateDate>
      <ItemCode>7290112962287</ItemCode>
      <ItemType>1</ItemType>
      <ItemName>שווארמה טבעונית 450 גר` טבעול</ItemName>
      <ManufactureName>קבוצת אסם סחר שות. מוגבלת</ManufactureName>
      <ManufactureCountry />
      <ManufactureItemDescription />
      <UnitQty>יח`</UnitQty>
      <Quantity>450</Quantity>
      <UnitMeasure>גרם</UnitMeasure>
      <BisWeighted>0</BisWeighted>
      <QtyInPackage>1</QtyInPackage>
      <ItemPrice>32.90</ItemPrice>
      <UnitOfMeasurePrice>7.31</UnitOfMeasurePrice>
      <AllowDiscount>1</AllowDiscount>
      <itemStatus>1</itemStatus>
      <LastUpdateDate />
      <LastUpdateTime />
    </Product>
    <Product>
      <PriceUpdateDate>2019/05/17 10:33</PriceUpdateDate>
      <ItemCode>7290112962324</ItemCode>
      <ItemType>1</ItemType>
      <ItemName>שניצל כרובית 99 קלוריות טבעול 500 גר`</ItemName>
      <ManufactureName>קבוצת אסם סחר שות. מוגבלת</ManufactureName>
      <ManufactureCountry />
      <ManufactureItemDescription />
      <UnitQty>יח`</UnitQty>
      <Quantity>500</Quantity>
      <UnitMeasure>גרם</UnitMeasure>
      <BisWeighted>0</BisWeighted>
      <QtyInPackage>1</QtyInPackage>
      <ItemPrice>32.90</ItemPrice>
      <UnitOfMeasurePrice>6.58</UnitOfMeasurePrice>
      <AllowDiscount>1</AllowDiscount>
      <itemStatus>1</itemStatus>
      <LastUpdateDate />
      <LastUpdateTime />
    </Product>
    <Product>
      <PriceUpdateDate>2019/02/21 13:39</PriceUpdateDate>
      <ItemCode>7290112962652</ItemCode>
      <ItemType>1</ItemType>
      <ItemName>מרק טעם עוף 800  גר`אסם</ItemName>
      <ManufactureName>קבוצת אסם סחר שות. מוגבלת</ManufactureName>
      <ManufactureCountry />
      <ManufactureItemDescription />
      <UnitQty>יח`</UnitQty>
      <Quantity>800</Quantity>
      <UnitMeasure>גרם</UnitMeasure>
      <BisWeighted>0</BisWeighted>
      <QtyInPackage>1</QtyInPackage>
      <ItemPrice>9.90</ItemPrice>
      <UnitOfMeasurePrice>1.24</UnitOfMeasurePrice>
      <AllowDiscount>0</AllowDiscount>
      <itemStatus>1</itemStatus>
      <LastUpdateDate />
      <LastUpdateTime />
    </Product>
    <Product>
      <PriceUpdateDate>2018/12/18 06:26</PriceUpdateDate>
      <ItemCode>7290112962737</ItemCode>
      <ItemType>1</ItemType>
      <ItemName>טבעול-שניצל מן הצומח עם חלבון 664 גר`</ItemName>
      <ManufactureName>קבוצת אסם סחר שות. מוגבלת</ManufactureName>
      <ManufactureCountry />
      <ManufactureItemDescription />
      <UnitQty>יח`</UnitQty>
      <Quantity>664</Quantity>
      <UnitMeasure>גרם</UnitMeasure>
      <BisWeighted>0</BisWeighted>
      <QtyInPackage>1</QtyInPackage>
      <ItemPrice>24.90</ItemPrice>
      <UnitOfMeasurePrice>3.75</UnitOfMeasurePrice>
      <AllowDiscount>0</AllowDiscount>
      <itemStatus>1</itemStatus>
      <LastUpdateDate />
      <LastUpdateTime />
    </Product>
    <Product>
      <PriceUpdateDate>2020/01/24 09:43</PriceUpdateDate>
      <ItemCode>7290112962980</ItemCode>
      <ItemType>1</ItemType>
      <ItemName>רוטב סויה סיני מופחת סוכר (290  מל) אסם</ItemName>
      <ManufactureName>קבוצת אסם סחר שות. מוגבלת</ManufactureName>
      <ManufactureCountry />
      <ManufactureItemDescription />
      <UnitQty>יח`</UnitQty>
      <Quantity>290</Quantity>
      <UnitMeasure>מ"ל</UnitMeasure>
      <BisWeighted>0</BisWeighted>
      <QtyInPackage>1</QtyInPackage>
      <ItemPrice>12.90</ItemPrice>
      <UnitOfMeasurePrice>4.45</UnitOfMeasurePrice>
      <AllowDiscount>0</AllowDiscount>
      <itemStatus>1</itemStatus>
      <LastUpdateDate />
      <LastUpdateTime />
    </Product>
    <Product>
      <PriceUpdateDate>2019/06/16 08:28</PriceUpdateDate>
      <ItemCode>7290112963895</ItemCode>
      <ItemType>1</ItemType>
      <ItemName>חטיפי קרקר דק כפרי 150 פיטנס</ItemName>
      <ManufactureName>קבוצת אסם סחר שות. מוגבלת</ManufactureName>
      <ManufactureCountry />
      <ManufactureItemDescription />
      <UnitQty>יח`</UnitQty>
      <Quantity>150</Quantity>
      <UnitMeasure>גרם</UnitMeasure>
      <BisWeighted>0</BisWeighted>
      <QtyInPackage>1</QtyInPackage>
      <ItemPrice>11.90</ItemPrice>
      <UnitOfMeasurePrice>7.93</UnitOfMeasurePrice>
      <AllowDiscount>1</AllowDiscount>
      <itemStatus>1</itemStatus>
      <LastUpdateDate />
      <LastUpdateTime />
    </Product>
    <Product>
      <PriceUpdateDate>2019/06/16 08:28</PriceUpdateDate>
      <ItemCode>7290112963918</ItemCode>
      <ItemType>1</ItemType>
      <ItemName>חטיפי קרקר דק רוזמרין 140 גר` פיטנס</ItemName>
      <ManufactureName>קבוצת אסם סחר שות. מוגבלת</ManufactureName>
      <ManufactureCountry />
      <ManufactureItemDescription />
      <UnitQty>יח`</UnitQty>
      <Quantity>140</Quantity>
      <UnitMeasure>גרם</UnitMeasure>
      <BisWeighted>0</BisWeighted>
      <QtyInPackage>1</QtyInPackage>
      <ItemPrice>11.90</ItemPrice>
      <UnitOfMeasurePrice>8.50</UnitOfMeasurePrice>
      <AllowDiscount>1</AllowDiscount>
      <itemStatus>1</itemStatus>
      <LastUpdateDate />
      <LastUpdateTime />
    </Product>
    <Product>
      <PriceUpdateDate>2020/03/31 14:22</PriceUpdateDate>
      <ItemCode>7290112964113</ItemCode>
      <ItemType>1</ItemType>
      <ItemName>חטיפי רולים 200 גר` דוגלי</ItemName>
      <ManufactureName>קבוצת אסם סחר שות. מוגבלת</ManufactureName>
      <ManufactureCountry />
      <ManufactureItemDescription />
      <UnitQty>יח`</UnitQty>
      <Quantity>200</Quantity>
      <UnitMeasure>גרם</UnitMeasure>
      <BisWeighted>0</BisWeighted>
      <QtyInPackage>1</QtyInPackage>
      <ItemPrice>9.90</ItemPrice>
      <UnitOfMeasurePrice>4.95</UnitOfMeasurePrice>
      <AllowDiscount>1</AllowDiscount>
      <itemStatus>1</itemStatus>
      <LastUpdateDate />
      <LastUpdateTime />
    </Product>
    <Product>
      <PriceUpdateDate>2019/07/08 08:20</PriceUpdateDate>
      <ItemCode>7290112964212</ItemCode>
      <ItemType>1</ItemType>
      <ItemName>פסטה קונכיות פתיתים 400 גר` אסם</ItemName>
      <ManufactureName>קבוצת אסם סחר שות. מוגבלת</ManufactureName>
      <ManufactureCountry />
      <ManufactureItemDescription />
      <UnitQty>יח`</UnitQty>
      <Quantity>400</Quantity>
      <UnitMeasure>גרם</UnitMeasure>
      <BisWeighted>0</BisWeighted>
      <QtyInPackage>1</QtyInPackage>
      <ItemPrice>8.90</ItemPrice>
      <UnitOfMeasurePrice>2.23</UnitOfMeasurePrice>
      <AllowDiscount>1</AllowDiscount>
      <itemStatus>1</itemStatus>
      <LastUpdateDate />
      <LastUpdateTime />
    </Product>
    <Product>
      <PriceUpdateDate>2019/06/13 09:55</PriceUpdateDate>
      <ItemCode>7290112964410</ItemCode>
      <ItemType>1</ItemType>
      <ItemName>רוטב אלף האיים לסלט ( 290 גר`) אסם</ItemName>
      <ManufactureName>קבוצת אסם סחר שות. מוגבלת</ManufactureName>
      <ManufactureCountry />
      <ManufactureItemDescription />
      <UnitQty>יח`</UnitQty>
      <Quantity>290</Quantity>
      <UnitMeasure>מ"ל</UnitMeasure>
      <BisWeighted>0</BisWeighted>
      <QtyInPackage>1</QtyInPackage>
      <ItemPrice>11.90</ItemPrice>
      <UnitOfMeasurePrice>4.10</UnitOfMeasurePrice>
      <AllowDiscount>1</AllowDiscount>
      <itemStatus>1</itemStatus>
      <LastUpdateDate />
      <LastUpdateTime />
    </Product>
    <Product>
      <PriceUpdateDate>2019/06/13 09:55</PriceUpdateDate>
      <ItemCode>7290112964434</ItemCode>
      <ItemType>1</ItemType>
      <ItemName>רוטב לסלט קיסר אסם (295 מל)</ItemName>
      <ManufactureName>קבוצת אסם סחר שות. מוגבלת</ManufactureName>
      <ManufactureCountry />
      <ManufactureItemDescription />
      <UnitQty>יח`</UnitQty>
      <Quantity>290</Quantity>
      <UnitMeasure>מ"ל</UnitMeasure>
      <BisWeighted>0</BisWeighted>
      <QtyInPackage>1</QtyInPackage>
      <ItemPrice>11.90</ItemPrice>
      <UnitOfMeasurePrice>4.10</UnitOfMeasurePrice>
      <AllowDiscount>1</AllowDiscount>
      <itemStatus>1</itemStatus>
      <LastUpdateDate />
      <LastUpdateTime />
    </Product>
    <Product>
      <PriceUpdateDate>2019/06/13 09:55</PriceUpdateDate>
      <ItemCode>7290112964458</ItemCode>
      <ItemType>1</ItemType>
      <ItemName>רוטב לסלט וינגרט אסם (295 מל)</ItemName>
      <ManufactureName>קבוצת אסם סחר שות. מוגבלת</ManufactureName>
      <ManufactureCountry />
      <ManufactureItemDescription />
      <UnitQty>יח`</UnitQty>
      <Quantity>295</Quantity>
      <UnitMeasure>מ"ל</UnitMeasure>
      <BisWeighted>0</BisWeighted>
      <QtyInPackage>1</QtyInPackage>
      <ItemPrice>11.90</ItemPrice>
      <UnitOfMeasurePrice>4.03</UnitOfMeasurePrice>
      <AllowDiscount>1</AllowDiscount>
      <itemStatus>1</itemStatus>
      <LastUpdateDate />
      <LastUpdateTime />
    </Product>
    <Product>
      <PriceUpdateDate>2019/06/13 09:55</PriceUpdateDate>
      <ItemCode>7290112964472</ItemCode>
      <ItemType>1</ItemType>
      <ItemName>רוטב שום לסלט (290 גר`) אסם</ItemName>
      <ManufactureName>קבוצת אסם סחר שות. מוגבלת</ManufactureName>
      <ManufactureCountry />
      <ManufactureItemDescription />
      <UnitQty>יח`</UnitQty>
      <Quantity>290</Quantity>
      <UnitMeasure>מ"ל</UnitMeasure>
      <BisWeighted>0</BisWeighted>
      <QtyInPackage>1</QtyInPackage>
      <ItemPrice>11.90</ItemPrice>
      <UnitOfMeasurePrice>4.10</UnitOfMeasurePrice>
      <AllowDiscount>1</AllowDiscount>
      <itemStatus>1</itemStatus>
      <LastUpdateDate />
      <LastUpdateTime />
    </Product>
    <Product>
      <PriceUpdateDate>2019/06/16 08:28</PriceUpdateDate>
      <ItemCode>7290112964564</ItemCode>
      <ItemType>1</ItemType>
      <ItemName>רוטב אלף האיים לייט לסלט אסם (295 מל)</ItemName>
      <ManufactureName>קבוצת אסם סחר שות. מוגבלת</ManufactureName>
      <ManufactureCountry />
      <ManufactureItemDescription />
      <UnitQty>יח`</UnitQty>
      <Quantity>295</Quantity>
      <UnitMeasure>מ"ל</UnitMeasure>
      <BisWeighted>0</BisWeighted>
      <QtyInPackage>1</QtyInPackage>
      <ItemPrice>11.90</ItemPrice>
      <UnitOfMeasurePrice>4.03</UnitOfMeasurePrice>
      <AllowDiscount>1</AllowDiscount>
      <itemStatus>1</itemStatus>
      <LastUpdateDate />
      <LastUpdateTime />
    </Product>
    <Product>
      <PriceUpdateDate>2019/05/17 10:33</PriceUpdateDate>
      <ItemCode>7290112964588</ItemCode>
      <ItemType>1</ItemType>
      <ItemName>רוטב לפאד תאי 290 גר` אסם</ItemName>
      <ManufactureName>קבוצת אסם סחר שות. מוגבלת</ManufactureName>
      <ManufactureCountry />
      <ManufactureItemDescription />
      <UnitQty>יח`</UnitQty>
      <Quantity>290</Quantity>
      <UnitMeasure>מ"ל</UnitMeasure>
      <BisWeighted>0</BisWeighted>
      <QtyInPackage>1</QtyInPackage>
      <ItemPrice>14.90</ItemPrice>
      <UnitOfMeasurePrice>5.14</UnitOfMeasurePrice>
      <AllowDiscount>1</AllowDiscount>
      <itemStatus>1</itemStatus>
      <LastUpdateDate />
      <LastUpdateTime />
    </Product>
    <Product>
      <PriceUpdateDate>2019/05/17 10:33</PriceUpdateDate>
      <ItemCode>7290112964601</ItemCode>
      <ItemType>1</ItemType>
      <ItemName>רוטב בנוסח סצואן 290 מל אסם</ItemName>
      <ManufactureName>קבוצת אסם סחר שות. מוגבלת</ManufactureName>
      <ManufactureCountry />
      <ManufactureItemDescription />
      <UnitQty>יח`</UnitQty>
      <Quantity>290</Quantity>
      <UnitMeasure>מ"ל</UnitMeasure>
      <BisWeighted>0</BisWeighted>
      <QtyInPackage>1</QtyInPackage>
      <ItemPrice>14.90</ItemPrice>
      <UnitOfMeasurePrice>5.14</UnitOfMeasurePrice>
      <AllowDiscount>1</AllowDiscount>
      <itemStatus>1</itemStatus>
      <LastUpdateDate />
      <LastUpdateTime />
    </Product>
    <Product>
      <PriceUpdateDate>2019/06/16 08:28</PriceUpdateDate>
      <ItemCode>7290112965042</ItemCode>
      <ItemType>1</ItemType>
      <ItemName>מנה חמה פסטה ברוטב פטריות מוקרם 64  גר`א</ItemName>
      <ManufactureName>קבוצת אסם סחר שות. מוגבלת</ManufactureName>
      <ManufactureCountry />
      <ManufactureItemDescription />
      <UnitQty>יח`</UnitQty>
      <Quantity>64</Quantity>
      <UnitMeasure>גרם</UnitMeasure>
      <BisWeighted>0</BisWeighted>
      <QtyInPackage>1</QtyInPackage>
      <ItemPrice>6.90</ItemPrice>
      <UnitOfMeasurePrice>10.78</UnitOfMeasurePrice>
      <AllowDiscount>1</AllowDiscount>
      <itemStatus>1</itemStatus>
      <LastUpdateDate />
      <LastUpdateTime />
    </Product>
    <Product>
      <PriceUpdateDate>2019/08/20 08:24</PriceUpdateDate>
      <ItemCode>7290112965240</ItemCode>
      <ItemType>1</ItemType>
      <ItemName>זוג מרק נמס עגבניות 34  גר`אסם בדצ</ItemName>
      <ManufactureName>קבוצת אסם סחר שות. מוגבלת</ManufactureName>
      <ManufactureCountry />
      <ManufactureItemDescription />
      <UnitQty>יח`</UnitQty>
      <Quantity>34</Quantity>
      <UnitMeasure>גרם</UnitMeasure>
      <BisWeighted>0</BisWeighted>
      <QtyInPackage>1</QtyInPackage>
      <ItemPrice>6.90</ItemPrice>
      <UnitOfMeasurePrice>20.29</UnitOfMeasurePrice>
      <AllowDiscount>0</AllowDiscount>
      <itemStatus>1</itemStatus>
      <LastUpdateDate />
      <LastUpdateTime />
    </Product>
    <Product>
      <PriceUpdateDate>2019/08/21 09:47</PriceUpdateDate>
      <ItemCode>7290112965301</ItemCode>
      <ItemType>1</ItemType>
      <ItemName>מרק נמס סוף זוג טעם עוף 38  גר`אסם</ItemName>
      <ManufactureName>קבוצת אסם סחר שות. מוגבלת</ManufactureName>
      <ManufactureCountry />
      <ManufactureItemDescription />
      <UnitQty>יח`</UnitQty>
      <Quantity>38</Quantity>
      <UnitMeasure>גרם</UnitMeasure>
      <BisWeighted>0</BisWeighted>
      <QtyInPackage>1</QtyInPackage>
      <ItemPrice>6.90</ItemPrice>
      <UnitOfMeasurePrice>18.16</UnitOfMeasurePrice>
      <AllowDiscount>0</AllowDiscount>
      <itemStatus>1</itemStatus>
      <LastUpdateDate />
      <LastUpdateTime />
    </Product>
    <Product>
      <PriceUpdateDate>2019/09/27 16:13</PriceUpdateDate>
      <ItemCode>7290112965363</ItemCode>
      <ItemType>1</ItemType>
      <ItemName>קציצת קינואה וברוקולי 525  גר`טבעול</ItemName>
      <ManufactureName>קבוצת אסם סחר שות. מוגבלת</ManufactureName>
      <ManufactureCountry />
      <ManufactureItemDescription />
      <UnitQty>יח`</UnitQty>
      <Quantity>525</Quantity>
      <UnitMeasure>גרם</UnitMeasure>
      <BisWeighted>0</BisWeighted>
      <QtyInPackage>1</QtyInPackage>
      <ItemPrice>32.90</ItemPrice>
      <UnitOfMeasurePrice>6.27</UnitOfMeasurePrice>
      <AllowDiscount>0</AllowDiscount>
      <itemStatus>1</itemStatus>
      <LastUpdateDate />
      <LastUpdateTime />
    </Product>
    <Product>
      <PriceUpdateDate>2019/07/08 08:20</PriceUpdateDate>
      <ItemCode>7290112965585</ItemCode>
      <ItemType>1</ItemType>
      <ItemName>פסטה קסרצה 500 גר` פרפקטו אסם</ItemName>
      <ManufactureName>קבוצת אסם סחר שות. מוגבלת</ManufactureName>
      <ManufactureCountry />
      <ManufactureItemDescription />
      <UnitQty>יח`</UnitQty>
      <Quantity>500</Quantity>
      <UnitMeasure>גרם</UnitMeasure>
      <BisWeighted>0</BisWeighted>
      <QtyInPackage>1</QtyInPackage>
      <ItemPrice>6.90</ItemPrice>
      <UnitOfMeasurePrice>1.38</UnitOfMeasurePrice>
      <AllowDiscount>1</AllowDiscount>
      <itemStatus>1</itemStatus>
      <LastUpdateDate />
      <LastUpdateTime />
    </Product>
    <Product>
      <PriceUpdateDate>2019/12/17 08:09</PriceUpdateDate>
      <ItemCode>7290112965622</ItemCode>
      <ItemType>1</ItemType>
      <ItemName>חטיפי קרקר במליחות מעודנת 300  גר`אסם</ItemName>
      <ManufactureName>קבוצת אסם סחר שות. מוגבלת</ManufactureName>
      <ManufactureCountry />
      <ManufactureItemDescription />
      <UnitQty>יח`</UnitQty>
      <Quantity>300</Quantity>
      <UnitMeasure>גרם</UnitMeasure>
      <BisWeighted>0</BisWeighted>
      <QtyInPackage>1</QtyInPackage>
      <ItemPrice>11.90</ItemPrice>
      <UnitOfMeasurePrice>3.97</UnitOfMeasurePrice>
      <AllowDiscount>0</AllowDiscount>
      <itemStatus>1</itemStatus>
      <LastUpdateDate />
      <LastUpdateTime />
    </Product>
    <Product>
      <PriceUpdateDate>2019/12/17 08:09</PriceUpdateDate>
      <ItemCode>7290112965868</ItemCode>
      <ItemType>1</ItemType>
      <ItemName>קרם קרקר במליחות מעודנת 250 גר` אסם</ItemName>
      <ManufactureName>קבוצת אסם סחר שות. מוגבלת</ManufactureName>
      <ManufactureCountry />
      <ManufactureItemDescription />
      <UnitQty>יח`</UnitQty>
      <Quantity>250</Quantity>
      <UnitMeasure>גרם</UnitMeasure>
      <BisWeighted>0</BisWeighted>
      <QtyInPackage>1</QtyInPackage>
      <ItemPrice>9.90</ItemPrice>
      <UnitOfMeasurePrice>3.96</UnitOfMeasurePrice>
      <AllowDiscount>1</AllowDiscount>
      <itemStatus>1</itemStatus>
      <LastUpdateDate />
      <LastUpdateTime />
    </Product>
    <Product>
      <PriceUpdateDate>2019/12/18 13:48</PriceUpdateDate>
      <ItemCode>7290112966025</ItemCode>
      <ItemType>1</ItemType>
      <ItemName>בייגלה כפיות כפרי טוגו 60  גר`אסם</ItemName>
      <ManufactureName>קבוצת אסם סחר שות. מוגבלת</ManufactureName>
      <ManufactureCountry />
      <ManufactureItemDescription />
      <UnitQty>יח`</UnitQty>
      <Quantity>60</Quantity>
      <UnitMeasure>גרם</UnitMeasure>
      <BisWeighted>0</BisWeighted>
      <QtyInPackage>1</QtyInPackage>
      <ItemPrice>2.90</ItemPrice>
      <UnitOfMeasurePrice>4.83</UnitOfMeasurePrice>
      <AllowDiscount>0</AllowDiscount>
      <itemStatus>1</itemStatus>
      <LastUpdateDate />
      <LastUpdateTime />
    </Product>
    <Product>
      <PriceUpdateDate>2019/12/17 08:09</PriceUpdateDate>
      <ItemCode>7290112966094</ItemCode>
      <ItemType>1</ItemType>
      <ItemName>עוגת הבית בטעם תפוז מופחת סוכר אסם (400</ItemName>
      <ManufactureName>קבוצת אסם סחר שות. מוגבלת</ManufactureName>
      <ManufactureCountry />
      <ManufactureItemDescription />
      <UnitQty>יח`</UnitQty>
      <Quantity>400</Quantity>
      <UnitMeasure>גרם</UnitMeasure>
      <BisWeighted>0</BisWeighted>
      <QtyInPackage>1</QtyInPackage>
      <ItemPrice>11.90</ItemPrice>
      <UnitOfMeasurePrice>2.98</UnitOfMeasurePrice>
      <AllowDiscount>0</AllowDiscount>
      <itemStatus>1</itemStatus>
      <LastUpdateDate />
      <LastUpdateTime />
    </Product>
    <Product>
      <PriceUpdateDate>2019/11/13 16:16</PriceUpdateDate>
      <ItemCode>7290112966506</ItemCode>
      <ItemType>1</ItemType>
      <ItemName>קוקטייל זיתים בית השיטה (336 גרם)</ItemName>
      <ManufactureName>קבוצת אסם סחר שות. מוגבלת</ManufactureName>
      <ManufactureCountry />
      <ManufactureItemDescription />
      <UnitQty>יח`</UnitQty>
      <Quantity>336</Quantity>
      <UnitMeasure>גרם</UnitMeasure>
      <BisWeighted>0</BisWeighted>
      <QtyInPackage>1</QtyInPackage>
      <ItemPrice>11.90</ItemPrice>
      <UnitOfMeasurePrice>3.54</UnitOfMeasurePrice>
      <AllowDiscount>0</AllowDiscount>
      <itemStatus>1</itemStatus>
      <LastUpdateDate />
      <LastUpdateTime />
    </Product>
    <Product>
      <PriceUpdateDate>2019/10/10 07:08</PriceUpdateDate>
      <ItemCode>7290112966728</ItemCode>
      <ItemType>1</ItemType>
      <ItemName>טחינה בלאדי פלפלים חריפים 350 גר` צבר</ItemName>
      <ManufactureName>קבוצת אסם סחר שות. מוגבלת</ManufactureName>
      <ManufactureCountry />
      <ManufactureItemDescription />
      <UnitQty>יח`</UnitQty>
      <Quantity>350</Quantity>
      <UnitMeasure>גרם</UnitMeasure>
      <BisWeighted>0</BisWeighted>
      <QtyInPackage>1</QtyInPackage>
      <ItemPrice>14.90</ItemPrice>
      <UnitOfMeasurePrice>4.26</UnitOfMeasurePrice>
      <AllowDiscount>1</AllowDiscount>
      <itemStatus>1</itemStatus>
      <LastUpdateDate />
      <LastUpdateTime />
    </Product>
    <Product>
      <PriceUpdateDate>2019/12/18 13:48</PriceUpdateDate>
      <ItemCode>7290112966803</ItemCode>
      <ItemType>1</ItemType>
      <ItemName>אינסטנט פודינג בטעם שוקולד אסם (88 גרם</ItemName>
      <ManufactureName>קבוצת אסם סחר שות. מוגבלת</ManufactureName>
      <ManufactureCountry />
      <ManufactureItemDescription />
      <UnitQty>יח`</UnitQty>
      <Quantity>88</Quantity>
      <UnitMeasure>גרם</UnitMeasure>
      <BisWeighted>0</BisWeighted>
      <QtyInPackage>1</QtyInPackage>
      <ItemPrice>5.90</ItemPrice>
      <UnitOfMeasurePrice>6.70</UnitOfMeasurePrice>
      <AllowDiscount>1</AllowDiscount>
      <itemStatus>1</itemStatus>
      <LastUpdateDate />
      <LastUpdateTime />
    </Product>
    <Product>
      <PriceUpdateDate>2019/12/18 13:48</PriceUpdateDate>
      <ItemCode>7290112966841</ItemCode>
      <ItemType>1</ItemType>
      <ItemName>פודינג בטעם שוקולד מריר 90 גר` אסם</ItemName>
      <ManufactureName>קבוצת אסם סחר שות. מוגבלת</ManufactureName>
      <ManufactureCountry />
      <ManufactureItemDescription />
      <UnitQty>יח`</UnitQty>
      <Quantity>90</Quantity>
      <UnitMeasure>גרם</UnitMeasure>
      <BisWeighted>0</BisWeighted>
      <QtyInPackage>1</QtyInPackage>
      <ItemPrice>5.90</ItemPrice>
      <UnitOfMeasurePrice>6.56</UnitOfMeasurePrice>
      <AllowDiscount>1</AllowDiscount>
      <itemStatus>1</itemStatus>
      <LastUpdateDate />
      <LastUpdateTime />
    </Product>
    <Product>
      <PriceUpdateDate>2020/04/03 09:53</PriceUpdateDate>
      <ItemCode>7290112967404</ItemCode>
      <ItemType>1</ItemType>
      <ItemName>רוטב אלף האיים לסלט 290 גר כשלפ</ItemName>
      <ManufactureName>קבוצת אסם סחר שות. מוגבלת</ManufactureName>
      <ManufactureCountry />
      <ManufactureItemDescription />
      <UnitQty>יח`</UnitQty>
      <Quantity>290</Quantity>
      <UnitMeasure>גרם</UnitMeasure>
      <BisWeighted>0</BisWeighted>
      <QtyInPackage>1</QtyInPackage>
      <ItemPrice>11.90</ItemPrice>
      <UnitOfMeasurePrice>4.10</UnitOfMeasurePrice>
      <AllowDiscount>0</AllowDiscount>
      <itemStatus>1</itemStatus>
      <LastUpdateDate />
      <LastUpdateTime />
    </Product>
    <Product>
      <PriceUpdateDate>2020/01/24 09:43</PriceUpdateDate>
      <ItemCode>7290112967923</ItemCode>
      <ItemType>1</ItemType>
      <ItemName>במבה תינוקת אסם (80 גרם)</ItemName>
      <ManufactureName>קבוצת אסם סחר שות. מוגבלת</ManufactureName>
      <ManufactureCountry />
      <ManufactureItemDescription />
      <UnitQty>יח`</UnitQty>
      <Quantity>80</Quantity>
      <UnitMeasure>גרם</UnitMeasure>
      <BisWeighted>0</BisWeighted>
      <QtyInPackage>1</QtyInPackage>
      <ItemPrice>4.30</ItemPrice>
      <UnitOfMeasurePrice>5.38</UnitOfMeasurePrice>
      <AllowDiscount>1</AllowDiscount>
      <itemStatus>1</itemStatus>
      <LastUpdateDate />
      <LastUpdateTime />
    </Product>
    <Product>
      <PriceUpdateDate>2020/01/24 09:43</PriceUpdateDate>
      <ItemCode>7290112967992</ItemCode>
      <ItemType>1</ItemType>
      <ItemName>חטיף פופקו ים מארז כשר לפסח 20גר`*8 אסם</ItemName>
      <ManufactureName>קבוצת אסם סחר שות. מוגבלת</ManufactureName>
      <ManufactureCountry />
      <ManufactureItemDescription />
      <UnitQty>יח`</UnitQty>
      <Quantity>80</Quantity>
      <UnitMeasure>גרם</UnitMeasure>
      <BisWeighted>0</BisWeighted>
      <QtyInPackage>1</QtyInPackage>
      <ItemPrice>13.90</ItemPrice>
      <UnitOfMeasurePrice>17.38</UnitOfMeasurePrice>
      <AllowDiscount>1</AllowDiscount>
      <itemStatus>1</itemStatus>
      <LastUpdateDate />
      <LastUpdateTime />
    </Product>
    <Product>
      <PriceUpdateDate>2019/12/17 08:09</PriceUpdateDate>
      <ItemCode>7290112968586</ItemCode>
      <ItemType>1</ItemType>
      <ItemName>מרק עגבניות רכיבים טבעיים אסם (400 גרם)</ItemName>
      <ManufactureName>קבוצת אסם סחר שות. מוגבלת</ManufactureName>
      <ManufactureCountry />
      <ManufactureItemDescription />
      <UnitQty>יח`</UnitQty>
      <Quantity>400</Quantity>
      <UnitMeasure>גרם</UnitMeasure>
      <BisWeighted>0</BisWeighted>
      <QtyInPackage>1</QtyInPackage>
      <ItemPrice>27</ItemPrice>
      <UnitOfMeasurePrice>6.75</UnitOfMeasurePrice>
      <AllowDiscount>1</AllowDiscount>
      <itemStatus>1</itemStatus>
      <LastUpdateDate />
      <LastUpdateTime />
    </Product>
    <Product>
      <PriceUpdateDate>2020/03/26 10:00</PriceUpdateDate>
      <ItemCode>7290113192355</ItemCode>
      <ItemType>1</ItemType>
      <ItemName>זיתים חרוזית ירוק A2 בית השיטה</ItemName>
      <ManufactureName>קבוצת אסם סחר שות. מוגבלת</ManufactureName>
      <ManufactureCountry />
      <ManufactureItemDescription />
      <UnitQty>יח`</UnitQty>
      <Quantity>560</Quantity>
      <UnitMeasure>גרם</UnitMeasure>
      <BisWeighted>0</BisWeighted>
      <QtyInPackage>1</QtyInPackage>
      <ItemPrice>9.90</ItemPrice>
      <UnitOfMeasurePrice>1.77</UnitOfMeasurePrice>
      <AllowDiscount>0</AllowDiscount>
      <itemStatus>1</itemStatus>
      <LastUpdateDate />
      <LastUpdateTime />
    </Product>
    <Product>
      <PriceUpdateDate>2020/03/27 09:26</PriceUpdateDate>
      <ItemCode>7290113192362</ItemCode>
      <ItemType>1</ItemType>
      <ItemName>זיתים ירוקים טבעות (560  גרם)בית השיטה.</ItemName>
      <ManufactureName>קבוצת אסם סחר שות. מוגבלת</ManufactureName>
      <ManufactureCountry />
      <ManufactureItemDescription />
      <UnitQty>יח`</UnitQty>
      <Quantity>560</Quantity>
      <UnitMeasure>גרם</UnitMeasure>
      <BisWeighted>0</BisWeighted>
      <QtyInPackage>1</QtyInPackage>
      <ItemPrice>9.90</ItemPrice>
      <UnitOfMeasurePrice>1.77</UnitOfMeasurePrice>
      <AllowDiscount>0</AllowDiscount>
      <itemStatus>1</itemStatus>
      <LastUpdateDate />
      <LastUpdateTime />
    </Product>
    <Product>
      <PriceUpdateDate>2020/03/27 09:26</PriceUpdateDate>
      <ItemCode>7290113192386</ItemCode>
      <ItemType>1</ItemType>
      <ItemName>זיתים סורי מבוקע A2 בית השיטה</ItemName>
      <ManufactureName>קבוצת אסם סחר שות. מוגבלת</ManufactureName>
      <ManufactureCountry />
      <ManufactureItemDescription />
      <UnitQty>יח`</UnitQty>
      <Quantity>560</Quantity>
      <UnitMeasure>גרם</UnitMeasure>
      <BisWeighted>0</BisWeighted>
      <QtyInPackage>1</QtyInPackage>
      <ItemPrice>11.90</ItemPrice>
      <UnitOfMeasurePrice>2.13</UnitOfMeasurePrice>
      <AllowDiscount>0</AllowDiscount>
      <itemStatus>1</itemStatus>
      <LastUpdateDate />
      <LastUpdateTime />
    </Product>
    <Product>
      <PriceUpdateDate>2020/02/19 16:33</PriceUpdateDate>
      <ItemCode>7290113193000</ItemCode>
      <ItemType>1</ItemType>
      <ItemName>פלפל שיפקונית 230  גר`בית השיטה</ItemName>
      <ManufactureName>קבוצת אסם סחר שות. מוגבלת</ManufactureName>
      <ManufactureCountry />
      <ManufactureItemDescription />
      <UnitQty>יח`</UnitQty>
      <Quantity>340</Quantity>
      <UnitMeasure>גרם</UnitMeasure>
      <BisWeighted>0</BisWeighted>
      <QtyInPackage>1</QtyInPackage>
      <ItemPrice>9.90</ItemPrice>
      <UnitOfMeasurePrice>2.91</UnitOfMeasurePrice>
      <AllowDiscount>0</AllowDiscount>
      <itemStatus>1</itemStatus>
      <LastUpdateDate />
      <LastUpdateTime />
    </Product>
    <Product>
      <PriceUpdateDate>2020/02/19 16:33</PriceUpdateDate>
      <ItemCode>7290113193031</ItemCode>
      <ItemType>1</ItemType>
      <ItemName>חרוזית קלמטה 275  גר`בית השיטה</ItemName>
      <ManufactureName>קבוצת אסם סחר שות. מוגבלת</ManufactureName>
      <ManufactureCountry />
      <ManufactureItemDescription />
      <UnitQty>יח`</UnitQty>
      <Quantity>275</Quantity>
      <UnitMeasure>גרם</UnitMeasure>
      <BisWeighted>0</BisWeighted>
      <QtyInPackage>1</QtyInPackage>
      <ItemPrice>10.90</ItemPrice>
      <UnitOfMeasurePrice>3.96</UnitOfMeasurePrice>
      <AllowDiscount>0</AllowDiscount>
      <itemStatus>1</itemStatus>
      <LastUpdateDate />
      <LastUpdateTime />
    </Product>
    <Product>
      <PriceUpdateDate>2020/04/27 16:29</PriceUpdateDate>
      <ItemCode>7290113194243</ItemCode>
      <ItemType>1</ItemType>
      <ItemName>ירקות מעורבים 500 גר`</ItemName>
      <ManufactureName>קונסיגנציה דין שיווק וקליה בעמ</ManufactureName>
      <ManufactureCountry />
      <ManufactureItemDescription />
      <UnitQty>יח`</UnitQty>
      <Quantity>1</Quantity>
      <UnitMeasure />
      <BisWeighted>0</BisWeighted>
      <QtyInPackage>1</QtyInPackage>
      <ItemPrice>19.90</ItemPrice>
      <UnitOfMeasurePrice>19.90</UnitOfMeasurePrice>
      <AllowDiscount>0</AllowDiscount>
      <itemStatus>1</itemStatus>
      <LastUpdateDate />
      <LastUpdateTime />
    </Product>
    <Product>
      <PriceUpdateDate>2019/11/03 10:37</PriceUpdateDate>
      <ItemCode>7290113319851</ItemCode>
      <ItemType>1</ItemType>
      <ItemName>שקית בלונים -12כוכבים  זהב ותכלת 5 יח</ItemName>
      <ManufactureName>שמחה זה אנחנו בעמ</ManufactureName>
      <ManufactureCountry />
      <ManufactureItemDescription />
      <UnitQty>יח`</UnitQty>
      <Quantity>1</Quantity>
      <UnitMeasure />
      <BisWeighted>0</BisWeighted>
      <QtyInPackage>1</QtyInPackage>
      <ItemPrice>11.90</ItemPrice>
      <UnitOfMeasurePrice>11.90</UnitOfMeasurePrice>
      <AllowDiscount>0</AllowDiscount>
      <itemStatus>1</itemStatus>
      <LastUpdateDate />
      <LastUpdateTime />
    </Product>
    <Product>
      <PriceUpdateDate>2019/11/03 10:37</PriceUpdateDate>
      <ItemCode>7290113319875</ItemCode>
      <ItemType>1</ItemType>
      <ItemName>שקית בלונים -12קונפטרי  זהב וורדים 5 יח</ItemName>
      <ManufactureName>שמחה זה אנחנו בעמ</ManufactureName>
      <ManufactureCountry />
      <ManufactureItemDescription />
      <UnitQty>יח`</UnitQty>
      <Quantity>1</Quantity>
      <UnitMeasure />
      <BisWeighted>0</BisWeighted>
      <QtyInPackage>1</QtyInPackage>
      <ItemPrice>11.90</ItemPrice>
      <UnitOfMeasurePrice>11.90</UnitOfMeasurePrice>
      <AllowDiscount>0</AllowDiscount>
      <itemStatus>1</itemStatus>
      <LastUpdateDate />
      <LastUpdateTime />
    </Product>
    <Product>
      <PriceUpdateDate>2019/11/11 15:03</PriceUpdateDate>
      <ItemCode>7290113596917</ItemCode>
      <ItemType>1</ItemType>
      <ItemName>קערה במבוק פרוזן ll</ItemName>
      <ManufactureName>שמחה זה אנחנו בעמ</ManufactureName>
      <ManufactureCountry />
      <ManufactureItemDescription />
      <UnitQty>יח`</UnitQty>
      <Quantity>1</Quantity>
      <UnitMeasure />
      <BisWeighted>0</BisWeighted>
      <QtyInPackage>1</QtyInPackage>
      <ItemPrice>9.90</ItemPrice>
      <UnitOfMeasurePrice>9.90</UnitOfMeasurePrice>
      <AllowDiscount>0</AllowDiscount>
      <itemStatus>1</itemStatus>
      <LastUpdateDate />
      <LastUpdateTime />
    </Product>
    <Product>
      <PriceUpdateDate>2020/02/14 12:07</PriceUpdateDate>
      <ItemCode>7290114600156</ItemCode>
      <ItemType>1</ItemType>
      <ItemName>פוף טבעות בצל 50 גר` כשר לפסח</ItemName>
      <ManufactureName>ש.שסטוביץ בעמ</ManufactureName>
      <ManufactureCountry />
      <ManufactureItemDescription />
      <UnitQty>יח`</UnitQty>
      <Quantity>50</Quantity>
      <UnitMeasure>גרם</UnitMeasure>
      <BisWeighted>0</BisWeighted>
      <QtyInPackage>1</QtyInPackage>
      <ItemPrice>3.90</ItemPrice>
      <UnitOfMeasurePrice>7.80</UnitOfMeasurePrice>
      <AllowDiscount>1</AllowDiscount>
      <itemStatus>1</itemStatus>
      <LastUpdateDate />
      <LastUpdateTime />
    </Product>
    <Product>
      <PriceUpdateDate>2017/05/04 08:32</PriceUpdateDate>
      <ItemCode>7290900010367</ItemCode>
      <ItemType>1</ItemType>
      <ItemName>טורטיה 360 גר AVEL</ItemName>
      <ManufactureName>אבאל יזמות בעמ</ManufactureName>
      <ManufactureCountry />
      <ManufactureItemDescription />
      <UnitQty>יח`</UnitQty>
      <Quantity>360</Quantity>
      <UnitMeasure>גרם</UnitMeasure>
      <BisWeighted>0</BisWeighted>
      <QtyInPackage>1</QtyInPackage>
      <ItemPrice>8.90</ItemPrice>
      <UnitOfMeasurePrice>2.47</UnitOfMeasurePrice>
      <AllowDiscount>1</AllowDiscount>
      <itemStatus>1</itemStatus>
      <LastUpdateDate />
      <LastUpdateTime />
    </Product>
    <Product>
      <PriceUpdateDate>2018/02/07 15:51</PriceUpdateDate>
      <ItemCode>7290900010664</ItemCode>
      <ItemType>1</ItemType>
      <ItemName>ניוקי בטטה (1 קג) Avel</ItemName>
      <ManufactureName>אבאל יזמות בעמ</ManufactureName>
      <ManufactureCountry />
      <ManufactureItemDescription />
      <UnitQty>יח`</UnitQty>
      <Quantity>1000</Quantity>
      <UnitMeasure>גרם</UnitMeasure>
      <BisWeighted>0</BisWeighted>
      <QtyInPackage>1</QtyInPackage>
      <ItemPrice>9.90</ItemPrice>
      <UnitOfMeasurePrice>0.99</UnitOfMeasurePrice>
      <AllowDiscount>1</AllowDiscount>
      <itemStatus>1</itemStatus>
      <LastUpdateDate />
      <LastUpdateTime />
    </Product>
    <Product>
      <PriceUpdateDate>2015/11/30 14:34</PriceUpdateDate>
      <ItemCode>7501013100990</ItemCode>
      <ItemType>1</ItemType>
      <ItemName>ג`ומקס נקטר 500 מל קוקוס אננס</ItemName>
      <ManufactureName>טמפו משקאות בעמ</ManufactureName>
      <ManufactureCountry />
      <ManufactureItemDescription />
      <UnitQty>יח`</UnitQty>
      <Quantity>500</Quantity>
      <UnitMeasure>מ"ל</UnitMeasure>
      <BisWeighted>0</BisWeighted>
      <QtyInPackage>1</QtyInPackage>
      <ItemPrice>8.20</ItemPrice>
      <UnitOfMeasurePrice>1.58</UnitOfMeasurePrice>
      <AllowDiscount>0</AllowDiscount>
      <itemStatus>1</itemStatus>
      <LastUpdateDate />
      <LastUpdateTime />
    </Product>
    <Product>
      <PriceUpdateDate>2019/12/15 08:20</PriceUpdateDate>
      <ItemCode>7501013101362</ItemCode>
      <ItemType>1</ItemType>
      <ItemName>ג`ומקס משקה קוקו</ItemName>
      <ManufactureName>טמפו משקאות בעמ</ManufactureName>
      <ManufactureCountry />
      <ManufactureItemDescription />
      <UnitQty>יח`</UnitQty>
      <Quantity>1</Quantity>
      <UnitMeasure />
      <BisWeighted>0</BisWeighted>
      <QtyInPackage>1</QtyInPackage>
      <ItemPrice>6.90</ItemPrice>
      <UnitOfMeasurePrice>6.90</UnitOfMeasurePrice>
      <AllowDiscount>1</AllowDiscount>
      <itemStatus>1</itemStatus>
      <LastUpdateDate />
      <LastUpdateTime />
    </Product>
    <Product>
      <PriceUpdateDate>2020/02/03 08:43</PriceUpdateDate>
      <ItemCode>7501013122039</ItemCode>
      <ItemType>1</ItemType>
      <ItemName>נקטר מנגו קרטונית ליטר גו`מקס</ItemName>
      <ManufactureName>טמפו משקאות בעמ</ManufactureName>
      <ManufactureCountry />
      <ManufactureItemDescription />
      <UnitQty>יח`</UnitQty>
      <Quantity>1</Quantity>
      <UnitMeasure />
      <BisWeighted>0</BisWeighted>
      <QtyInPackage>1</QtyInPackage>
      <ItemPrice>7.90</ItemPrice>
      <UnitOfMeasurePrice>7.90</UnitOfMeasurePrice>
      <AllowDiscount>1</AllowDiscount>
      <itemStatus>1</itemStatus>
      <LastUpdateDate />
      <LastUpdateTime />
    </Product>
    <Product>
      <PriceUpdateDate>2020/02/03 08:43</PriceUpdateDate>
      <ItemCode>7501013122114</ItemCode>
      <ItemType>1</ItemType>
      <ItemName>נקטר אננס קרטונית ליטר גומקס</ItemName>
      <ManufactureName>טמפו משקאות בעמ</ManufactureName>
      <ManufactureCountry />
      <ManufactureItemDescription />
      <UnitQty>יח`</UnitQty>
      <Quantity>1</Quantity>
      <UnitMeasure />
      <BisWeighted>0</BisWeighted>
      <QtyInPackage>1</QtyInPackage>
      <ItemPrice>7.90</ItemPrice>
      <UnitOfMeasurePrice>7.90</UnitOfMeasurePrice>
      <AllowDiscount>1</AllowDiscount>
      <itemStatus>1</itemStatus>
      <LastUpdateDate />
      <LastUpdateTime />
    </Product>
    <Product>
      <PriceUpdateDate>2020/02/03 08:43</PriceUpdateDate>
      <ItemCode>7501013122992</ItemCode>
      <ItemType>1</ItemType>
      <ItemName>משקה קוקוס אננס קרטונית ליטר גו`מקס</ItemName>
      <ManufactureName>טמפו משקאות בעמ</ManufactureName>
      <ManufactureCountry />
      <ManufactureItemDescription />
      <UnitQty>יח`</UnitQty>
      <Quantity>1</Quantity>
      <UnitMeasure />
      <BisWeighted>0</BisWeighted>
      <QtyInPackage>1</QtyInPackage>
      <ItemPrice>7.90</ItemPrice>
      <UnitOfMeasurePrice>7.90</UnitOfMeasurePrice>
      <AllowDiscount>1</AllowDiscount>
      <itemStatus>1</itemStatus>
      <LastUpdateDate />
      <LastUpdateTime />
    </Product>
    <Product>
      <PriceUpdateDate>2020/02/03 10:28</PriceUpdateDate>
      <ItemCode>7501013138047</ItemCode>
      <ItemType>1</ItemType>
      <ItemName>משקה רימונים קרטונית ליטר יונקו פרסקו</ItemName>
      <ManufactureName>טמפו משקאות בעמ</ManufactureName>
      <ManufactureCountry />
      <ManufactureItemDescription />
      <UnitQty>יח`</UnitQty>
      <Quantity>1</Quantity>
      <UnitMeasure>1 ליטר</UnitMeasure>
      <BisWeighted>0</BisWeighted>
      <QtyInPackage>1</QtyInPackage>
      <ItemPrice>9.90</ItemPrice>
      <UnitOfMeasurePrice>9.90</UnitOfMeasurePrice>
      <AllowDiscount>1</AllowDiscount>
      <itemStatus>1</itemStatus>
      <LastUpdateDate />
      <LastUpdateTime />
    </Product>
    <Product>
      <PriceUpdateDate>2019/06/25 10:31</PriceUpdateDate>
      <ItemCode>7501064191398</ItemCode>
      <ItemType>1</ItemType>
      <ItemName>בירה אקסטרה קורונה (355x6 מל) בקבוק</ItemName>
      <ManufactureName>תימקו בירה בעמ</ManufactureName>
      <ManufactureCountry />
      <ManufactureItemDescription />
      <UnitQty>יח`</UnitQty>
      <Quantity>2.13</Quantity>
      <UnitMeasure>1 ליטר</UnitMeasure>
      <BisWeighted>0</BisWeighted>
      <QtyInPackage>1</QtyInPackage>
      <ItemPrice>34.90</ItemPrice>
      <UnitOfMeasurePrice>15.54</UnitOfMeasurePrice>
      <AllowDiscount>0</AllowDiscount>
      <itemStatus>1</itemStatus>
      <LastUpdateDate />
      <LastUpdateTime />
    </Product>
    <Product>
      <PriceUpdateDate>2017/05/04 12:43</PriceUpdateDate>
      <ItemCode>7610100034084</ItemCode>
      <ItemType>1</ItemType>
      <ItemName>מיונז טומי שפורפרת 265 גר</ItemName>
      <ManufactureName>ליימן שליסל בעמ</ManufactureName>
      <ManufactureCountry />
      <ManufactureItemDescription />
      <UnitQty>יח`</UnitQty>
      <Quantity>265</Quantity>
      <UnitMeasure>גרם</UnitMeasure>
      <BisWeighted>0</BisWeighted>
      <QtyInPackage>1</QtyInPackage>
      <ItemPrice>12.90</ItemPrice>
      <UnitOfMeasurePrice>4.87</UnitOfMeasurePrice>
      <AllowDiscount>1</AllowDiscount>
      <itemStatus>1</itemStatus>
      <LastUpdateDate />
      <LastUpdateTime />
    </Product>
    <Product>
      <PriceUpdateDate>2016/10/09 08:17</PriceUpdateDate>
      <ItemCode>7610243004463</ItemCode>
      <ItemType>1</ItemType>
      <ItemName>דורגול מרסס מסיר אבנית יעקבי (600 מל)</ItemName>
      <ManufactureName>יעקב יעקבי ובניו בעמ</ManufactureName>
      <ManufactureCountry />
      <ManufactureItemDescription />
      <UnitQty>יח`</UnitQty>
      <Quantity>600</Quantity>
      <UnitMeasure>מ"ל</UnitMeasure>
      <BisWeighted>0</BisWeighted>
      <QtyInPackage>1</QtyInPackage>
      <ItemPrice>19.90</ItemPrice>
      <UnitOfMeasurePrice>3.32</UnitOfMeasurePrice>
      <AllowDiscount>0</AllowDiscount>
      <itemStatus>1</itemStatus>
      <LastUpdateDate />
      <LastUpdateTime />
    </Product>
    <Product>
      <PriceUpdateDate>2015/12/01 18:43</PriceUpdateDate>
      <ItemCode>7610400070577</ItemCode>
      <ItemType>1</ItemType>
      <ItemName>אקסלנס שוקולד צ`ילי לינדט (100 גרם)</ItemName>
      <ManufactureName>משה סידס ובנו בעמ</ManufactureName>
      <ManufactureCountry />
      <ManufactureItemDescription />
      <UnitQty>יח`</UnitQty>
      <Quantity>100</Quantity>
      <UnitMeasure>גרם</UnitMeasure>
      <BisWeighted>0</BisWeighted>
      <QtyInPackage>1</QtyInPackage>
      <ItemPrice>15.90</ItemPrice>
      <UnitOfMeasurePrice>15.90</UnitOfMeasurePrice>
      <AllowDiscount>0</AllowDiscount>
      <itemStatus>1</itemStatus>
      <LastUpdateDate />
      <LastUpdateTime />
    </Product>
    <Product>
      <PriceUpdateDate>2018/04/13 10:24</PriceUpdateDate>
      <ItemCode>7613030979647</ItemCode>
      <ItemType>1</ItemType>
      <ItemName>טריקס נסטלה (480 גרם)</ItemName>
      <ManufactureName>קבוצת אסם סחר שות. מוגבלת</ManufactureName>
      <ManufactureCountry />
      <ManufactureItemDescription />
      <UnitQty>יח`</UnitQty>
      <Quantity>480</Quantity>
      <UnitMeasure>גרם</UnitMeasure>
      <BisWeighted>0</BisWeighted>
      <QtyInPackage>1</QtyInPackage>
      <ItemPrice>26.90</ItemPrice>
      <UnitOfMeasurePrice>5.60</UnitOfMeasurePrice>
      <AllowDiscount>1</AllowDiscount>
      <itemStatus>1</itemStatus>
      <LastUpdateDate />
      <LastUpdateTime />
    </Product>
    <Product>
      <PriceUpdateDate>2015/04/29 11:20</PriceUpdateDate>
      <ItemCode>7613032045753</ItemCode>
      <ItemType>1</ItemType>
      <ItemName>פיטנס שוקולד נסטלה (375 גרם)</ItemName>
      <ManufactureName>קבוצת אסם סחר שות. מוגבלת</ManufactureName>
      <ManufactureCountry />
      <ManufactureItemDescription />
      <UnitQty>יח`</UnitQty>
      <Quantity>375</Quantity>
      <UnitMeasure>גרם</UnitMeasure>
      <BisWeighted>0</BisWeighted>
      <QtyInPackage>1</QtyInPackage>
      <ItemPrice>19.90</ItemPrice>
      <UnitOfMeasurePrice>5.31</UnitOfMeasurePrice>
      <AllowDiscount>1</AllowDiscount>
      <itemStatus>1</itemStatus>
      <LastUpdateDate />
      <LastUpdateTime />
    </Product>
    <Product>
      <PriceUpdateDate>2015/04/29 11:20</PriceUpdateDate>
      <ItemCode>7613033548192</ItemCode>
      <ItemType>1</ItemType>
      <ItemName>פיטנס שוקולד מריר נסטלה (375 גרם)</ItemName>
      <ManufactureName>קבוצת אסם סחר שות. מוגבלת</ManufactureName>
      <ManufactureCountry />
      <ManufactureItemDescription />
      <UnitQty>יח`</UnitQty>
      <Quantity>375</Quantity>
      <UnitMeasure>גרם</UnitMeasure>
      <BisWeighted>0</BisWeighted>
      <QtyInPackage>1</QtyInPackage>
      <ItemPrice>19.90</ItemPrice>
      <UnitOfMeasurePrice>5.31</UnitOfMeasurePrice>
      <AllowDiscount>1</AllowDiscount>
      <itemStatus>1</itemStatus>
      <LastUpdateDate />
      <LastUpdateTime />
    </Product>
    <Product>
      <PriceUpdateDate>2018/07/04 08:31</PriceUpdateDate>
      <ItemCode>7613034792785</ItemCode>
      <ItemType>1</ItemType>
      <ItemName>מולטי צ`יריוס נסטלה (565 גרם)</ItemName>
      <ManufactureName>קבוצת אסם סחר שות. מוגבלת</ManufactureName>
      <ManufactureCountry />
      <ManufactureItemDescription />
      <UnitQty>יח`</UnitQty>
      <Quantity>565</Quantity>
      <UnitMeasure>גרם</UnitMeasure>
      <BisWeighted>0</BisWeighted>
      <QtyInPackage>1</QtyInPackage>
      <ItemPrice>23.90</ItemPrice>
      <UnitOfMeasurePrice>4.23</UnitOfMeasurePrice>
      <AllowDiscount>1</AllowDiscount>
      <itemStatus>1</itemStatus>
      <LastUpdateDate />
      <LastUpdateTime />
    </Product>
    <Product>
      <PriceUpdateDate>2019/11/04 11:44</PriceUpdateDate>
      <ItemCode>7613035027022</ItemCode>
      <ItemType>1</ItemType>
      <ItemName>כלב מיני גור עוף 800 גר</ItemName>
      <ManufactureName>שחורי אריה ואנסטסיה</ManufactureName>
      <ManufactureCountry />
      <ManufactureItemDescription />
      <UnitQty>יח`</UnitQty>
      <Quantity>1</Quantity>
      <UnitMeasure />
      <BisWeighted>0</BisWeighted>
      <QtyInPackage>1</QtyInPackage>
      <ItemPrice>34.90</ItemPrice>
      <UnitOfMeasurePrice>34.90</UnitOfMeasurePrice>
      <AllowDiscount>0</AllowDiscount>
      <itemStatus>1</itemStatus>
      <LastUpdateDate />
      <LastUpdateTime />
    </Product>
    <Product>
      <PriceUpdateDate>2016/04/20 08:14</PriceUpdateDate>
      <ItemCode>7613035622623</ItemCode>
      <ItemType>1</ItemType>
      <ItemName>פיטנס גרנולה שקדים ודבש נסטלה (300 גרם)</ItemName>
      <ManufactureName>קבוצת אסם סחר שות. מוגבלת</ManufactureName>
      <ManufactureCountry />
      <ManufactureItemDescription />
      <UnitQty>יח`</UnitQty>
      <Quantity>300</Quantity>
      <UnitMeasure>גרם</UnitMeasure>
      <BisWeighted>0</BisWeighted>
      <QtyInPackage>1</QtyInPackage>
      <ItemPrice>15.90</ItemPrice>
      <UnitOfMeasurePrice>5.30</UnitOfMeasurePrice>
      <AllowDiscount>1</AllowDiscount>
      <itemStatus>1</itemStatus>
      <LastUpdateDate />
      <LastUpdateTime />
    </Product>
    <Product>
      <PriceUpdateDate>2016/04/20 08:14</PriceUpdateDate>
      <ItemCode>7613035635845</ItemCode>
      <ItemType>1</ItemType>
      <ItemName>פיטנס גרנולה שוקולד 300  גר`אסם</ItemName>
      <ManufactureName>קבוצת אסם סחר שות. מוגבלת</ManufactureName>
      <ManufactureCountry />
      <ManufactureItemDescription />
      <UnitQty>יח`</UnitQty>
      <Quantity>300</Quantity>
      <UnitMeasure>גרם</UnitMeasure>
      <BisWeighted>0</BisWeighted>
      <QtyInPackage>1</QtyInPackage>
      <ItemPrice>15.90</ItemPrice>
      <UnitOfMeasurePrice>5.30</UnitOfMeasurePrice>
      <AllowDiscount>1</AllowDiscount>
      <itemStatus>1</itemStatus>
      <LastUpdateDate />
      <LastUpdateTime />
    </Product>
    <Product>
      <PriceUpdateDate>2016/11/13 11:33</PriceUpdateDate>
      <ItemCode>7613035758834</ItemCode>
      <ItemType>1</ItemType>
      <ItemName>פיטנס גרנולה חמוציות 300  גר`אסם</ItemName>
      <ManufactureName>קבוצת אסם סחר שות. מוגבלת</ManufactureName>
      <ManufactureCountry />
      <ManufactureItemDescription />
      <UnitQty>יח`</UnitQty>
      <Quantity>300</Quantity>
      <UnitMeasure>גרם</UnitMeasure>
      <BisWeighted>0</BisWeighted>
      <QtyInPackage>1</QtyInPackage>
      <ItemPrice>15.90</ItemPrice>
      <UnitOfMeasurePrice>5.30</UnitOfMeasurePrice>
      <AllowDiscount>1</AllowDiscount>
      <itemStatus>1</itemStatus>
      <LastUpdateDate />
      <LastUpdateTime />
    </Product>
    <Product>
      <PriceUpdateDate>2016/09/29 08:15</PriceUpdateDate>
      <ItemCode>7613035807778</ItemCode>
      <ItemType>1</ItemType>
      <ItemName>רוטב עגבניות לבולנז פרפקטו</ItemName>
      <ManufactureName>קבוצת אסם סחר שות. מוגבלת</ManufactureName>
      <ManufactureCountry />
      <ManufactureItemDescription />
      <UnitQty>יח`</UnitQty>
      <Quantity>400</Quantity>
      <UnitMeasure>גרם</UnitMeasure>
      <BisWeighted>0</BisWeighted>
      <QtyInPackage>1</QtyInPackage>
      <ItemPrice>9.90</ItemPrice>
      <UnitOfMeasurePrice>2.48</UnitOfMeasurePrice>
      <AllowDiscount>1</AllowDiscount>
      <itemStatus>1</itemStatus>
      <LastUpdateDate />
      <LastUpdateTime />
    </Product>
    <Product>
      <PriceUpdateDate>2016/09/29 08:15</PriceUpdateDate>
      <ItemCode>7613035809109</ItemCode>
      <ItemType>1</ItemType>
      <ItemName>רוטב עגבניות ובזיליקום פרפקטו</ItemName>
      <ManufactureName>קבוצת אסם סחר שות. מוגבלת</ManufactureName>
      <ManufactureCountry />
      <ManufactureItemDescription />
      <UnitQty>יח`</UnitQty>
      <Quantity>400</Quantity>
      <UnitMeasure>גרם</UnitMeasure>
      <BisWeighted>0</BisWeighted>
      <QtyInPackage>1</QtyInPackage>
      <ItemPrice>9.90</ItemPrice>
      <UnitOfMeasurePrice>2.48</UnitOfMeasurePrice>
      <AllowDiscount>1</AllowDiscount>
      <itemStatus>1</itemStatus>
      <LastUpdateDate />
      <LastUpdateTime />
    </Product>
    <Product>
      <PriceUpdateDate>2016/09/29 08:15</PriceUpdateDate>
      <ItemCode>7613035809123</ItemCode>
      <ItemType>1</ItemType>
      <ItemName>רוטב עגבניות עם פלפלים פרפקטו</ItemName>
      <ManufactureName>קבוצת אסם סחר שות. מוגבלת</ManufactureName>
      <ManufactureCountry />
      <ManufactureItemDescription />
      <UnitQty>יח`</UnitQty>
      <Quantity>400</Quantity>
      <UnitMeasure>גרם</UnitMeasure>
      <BisWeighted>0</BisWeighted>
      <QtyInPackage>1</QtyInPackage>
      <ItemPrice>9.90</ItemPrice>
      <UnitOfMeasurePrice>2.48</UnitOfMeasurePrice>
      <AllowDiscount>1</AllowDiscount>
      <itemStatus>1</itemStatus>
      <LastUpdateDate />
      <LastUpdateTime />
    </Product>
    <Product>
      <PriceUpdateDate>2016/09/29 08:15</PriceUpdateDate>
      <ItemCode>7613035809857</ItemCode>
      <ItemType>1</ItemType>
      <ItemName>רוטב עגבניות לפסטה פרפקטו</ItemName>
      <ManufactureName>קבוצת אסם סחר שות. מוגבלת</ManufactureName>
      <ManufactureCountry />
      <ManufactureItemDescription />
      <UnitQty>יח`</UnitQty>
      <Quantity>400</Quantity>
      <UnitMeasure>גרם</UnitMeasure>
      <BisWeighted>0</BisWeighted>
      <QtyInPackage>1</QtyInPackage>
      <ItemPrice>9.90</ItemPrice>
      <UnitOfMeasurePrice>2.48</UnitOfMeasurePrice>
      <AllowDiscount>1</AllowDiscount>
      <itemStatus>1</itemStatus>
      <LastUpdateDate />
      <LastUpdateTime />
    </Product>
    <Product>
      <PriceUpdateDate>2019/01/30 08:51</PriceUpdateDate>
      <ItemCode>7613036045544</ItemCode>
      <ItemType>1</ItemType>
      <ItemName>פייבר וואן 460 גר`</ItemName>
      <ManufactureName>קבוצת אסם סחר שות. מוגבלת</ManufactureName>
      <ManufactureCountry />
      <ManufactureItemDescription />
      <UnitQty>יח`</UnitQty>
      <Quantity>460</Quantity>
      <UnitMeasure>גרם</UnitMeasure>
      <BisWeighted>0</BisWeighted>
      <QtyInPackage>1</QtyInPackage>
      <ItemPrice>22.90</ItemPrice>
      <UnitOfMeasurePrice>4.98</UnitOfMeasurePrice>
      <AllowDiscount>1</AllowDiscount>
      <itemStatus>1</itemStatus>
      <LastUpdateDate />
      <LastUpdateTime />
    </Product>
    <Product>
      <PriceUpdateDate>2018/06/07 08:38</PriceUpdateDate>
      <ItemCode>7613036314114</ItemCode>
      <ItemType>1</ItemType>
      <ItemName>נס קפה גולד 200 גר`</ItemName>
      <ManufactureName>קבוצת אסם סחר שות. מוגבלת</ManufactureName>
      <ManufactureCountry />
      <ManufactureItemDescription />
      <UnitQty>יח`</UnitQty>
      <Quantity>200</Quantity>
      <UnitMeasure>גרם</UnitMeasure>
      <BisWeighted>0</BisWeighted>
      <QtyInPackage>1</QtyInPackage>
      <ItemPrice>45.90</ItemPrice>
      <UnitOfMeasurePrice>22.95</UnitOfMeasurePrice>
      <AllowDiscount>0</AllowDiscount>
      <itemStatus>1</itemStatus>
      <LastUpdateDate />
      <LastUpdateTime />
    </Product>
    <Product>
      <PriceUpdateDate>2018/03/15 10:37</PriceUpdateDate>
      <ItemCode>7613036520492</ItemCode>
      <ItemType>1</ItemType>
      <ItemName>רוטב עגבניות לפיצה 400 גר` פרפקטו</ItemName>
      <ManufactureName>קבוצת אסם סחר שות. מוגבלת</ManufactureName>
      <ManufactureCountry />
      <ManufactureItemDescription />
      <UnitQty>יח`</UnitQty>
      <Quantity>400</Quantity>
      <UnitMeasure>גרם</UnitMeasure>
      <BisWeighted>0</BisWeighted>
      <QtyInPackage>1</QtyInPackage>
      <ItemPrice>9.90</ItemPrice>
      <UnitOfMeasurePrice>2.48</UnitOfMeasurePrice>
      <AllowDiscount>1</AllowDiscount>
      <itemStatus>1</itemStatus>
      <LastUpdateDate />
      <LastUpdateTime />
    </Product>
    <Product>
      <PriceUpdateDate>2018/07/19 09:04</PriceUpdateDate>
      <ItemCode>7613036727280</ItemCode>
      <ItemType>1</ItemType>
      <ItemName>דגני בוקר שוקולד קרמל 480 גר` ליון</ItemName>
      <ManufactureName>קבוצת אסם סחר שות. מוגבלת</ManufactureName>
      <ManufactureCountry />
      <ManufactureItemDescription />
      <UnitQty>יח`</UnitQty>
      <Quantity>480</Quantity>
      <UnitMeasure>גרם</UnitMeasure>
      <BisWeighted>0</BisWeighted>
      <QtyInPackage>1</QtyInPackage>
      <ItemPrice>26.90</ItemPrice>
      <UnitOfMeasurePrice>5.60</UnitOfMeasurePrice>
      <AllowDiscount>1</AllowDiscount>
      <itemStatus>1</itemStatus>
      <LastUpdateDate />
      <LastUpdateTime />
    </Product>
    <Product>
      <PriceUpdateDate>2019/11/13 16:16</PriceUpdateDate>
      <ItemCode>7613036880510</ItemCode>
      <ItemType>1</ItemType>
      <ItemName>מחית תפוח עץ דגנים מלאים 190 גרבר</ItemName>
      <ManufactureName>קבוצת אסם סחר שות. מוגבלת</ManufactureName>
      <ManufactureCountry />
      <ManufactureItemDescription />
      <UnitQty>יח`</UnitQty>
      <Quantity>190</Quantity>
      <UnitMeasure>גרם</UnitMeasure>
      <BisWeighted>0</BisWeighted>
      <QtyInPackage>1</QtyInPackage>
      <ItemPrice>6.90</ItemPrice>
      <UnitOfMeasurePrice>3.63</UnitOfMeasurePrice>
      <AllowDiscount>1</AllowDiscount>
      <itemStatus>1</itemStatus>
      <LastUpdateDate />
      <LastUpdateTime />
    </Product>
    <Product>
      <PriceUpdateDate>2019/04/17 18:49</PriceUpdateDate>
      <ItemCode>7613037012095</ItemCode>
      <ItemType>1</ItemType>
      <ItemName>פיטנס גרנולה שוקולד קינואה ושקדים נסטלה</ItemName>
      <ManufactureName>קבוצת אסם סחר שות. מוגבלת</ManufactureName>
      <ManufactureCountry />
      <ManufactureItemDescription />
      <UnitQty>יח`</UnitQty>
      <Quantity>300</Quantity>
      <UnitMeasure>גרם</UnitMeasure>
      <BisWeighted>0</BisWeighted>
      <QtyInPackage>1</QtyInPackage>
      <ItemPrice>15.90</ItemPrice>
      <UnitOfMeasurePrice>5.30</UnitOfMeasurePrice>
      <AllowDiscount>1</AllowDiscount>
      <itemStatus>1</itemStatus>
      <LastUpdateDate />
      <LastUpdateTime />
    </Product>
    <Product>
      <PriceUpdateDate>2020/01/15 17:12</PriceUpdateDate>
      <ItemCode>7613037015386</ItemCode>
      <ItemType>1</ItemType>
      <ItemName>מחית תפוח עץ פאוץ 90 גר` גרבר</ItemName>
      <ManufactureName>קבוצת אסם סחר שות. מוגבלת</ManufactureName>
      <ManufactureCountry />
      <ManufactureItemDescription />
      <UnitQty>יח`</UnitQty>
      <Quantity>90</Quantity>
      <UnitMeasure>גרם</UnitMeasure>
      <BisWeighted>0</BisWeighted>
      <QtyInPackage>1</QtyInPackage>
      <ItemPrice>6.90</ItemPrice>
      <UnitOfMeasurePrice>7.67</UnitOfMeasurePrice>
      <AllowDiscount>1</AllowDiscount>
      <itemStatus>1</itemStatus>
      <LastUpdateDate />
      <LastUpdateTime />
    </Product>
    <Product>
      <PriceUpdateDate>2020/01/24 09:43</PriceUpdateDate>
      <ItemCode>7613037054279</ItemCode>
      <ItemType>1</ItemType>
      <ItemName>מחית תפוח עץ ובננה 190 גר` גרבר כשר לפסח</ItemName>
      <ManufactureName>קבוצת אסם סחר שות. מוגבלת</ManufactureName>
      <ManufactureCountry />
      <ManufactureItemDescription />
      <UnitQty>יח`</UnitQty>
      <Quantity>190</Quantity>
      <UnitMeasure>גרם</UnitMeasure>
      <BisWeighted>0</BisWeighted>
      <QtyInPackage>1</QtyInPackage>
      <ItemPrice>6.90</ItemPrice>
      <UnitOfMeasurePrice>3.63</UnitOfMeasurePrice>
      <AllowDiscount>0</AllowDiscount>
      <itemStatus>1</itemStatus>
      <LastUpdateDate />
      <LastUpdateTime />
    </Product>
    <Product>
      <PriceUpdateDate>2019/11/13 16:16</PriceUpdateDate>
      <ItemCode>7613037686906</ItemCode>
      <ItemType>1</ItemType>
      <ItemName>פיטנס שקדים ודבש (355 גרם) נסטלה</ItemName>
      <ManufactureName>קבוצת אסם סחר שות. מוגבלת</ManufactureName>
      <ManufactureCountry />
      <ManufactureItemDescription />
      <UnitQty>יח`</UnitQty>
      <Quantity>355</Quantity>
      <UnitMeasure>גרם</UnitMeasure>
      <BisWeighted>0</BisWeighted>
      <QtyInPackage>1</QtyInPackage>
      <ItemPrice>19.90</ItemPrice>
      <UnitOfMeasurePrice>5.61</UnitOfMeasurePrice>
      <AllowDiscount>1</AllowDiscount>
      <itemStatus>1</itemStatus>
      <LastUpdateDate />
      <LastUpdateTime />
    </Product>
    <Product>
      <PriceUpdateDate>2020/01/20 08:43</PriceUpdateDate>
      <ItemCode>7613038451954</ItemCode>
      <ItemType>1</ItemType>
      <ItemName>דגני קראנץ` שוקולד מופחת 410 גר`</ItemName>
      <ManufactureName>קבוצת אסם סחר שות. מוגבלת</ManufactureName>
      <ManufactureCountry />
      <ManufactureItemDescription />
      <UnitQty>יח`</UnitQty>
      <Quantity>410</Quantity>
      <UnitMeasure>גרם</UnitMeasure>
      <BisWeighted>0</BisWeighted>
      <QtyInPackage>1</QtyInPackage>
      <ItemPrice>23.90</ItemPrice>
      <UnitOfMeasurePrice>5.83</UnitOfMeasurePrice>
      <AllowDiscount>1</AllowDiscount>
      <itemStatus>1</itemStatus>
      <LastUpdateDate />
      <LastUpdateTime />
    </Product>
    <Product>
      <PriceUpdateDate>2016/03/30 08:38</PriceUpdateDate>
      <ItemCode>7622010001858</ItemCode>
      <ItemType>1</ItemType>
      <ItemName>אוראו וניל 176 גר`</ItemName>
      <ManufactureName>דיפלומט היינץ</ManufactureName>
      <ManufactureCountry />
      <ManufactureItemDescription />
      <UnitQty>יח`</UnitQty>
      <Quantity>176</Quantity>
      <UnitMeasure>גרם</UnitMeasure>
      <BisWeighted>0</BisWeighted>
      <QtyInPackage>1</QtyInPackage>
      <ItemPrice>8.90</ItemPrice>
      <UnitOfMeasurePrice>5.06</UnitOfMeasurePrice>
      <AllowDiscount>1</AllowDiscount>
      <itemStatus>1</itemStatus>
      <LastUpdateDate />
      <LastUpdateTime />
    </Product>
    <Product>
      <PriceUpdateDate>2020/03/27 09:26</PriceUpdateDate>
      <ItemCode>7622201139278</ItemCode>
      <ItemType>1</ItemType>
      <ItemName>גבנת פילדלפיה שמנת 150 גר` (27% שומן)</ItemName>
      <ManufactureName>נטו מלינדה סחר בעמ</ManufactureName>
      <ManufactureCountry />
      <ManufactureItemDescription />
      <UnitQty>יח`</UnitQty>
      <Quantity>150</Quantity>
      <UnitMeasure>גרם</UnitMeasure>
      <BisWeighted>0</BisWeighted>
      <QtyInPackage>1</QtyInPackage>
      <ItemPrice>13.90</ItemPrice>
      <UnitOfMeasurePrice>9.27</UnitOfMeasurePrice>
      <AllowDiscount>1</AllowDiscount>
      <itemStatus>1</itemStatus>
      <LastUpdateDate />
      <LastUpdateTime />
    </Product>
    <Product>
      <PriceUpdateDate>2018/02/06 09:32</PriceUpdateDate>
      <ItemCode>7622210078131</ItemCode>
      <ItemType>1</ItemType>
      <ItemName>שוקולד חלב דיים מילקה (100 גרם)</ItemName>
      <ManufactureName>דיפלומט היינץ</ManufactureName>
      <ManufactureCountry />
      <ManufactureItemDescription />
      <UnitQty>יח`</UnitQty>
      <Quantity>100</Quantity>
      <UnitMeasure>גרם</UnitMeasure>
      <BisWeighted>0</BisWeighted>
      <QtyInPackage>1</QtyInPackage>
      <ItemPrice>5.90</ItemPrice>
      <UnitOfMeasurePrice>5.90</UnitOfMeasurePrice>
      <AllowDiscount>1</AllowDiscount>
      <itemStatus>1</itemStatus>
      <LastUpdateDate />
      <LastUpdateTime />
    </Product>
    <Product>
      <PriceUpdateDate>2017/11/13 07:47</PriceUpdateDate>
      <ItemCode>7622210453327</ItemCode>
      <ItemType>1</ItemType>
      <ItemName>מילקה סנסייטן 156 גר`</ItemName>
      <ManufactureName>דיפלומט היינץ</ManufactureName>
      <ManufactureCountry />
      <ManufactureItemDescription />
      <UnitQty>יח`</UnitQty>
      <Quantity>156</Quantity>
      <UnitMeasure>גרם</UnitMeasure>
      <BisWeighted>0</BisWeighted>
      <QtyInPackage>1</QtyInPackage>
      <ItemPrice>12.90</ItemPrice>
      <UnitOfMeasurePrice>8.27</UnitOfMeasurePrice>
      <AllowDiscount>0</AllowDiscount>
      <itemStatus>1</itemStatus>
      <LastUpdateDate />
      <LastUpdateTime />
    </Product>
    <Product>
      <PriceUpdateDate>2017/12/25 08:37</PriceUpdateDate>
      <ItemCode>7622210658708</ItemCode>
      <ItemType>1</ItemType>
      <ItemName>אוראו דקים וניל 96 גר`</ItemName>
      <ManufactureName>דיפלומט היינץ</ManufactureName>
      <ManufactureCountry />
      <ManufactureItemDescription />
      <UnitQty>יח`</UnitQty>
      <Quantity>96</Quantity>
      <UnitMeasure>גרם</UnitMeasure>
      <BisWeighted>0</BisWeighted>
      <QtyInPackage>1</QtyInPackage>
      <ItemPrice>6.90</ItemPrice>
      <UnitOfMeasurePrice>7.19</UnitOfMeasurePrice>
      <AllowDiscount>0</AllowDiscount>
      <itemStatus>1</itemStatus>
      <LastUpdateDate />
      <LastUpdateTime />
    </Product>
    <Product>
      <PriceUpdateDate>2020/01/09 07:36</PriceUpdateDate>
      <ItemCode>7622210819499</ItemCode>
      <ItemType>1</ItemType>
      <ItemName>מילקה ביסקויט טנדר ברייק 156 גר`</ItemName>
      <ManufactureName>דיפלומט היינץ</ManufactureName>
      <ManufactureCountry />
      <ManufactureItemDescription />
      <UnitQty>יח`</UnitQty>
      <Quantity>156</Quantity>
      <UnitMeasure>גרם</UnitMeasure>
      <BisWeighted>0</BisWeighted>
      <QtyInPackage>1</QtyInPackage>
      <ItemPrice>12.90</ItemPrice>
      <UnitOfMeasurePrice>8.27</UnitOfMeasurePrice>
      <AllowDiscount>0</AllowDiscount>
      <itemStatus>1</itemStatus>
      <LastUpdateDate />
      <LastUpdateTime />
    </Product>
    <Product>
      <PriceUpdateDate>2018/05/10 08:17</PriceUpdateDate>
      <ItemCode>7622210820310</ItemCode>
      <ItemType>1</ItemType>
      <ItemName>שוקולד חלב בוטנים קרמל 90 גר` מילקה</ItemName>
      <ManufactureName>דיפלומט היינץ</ManufactureName>
      <ManufactureCountry />
      <ManufactureItemDescription />
      <UnitQty>יח`</UnitQty>
      <Quantity>100</Quantity>
      <UnitMeasure>גרם</UnitMeasure>
      <BisWeighted>0</BisWeighted>
      <QtyInPackage>1</QtyInPackage>
      <ItemPrice>5.90</ItemPrice>
      <UnitOfMeasurePrice>5.90</UnitOfMeasurePrice>
      <AllowDiscount>1</AllowDiscount>
      <itemStatus>1</itemStatus>
      <LastUpdateDate />
      <LastUpdateTime />
    </Product>
    <Product>
      <PriceUpdateDate>2019/08/07 15:16</PriceUpdateDate>
      <ItemCode>7622210874351</ItemCode>
      <ItemType>1</ItemType>
      <ItemName>אוראו מיני כוסות בטעם וניל 67 גר`</ItemName>
      <ManufactureName>דיפלומט היינץ</ManufactureName>
      <ManufactureCountry />
      <ManufactureItemDescription />
      <UnitQty>יח`</UnitQty>
      <Quantity>67</Quantity>
      <UnitMeasure>גרם</UnitMeasure>
      <BisWeighted>0</BisWeighted>
      <QtyInPackage>1</QtyInPackage>
      <ItemPrice>6.90</ItemPrice>
      <UnitOfMeasurePrice>10.30</UnitOfMeasurePrice>
      <AllowDiscount>0</AllowDiscount>
      <itemStatus>1</itemStatus>
      <LastUpdateDate />
      <LastUpdateTime />
    </Product>
    <Product>
      <PriceUpdateDate>2016/08/28 09:28</PriceUpdateDate>
      <ItemCode>7622210984678</ItemCode>
      <ItemType>1</ItemType>
      <ItemName>וופל במילוי קרם קקאו מילקה (150 גרם)</ItemName>
      <ManufactureName>דיפלומט היינץ</ManufactureName>
      <ManufactureCountry />
      <ManufactureItemDescription />
      <UnitQty>יח`</UnitQty>
      <Quantity>150</Quantity>
      <UnitMeasure>גרם</UnitMeasure>
      <BisWeighted>0</BisWeighted>
      <QtyInPackage>1</QtyInPackage>
      <ItemPrice>13.90</ItemPrice>
      <UnitOfMeasurePrice>9.27</UnitOfMeasurePrice>
      <AllowDiscount>0</AllowDiscount>
      <itemStatus>1</itemStatus>
      <LastUpdateDate />
      <LastUpdateTime />
    </Product>
    <Product>
      <PriceUpdateDate>2018/12/09 08:40</PriceUpdateDate>
      <ItemCode>7622300270469</ItemCode>
      <ItemType>1</ItemType>
      <ItemName>מילקה ביסקויט מצופה שוקולד 150 גר`</ItemName>
      <ManufactureName>דיפלומט היינץ</ManufactureName>
      <ManufactureCountry />
      <ManufactureItemDescription />
      <UnitQty>יח`</UnitQty>
      <Quantity>150</Quantity>
      <UnitMeasure>גרם</UnitMeasure>
      <BisWeighted>0</BisWeighted>
      <QtyInPackage>1</QtyInPackage>
      <ItemPrice>12.90</ItemPrice>
      <UnitOfMeasurePrice>8.60</UnitOfMeasurePrice>
      <AllowDiscount>0</AllowDiscount>
      <itemStatus>1</itemStatus>
      <LastUpdateDate />
      <LastUpdateTime />
    </Product>
    <Product>
      <PriceUpdateDate>2018/03/18 09:18</PriceUpdateDate>
      <ItemCode>7622300489427</ItemCode>
      <ItemType>1</ItemType>
      <ItemName>אוראו פאדג שוקולד לבן 246גר</ItemName>
      <ManufactureName>דיפלומט היינץ</ManufactureName>
      <ManufactureCountry />
      <ManufactureItemDescription />
      <UnitQty>יח`</UnitQty>
      <Quantity>246</Quantity>
      <UnitMeasure>גרם</UnitMeasure>
      <BisWeighted>0</BisWeighted>
      <QtyInPackage>1</QtyInPackage>
      <ItemPrice>19.90</ItemPrice>
      <UnitOfMeasurePrice>8.09</UnitOfMeasurePrice>
      <AllowDiscount>0</AllowDiscount>
      <itemStatus>1</itemStatus>
      <LastUpdateDate />
      <LastUpdateTime />
    </Product>
    <Product>
      <PriceUpdateDate>2018/03/18 09:18</PriceUpdateDate>
      <ItemCode>7622300489434</ItemCode>
      <ItemType>1</ItemType>
      <ItemName>עוגיות אוראו בציפוי שוקולד חלבי 246 גרם</ItemName>
      <ManufactureName>דיפלומט היינץ</ManufactureName>
      <ManufactureCountry />
      <ManufactureItemDescription />
      <UnitQty>יח`</UnitQty>
      <Quantity>246</Quantity>
      <UnitMeasure>גרם</UnitMeasure>
      <BisWeighted>0</BisWeighted>
      <QtyInPackage>1</QtyInPackage>
      <ItemPrice>19.90</ItemPrice>
      <UnitOfMeasurePrice>8.09</UnitOfMeasurePrice>
      <AllowDiscount>0</AllowDiscount>
      <itemStatus>1</itemStatus>
      <LastUpdateDate />
      <LastUpdateTime />
    </Product>
    <Product>
      <PriceUpdateDate>2017/01/22 08:28</PriceUpdateDate>
      <ItemCode>7622300503079</ItemCode>
      <ItemType>1</ItemType>
      <ItemName>ביסקוויט מצופה שוקולד מילקה (200 גרם)</ItemName>
      <ManufactureName>דיפלומט היינץ</ManufactureName>
      <ManufactureCountry />
      <ManufactureItemDescription />
      <UnitQty>יח`</UnitQty>
      <Quantity>200</Quantity>
      <UnitMeasure>גרם</UnitMeasure>
      <BisWeighted>0</BisWeighted>
      <QtyInPackage>1</QtyInPackage>
      <ItemPrice>12.90</ItemPrice>
      <UnitOfMeasurePrice>6.45</UnitOfMeasurePrice>
      <AllowDiscount>0</AllowDiscount>
      <itemStatus>1</itemStatus>
      <LastUpdateDate />
      <LastUpdateTime />
    </Product>
    <Product>
      <PriceUpdateDate>2018/02/06 09:32</PriceUpdateDate>
      <ItemCode>7622300617820</ItemCode>
      <ItemType>1</ItemType>
      <ItemName>שוקולד אוראו מילקה (100 גרם)</ItemName>
      <ManufactureName>דיפלומט היינץ</ManufactureName>
      <ManufactureCountry />
      <ManufactureItemDescription />
      <UnitQty>יח`</UnitQty>
      <Quantity>100</Quantity>
      <UnitMeasure>גרם</UnitMeasure>
      <BisWeighted>0</BisWeighted>
      <QtyInPackage>1</QtyInPackage>
      <ItemPrice>5.90</ItemPrice>
      <UnitOfMeasurePrice>5.90</UnitOfMeasurePrice>
      <AllowDiscount>1</AllowDiscount>
      <itemStatus>1</itemStatus>
      <LastUpdateDate />
      <LastUpdateTime />
    </Product>
    <Product>
      <PriceUpdateDate>2018/02/06 09:32</PriceUpdateDate>
      <ItemCode>7622400005190</ItemCode>
      <ItemType>1</ItemType>
      <ItemName>שוקולד חלב ולבן מילקה (100 גרם)</ItemName>
      <ManufactureName>דיפלומט היינץ</ManufactureName>
      <ManufactureCountry />
      <ManufactureItemDescription />
      <UnitQty>יח`</UnitQty>
      <Quantity>100</Quantity>
      <UnitMeasure>גרם</UnitMeasure>
      <BisWeighted>0</BisWeighted>
      <QtyInPackage>1</QtyInPackage>
      <ItemPrice>5.90</ItemPrice>
      <UnitOfMeasurePrice>5.90</UnitOfMeasurePrice>
      <AllowDiscount>1</AllowDiscount>
      <itemStatus>1</itemStatus>
      <LastUpdateDate />
      <LastUpdateTime />
    </Product>
    <Product>
      <PriceUpdateDate>2019/12/19 11:31</PriceUpdateDate>
      <ItemCode>7638900426663</ItemCode>
      <ItemType>1</ItemType>
      <ItemName>9 V סוללות אנרג`יזר ריפרש</ItemName>
      <ManufactureName>דנשר (1963) בעמ</ManufactureName>
      <ManufactureCountry />
      <ManufactureItemDescription />
      <UnitQty>יח`</UnitQty>
      <Quantity>1</Quantity>
      <UnitMeasure />
      <BisWeighted>0</BisWeighted>
      <QtyInPackage>1</QtyInPackage>
      <ItemPrice>27.90</ItemPrice>
      <UnitOfMeasurePrice>27.90</UnitOfMeasurePrice>
      <AllowDiscount>0</AllowDiscount>
      <itemStatus>1</itemStatus>
      <LastUpdateDate />
      <LastUpdateTime />
    </Product>
    <Product>
      <PriceUpdateDate>2020/05/01 12:30</PriceUpdateDate>
      <ItemCode>7640166793991</ItemCode>
      <ItemType>1</ItemType>
      <ItemName>מוצרלה כדור 125 גר</ItemName>
      <ManufactureName>נטו מלינדה סחר בעמ</ManufactureName>
      <ManufactureCountry />
      <ManufactureItemDescription />
      <UnitQty>יח`</UnitQty>
      <Quantity>125</Quantity>
      <UnitMeasure>גרם</UnitMeasure>
      <BisWeighted>0</BisWeighted>
      <QtyInPackage>1</QtyInPackage>
      <ItemPrice>10</ItemPrice>
      <UnitOfMeasurePrice>8</UnitOfMeasurePrice>
      <AllowDiscount>0</AllowDiscount>
      <itemStatus>1</itemStatus>
      <LastUpdateDate />
      <LastUpdateTime />
    </Product>
    <Product>
      <PriceUpdateDate>2018/11/13 15:58</PriceUpdateDate>
      <ItemCode>7640166794455</ItemCode>
      <ItemType>1</ItemType>
      <ItemName>גבינה מוצרלה מגורדת קפואה 200 גר`</ItemName>
      <ManufactureName>נטו מלינדה סחר בעמ</ManufactureName>
      <ManufactureCountry />
      <ManufactureItemDescription />
      <UnitQty>יח`</UnitQty>
      <Quantity>200</Quantity>
      <UnitMeasure>גרם</UnitMeasure>
      <BisWeighted>0</BisWeighted>
      <QtyInPackage>1</QtyInPackage>
      <ItemPrice>17.90</ItemPrice>
      <UnitOfMeasurePrice>8.95</UnitOfMeasurePrice>
      <AllowDiscount>1</AllowDiscount>
      <itemStatus>1</itemStatus>
      <LastUpdateDate />
      <LastUpdateTime />
    </Product>
    <Product>
      <PriceUpdateDate>2020/05/01 12:30</PriceUpdateDate>
      <ItemCode>7640166796329</ItemCode>
      <ItemType>1</ItemType>
      <ItemName>מוצרלה גליל נקניק 300גר`</ItemName>
      <ManufactureName>נטו מלינדה סחר בעמ</ManufactureName>
      <ManufactureCountry />
      <ManufactureItemDescription />
      <UnitQty>יח`</UnitQty>
      <Quantity>300</Quantity>
      <UnitMeasure>גרם</UnitMeasure>
      <BisWeighted>0</BisWeighted>
      <QtyInPackage>1</QtyInPackage>
      <ItemPrice>24.90</ItemPrice>
      <UnitOfMeasurePrice>8.30</UnitOfMeasurePrice>
      <AllowDiscount>0</AllowDiscount>
      <itemStatus>1</itemStatus>
      <LastUpdateDate />
      <LastUpdateTime />
    </Product>
    <Product>
      <PriceUpdateDate>2015/11/09 08:07</PriceUpdateDate>
      <ItemCode>7702018263783</ItemCode>
      <ItemType>1</ItemType>
      <ItemName>סכיני גילוח מאך  -3 שמינייה</ItemName>
      <ManufactureName>דיפלומט מפיצים (1968) בעמ</ManufactureName>
      <ManufactureCountry />
      <ManufactureItemDescription />
      <UnitQty>יח`</UnitQty>
      <Quantity>1</Quantity>
      <UnitMeasure />
      <BisWeighted>0</BisWeighted>
      <QtyInPackage>1</QtyInPackage>
      <ItemPrice>87.90</ItemPrice>
      <UnitOfMeasurePrice>87.90</UnitOfMeasurePrice>
      <AllowDiscount>0</AllowDiscount>
      <itemStatus>1</itemStatus>
      <LastUpdateDate />
      <LastUpdateTime />
    </Product>
    <Product>
      <PriceUpdateDate>2018/05/28 12:22</PriceUpdateDate>
      <ItemCode>7702018263813</ItemCode>
      <ItemType>1</ItemType>
      <ItemName>רביעיית סכיני גילוח מאך 3 טורבו</ItemName>
      <ManufactureName>דיפלומט מפיצים (1968) בעמ</ManufactureName>
      <ManufactureCountry />
      <ManufactureItemDescription />
      <UnitQty>יח`</UnitQty>
      <Quantity>1</Quantity>
      <UnitMeasure />
      <BisWeighted>0</BisWeighted>
      <QtyInPackage>1</QtyInPackage>
      <ItemPrice>59.90</ItemPrice>
      <UnitOfMeasurePrice>59.90</UnitOfMeasurePrice>
      <AllowDiscount>0</AllowDiscount>
      <itemStatus>1</itemStatus>
      <LastUpdateDate />
      <LastUpdateTime />
    </Product>
    <Product>
      <PriceUpdateDate>2019/04/03 15:25</PriceUpdateDate>
      <ItemCode>7702018458110</ItemCode>
      <ItemType>1</ItemType>
      <ItemName>מכשיר גילוח פיוזן ידני +2 סכינים</ItemName>
      <ManufactureName>דיפלומט מפיצים (1968) בעמ</ManufactureName>
      <ManufactureCountry />
      <ManufactureItemDescription />
      <UnitQty>יח`</UnitQty>
      <Quantity>1</Quantity>
      <UnitMeasure />
      <BisWeighted>0</BisWeighted>
      <QtyInPackage>1</QtyInPackage>
      <ItemPrice>44.90</ItemPrice>
      <UnitOfMeasurePrice>44.90</UnitOfMeasurePrice>
      <AllowDiscount>0</AllowDiscount>
      <itemStatus>1</itemStatus>
      <LastUpdateDate />
      <LastUpdateTime />
    </Product>
    <Product>
      <PriceUpdateDate>2019/01/10 06:57</PriceUpdateDate>
      <ItemCode>7702018469383</ItemCode>
      <ItemType>1</ItemType>
      <ItemName>סכיני גילוח פיוז`ן ידני ג`ילט (12) מוגד</ItemName>
      <ManufactureName>דיפלומט מפיצים (1968) בעמ</ManufactureName>
      <ManufactureCountry />
      <ManufactureItemDescription />
      <UnitQty>יח`</UnitQty>
      <Quantity>1</Quantity>
      <UnitMeasure />
      <BisWeighted>0</BisWeighted>
      <QtyInPackage>1</QtyInPackage>
      <ItemPrice>144.90</ItemPrice>
      <UnitOfMeasurePrice>144.90</UnitOfMeasurePrice>
      <AllowDiscount>1</AllowDiscount>
      <itemStatus>1</itemStatus>
      <LastUpdateDate />
      <LastUpdateTime />
    </Product>
    <Product>
      <PriceUpdateDate>2019/06/19 11:49</PriceUpdateDate>
      <ItemCode>7702018495818</ItemCode>
      <ItemType>1</ItemType>
      <ItemName>גילט שמיניית סכיני סקינארד ידני</ItemName>
      <ManufactureName>דיפלומט מפיצים (1968) בעמ</ManufactureName>
      <ManufactureCountry />
      <ManufactureItemDescription />
      <UnitQty>יח`</UnitQty>
      <Quantity>1</Quantity>
      <UnitMeasure />
      <BisWeighted>0</BisWeighted>
      <QtyInPackage>1</QtyInPackage>
      <ItemPrice>159.90</ItemPrice>
      <UnitOfMeasurePrice>159.90</UnitOfMeasurePrice>
      <AllowDiscount>0</AllowDiscount>
      <itemStatus>1</itemStatus>
      <LastUpdateDate />
      <LastUpdateTime />
    </Product>
    <Product>
      <PriceUpdateDate>2019/06/19 11:49</PriceUpdateDate>
      <ItemCode>7702018529582</ItemCode>
      <ItemType>1</ItemType>
      <ItemName>גילט מארז סקינגראד מכשיר +7 סכינים</ItemName>
      <ManufactureName>דיפלומט מפיצים (1968) בעמ</ManufactureName>
      <ManufactureCountry />
      <ManufactureItemDescription />
      <UnitQty>יח`</UnitQty>
      <Quantity>1</Quantity>
      <UnitMeasure />
      <BisWeighted>0</BisWeighted>
      <QtyInPackage>1</QtyInPackage>
      <ItemPrice>149.90</ItemPrice>
      <UnitOfMeasurePrice>149.90</UnitOfMeasurePrice>
      <AllowDiscount>1</AllowDiscount>
      <itemStatus>1</itemStatus>
      <LastUpdateDate />
      <LastUpdateTime />
    </Product>
    <Product>
      <PriceUpdateDate>2019/11/18 15:03</PriceUpdateDate>
      <ItemCode>7702018978106</ItemCode>
      <ItemType>1</ItemType>
      <ItemName>דאודורנט קליר ג`ל 70 גר` AI</ItemName>
      <ManufactureName>פארמה דיל (פ.א.ב.) שיווק והפצה</ManufactureName>
      <ManufactureCountry />
      <ManufactureItemDescription />
      <UnitQty>יח`</UnitQty>
      <Quantity>70</Quantity>
      <UnitMeasure>מ"ל</UnitMeasure>
      <BisWeighted>0</BisWeighted>
      <QtyInPackage>1</QtyInPackage>
      <ItemPrice>14.90</ItemPrice>
      <UnitOfMeasurePrice>21.29</UnitOfMeasurePrice>
      <AllowDiscount>0</AllowDiscount>
      <itemStatus>1</itemStatus>
      <LastUpdateDate />
      <LastUpdateTime />
    </Product>
    <Product>
      <PriceUpdateDate>2019/11/18 15:03</PriceUpdateDate>
      <ItemCode>7702018978120</ItemCode>
      <ItemType>1</ItemType>
      <ItemName>דאודורנט קליר ג`ל 70 גר` CW</ItemName>
      <ManufactureName>פארמה דיל (פ.א.ב.) שיווק והפצה</ManufactureName>
      <ManufactureCountry />
      <ManufactureItemDescription />
      <UnitQty>יח`</UnitQty>
      <Quantity>70</Quantity>
      <UnitMeasure>מ"ל</UnitMeasure>
      <BisWeighted>0</BisWeighted>
      <QtyInPackage>1</QtyInPackage>
      <ItemPrice>14.90</ItemPrice>
      <UnitOfMeasurePrice>21.29</UnitOfMeasurePrice>
      <AllowDiscount>0</AllowDiscount>
      <itemStatus>1</itemStatus>
      <LastUpdateDate />
      <LastUpdateTime />
    </Product>
    <Product>
      <PriceUpdateDate>2018/07/19 09:04</PriceUpdateDate>
      <ItemCode>7702024074625</ItemCode>
      <ItemType>1</ItemType>
      <ItemName>חטיפי קרקר חיטה מלאה 234  גר`פיטנס</ItemName>
      <ManufactureName>קבוצת אסם סחר שות. מוגבלת</ManufactureName>
      <ManufactureCountry />
      <ManufactureItemDescription />
      <UnitQty>יח`</UnitQty>
      <Quantity>234</Quantity>
      <UnitMeasure>גרם</UnitMeasure>
      <BisWeighted>0</BisWeighted>
      <QtyInPackage>1</QtyInPackage>
      <ItemPrice>11.90</ItemPrice>
      <UnitOfMeasurePrice>5.09</UnitOfMeasurePrice>
      <AllowDiscount>0</AllowDiscount>
      <itemStatus>1</itemStatus>
      <LastUpdateDate />
      <LastUpdateTime />
    </Product>
    <Product>
      <PriceUpdateDate>2015/03/08 10:00</PriceUpdateDate>
      <ItemCode>7702174068826</ItemCode>
      <ItemType>1</ItemType>
      <ItemName>לקקן יוגטה 12 יח`</ItemName>
      <ManufactureName>ליימן שליסל בעמ</ManufactureName>
      <ManufactureCountry />
      <ManufactureItemDescription />
      <UnitQty>יח`</UnitQty>
      <Quantity>216</Quantity>
      <UnitMeasure>גרם</UnitMeasure>
      <BisWeighted>0</BisWeighted>
      <QtyInPackage>1</QtyInPackage>
      <ItemPrice>10.90</ItemPrice>
      <UnitOfMeasurePrice>5.05</UnitOfMeasurePrice>
      <AllowDiscount>1</AllowDiscount>
      <itemStatus>1</itemStatus>
      <LastUpdateDate />
      <LastUpdateTime />
    </Product>
    <Product>
      <PriceUpdateDate>2015/11/01 08:04</PriceUpdateDate>
      <ItemCode>7702174073783</ItemCode>
      <ItemType>1</ItemType>
      <ItemName>לקקן יוגטה פינפופ טעם קולה</ItemName>
      <ManufactureName>ליימן שליסל בעמ</ManufactureName>
      <ManufactureCountry />
      <ManufactureItemDescription />
      <UnitQty>יח`</UnitQty>
      <Quantity>180</Quantity>
      <UnitMeasure>גרם</UnitMeasure>
      <BisWeighted>0</BisWeighted>
      <QtyInPackage>1</QtyInPackage>
      <ItemPrice>10.90</ItemPrice>
      <UnitOfMeasurePrice>6.06</UnitOfMeasurePrice>
      <AllowDiscount>1</AllowDiscount>
      <itemStatus>1</itemStatus>
      <LastUpdateDate />
      <LastUpdateTime />
    </Product>
    <Product>
      <PriceUpdateDate>2016/03/23 09:05</PriceUpdateDate>
      <ItemCode>7891024130063</ItemCode>
      <ItemType>1</ItemType>
      <ItemName>פלאקס מי פה 500 מל מינט כחול</ItemName>
      <ManufactureName>ש.שסטוביץ בעמ</ManufactureName>
      <ManufactureCountry />
      <ManufactureItemDescription />
      <UnitQty>יח`</UnitQty>
      <Quantity>500</Quantity>
      <UnitMeasure>מ"ל</UnitMeasure>
      <BisWeighted>0</BisWeighted>
      <QtyInPackage>1</QtyInPackage>
      <ItemPrice>19.90</ItemPrice>
      <UnitOfMeasurePrice>3.98</UnitOfMeasurePrice>
      <AllowDiscount>0</AllowDiscount>
      <itemStatus>1</itemStatus>
      <LastUpdateDate />
      <LastUpdateTime />
    </Product>
    <Product>
      <PriceUpdateDate>2019/09/25 08:52</PriceUpdateDate>
      <ItemCode>8000040001106</ItemCode>
      <ItemType>1</ItemType>
      <ItemName>קמפרי 700 מל</ItemName>
      <ManufactureName>החברה המרכזית להפצת משקאות-אלכ</ManufactureName>
      <ManufactureCountry />
      <ManufactureItemDescription />
      <UnitQty>יח`</UnitQty>
      <Quantity>700</Quantity>
      <UnitMeasure>מ"ל</UnitMeasure>
      <BisWeighted>0</BisWeighted>
      <QtyInPackage>1</QtyInPackage>
      <ItemPrice>89</ItemPrice>
      <UnitOfMeasurePrice>12.67</UnitOfMeasurePrice>
      <AllowDiscount>0</AllowDiscount>
      <itemStatus>1</itemStatus>
      <LastUpdateDate />
      <LastUpdateTime />
    </Product>
    <Product>
      <PriceUpdateDate>2014/01/01 08:37</PriceUpdateDate>
      <ItemCode>8000380003723</ItemCode>
      <ItemType>1</ItemType>
      <ItemName>גרנד פטיסרי 100 גר` אגוז</ItemName>
      <ManufactureName>ליימן שליסל בעמ</ManufactureName>
      <ManufactureCountry />
      <ManufactureItemDescription />
      <UnitQty>יח`</UnitQty>
      <Quantity>100</Quantity>
      <UnitMeasure>גרם</UnitMeasure>
      <BisWeighted>0</BisWeighted>
      <QtyInPackage>1</QtyInPackage>
      <ItemPrice>13.90</ItemPrice>
      <UnitOfMeasurePrice>13.90</UnitOfMeasurePrice>
      <AllowDiscount>1</AllowDiscount>
      <itemStatus>1</itemStatus>
      <LastUpdateDate />
      <LastUpdateTime />
    </Product>
    <Product>
      <PriceUpdateDate>2015/01/29 09:07</PriceUpdateDate>
      <ItemCode>8000380004669</ItemCode>
      <ItemType>1</ItemType>
      <ItemName>וופל  סנדוויץ`בטעם קקאו לואקר (200 גרם)</ItemName>
      <ManufactureName>ליימן שליסל בעמ</ManufactureName>
      <ManufactureCountry />
      <ManufactureItemDescription />
      <UnitQty>יח`</UnitQty>
      <Quantity>200</Quantity>
      <UnitMeasure>גרם</UnitMeasure>
      <BisWeighted>0</BisWeighted>
      <QtyInPackage>1</QtyInPackage>
      <ItemPrice>13.90</ItemPrice>
      <UnitOfMeasurePrice>6.95</UnitOfMeasurePrice>
      <AllowDiscount>0</AllowDiscount>
      <itemStatus>1</itemStatus>
      <LastUpdateDate />
      <LastUpdateTime />
    </Product>
    <Product>
      <PriceUpdateDate>2015/01/29 09:07</PriceUpdateDate>
      <ItemCode>8000380004676</ItemCode>
      <ItemType>1</ItemType>
      <ItemName>וופל  סנדוויץ`בטעם וניל לואקר (200 גרם)</ItemName>
      <ManufactureName>ליימן שליסל בעמ</ManufactureName>
      <ManufactureCountry />
      <ManufactureItemDescription />
      <UnitQty>יח`</UnitQty>
      <Quantity>200</Quantity>
      <UnitMeasure>גרם</UnitMeasure>
      <BisWeighted>0</BisWeighted>
      <QtyInPackage>1</QtyInPackage>
      <ItemPrice>13.90</ItemPrice>
      <UnitOfMeasurePrice>6.95</UnitOfMeasurePrice>
      <AllowDiscount>0</AllowDiscount>
      <itemStatus>1</itemStatus>
      <LastUpdateDate />
      <LastUpdateTime />
    </Product>
    <Product>
      <PriceUpdateDate>2014/05/12 10:28</PriceUpdateDate>
      <ItemCode>8000380004911</ItemCode>
      <ItemType>1</ItemType>
      <ItemName>קוארדטיני 250 גר` אגוז</ItemName>
      <ManufactureName>ליימן שליסל בעמ</ManufactureName>
      <ManufactureCountry />
      <ManufactureItemDescription />
      <UnitQty>יח`</UnitQty>
      <Quantity>250</Quantity>
      <UnitMeasure>גרם</UnitMeasure>
      <BisWeighted>0</BisWeighted>
      <QtyInPackage>1</QtyInPackage>
      <ItemPrice>14.90</ItemPrice>
      <UnitOfMeasurePrice>5.96</UnitOfMeasurePrice>
      <AllowDiscount>1</AllowDiscount>
      <itemStatus>1</itemStatus>
      <LastUpdateDate />
      <LastUpdateTime />
    </Product>
    <Product>
      <PriceUpdateDate>2014/05/12 10:28</PriceUpdateDate>
      <ItemCode>8000380004966</ItemCode>
      <ItemType>1</ItemType>
      <ItemName>קוארדטיני 250 גר` קקאו</ItemName>
      <ManufactureName>ליימן שליסל בעמ</ManufactureName>
      <ManufactureCountry />
      <ManufactureItemDescription />
      <UnitQty>יח`</UnitQty>
      <Quantity>250</Quantity>
      <UnitMeasure>גרם</UnitMeasure>
      <BisWeighted>0</BisWeighted>
      <QtyInPackage>1</QtyInPackage>
      <ItemPrice>14.90</ItemPrice>
      <UnitOfMeasurePrice>5.96</UnitOfMeasurePrice>
      <AllowDiscount>1</AllowDiscount>
      <itemStatus>1</itemStatus>
      <LastUpdateDate />
      <LastUpdateTime />
    </Product>
    <Product>
      <PriceUpdateDate>2015/05/27 11:55</PriceUpdateDate>
      <ItemCode>8000380005598</ItemCode>
      <ItemType>1</ItemType>
      <ItemName>טורטינה שישיה מריר 125 גר</ItemName>
      <ManufactureName>ליימן שליסל בעמ</ManufactureName>
      <ManufactureCountry />
      <ManufactureItemDescription />
      <UnitQty>יח`</UnitQty>
      <Quantity>125</Quantity>
      <UnitMeasure>גרם</UnitMeasure>
      <BisWeighted>0</BisWeighted>
      <QtyInPackage>1</QtyInPackage>
      <ItemPrice>17.90</ItemPrice>
      <UnitOfMeasurePrice>14.32</UnitOfMeasurePrice>
      <AllowDiscount>1</AllowDiscount>
      <itemStatus>1</itemStatus>
      <LastUpdateDate />
      <LastUpdateTime />
    </Product>
    <Product>
      <PriceUpdateDate>2015/03/03 10:19</PriceUpdateDate>
      <ItemCode>8000380007219</ItemCode>
      <ItemType>1</ItemType>
      <ItemName>וופל בטעם אגוזים לואקר (175 גרם)</ItemName>
      <ManufactureName>ליימן שליסל בעמ</ManufactureName>
      <ManufactureCountry />
      <ManufactureItemDescription />
      <UnitQty>יח`</UnitQty>
      <Quantity>175</Quantity>
      <UnitMeasure>גרם</UnitMeasure>
      <BisWeighted>0</BisWeighted>
      <QtyInPackage>1</QtyInPackage>
      <ItemPrice>10.90</ItemPrice>
      <UnitOfMeasurePrice>6.23</UnitOfMeasurePrice>
      <AllowDiscount>1</AllowDiscount>
      <itemStatus>1</itemStatus>
      <LastUpdateDate />
      <LastUpdateTime />
    </Product>
    <Product>
      <PriceUpdateDate>2019/01/30 08:40</PriceUpdateDate>
      <ItemCode>8000380007257</ItemCode>
      <ItemType>1</ItemType>
      <ItemName>וופל גרדנה 200</ItemName>
      <ManufactureName>ליימן שליסל בעמ</ManufactureName>
      <ManufactureCountry />
      <ManufactureItemDescription />
      <UnitQty>יח`</UnitQty>
      <Quantity>200</Quantity>
      <UnitMeasure>גרם</UnitMeasure>
      <BisWeighted>0</BisWeighted>
      <QtyInPackage>1</QtyInPackage>
      <ItemPrice>14.40</ItemPrice>
      <UnitOfMeasurePrice>7.20</UnitOfMeasurePrice>
      <AllowDiscount>1</AllowDiscount>
      <itemStatus>1</itemStatus>
      <LastUpdateDate />
      <LastUpdateTime />
    </Product>
    <Product>
      <PriceUpdateDate>2015/03/03 10:19</PriceUpdateDate>
      <ItemCode>8000380007264</ItemCode>
      <ItemType>1</ItemType>
      <ItemName>וופל קקאו לואקר (175 גרם)</ItemName>
      <ManufactureName>ליימן שליסל בעמ</ManufactureName>
      <ManufactureCountry />
      <ManufactureItemDescription />
      <UnitQty>יח`</UnitQty>
      <Quantity>175</Quantity>
      <UnitMeasure>גרם</UnitMeasure>
      <BisWeighted>0</BisWeighted>
      <QtyInPackage>1</QtyInPackage>
      <ItemPrice>10.90</ItemPrice>
      <UnitOfMeasurePrice>6.23</UnitOfMeasurePrice>
      <AllowDiscount>1</AllowDiscount>
      <itemStatus>1</itemStatus>
      <LastUpdateDate />
      <LastUpdateTime />
    </Product>
    <Product>
      <PriceUpdateDate>2015/05/27 11:55</PriceUpdateDate>
      <ItemCode>8000380106028</ItemCode>
      <ItemType>1</ItemType>
      <ItemName>טורטינה שישיה אורגינל לואקר 125 גר</ItemName>
      <ManufactureName>ליימן שליסל בעמ</ManufactureName>
      <ManufactureCountry />
      <ManufactureItemDescription />
      <UnitQty>יח`</UnitQty>
      <Quantity>125</Quantity>
      <UnitMeasure>גרם</UnitMeasure>
      <BisWeighted>0</BisWeighted>
      <QtyInPackage>1</QtyInPackage>
      <ItemPrice>17.90</ItemPrice>
      <UnitOfMeasurePrice>14.32</UnitOfMeasurePrice>
      <AllowDiscount>1</AllowDiscount>
      <itemStatus>1</itemStatus>
      <LastUpdateDate />
      <LastUpdateTime />
    </Product>
    <Product>
      <PriceUpdateDate>2019/02/28 09:46</PriceUpdateDate>
      <ItemCode>8000380144044</ItemCode>
      <ItemType>1</ItemType>
      <ItemName>וופל גרדנה שוקולד 200 גר</ItemName>
      <ManufactureName>ליימן שליסל בעמ</ManufactureName>
      <ManufactureCountry />
      <ManufactureItemDescription />
      <UnitQty>יח`</UnitQty>
      <Quantity>200</Quantity>
      <UnitMeasure>גרם</UnitMeasure>
      <BisWeighted>0</BisWeighted>
      <QtyInPackage>1</QtyInPackage>
      <ItemPrice>14.40</ItemPrice>
      <UnitOfMeasurePrice>7.20</UnitOfMeasurePrice>
      <AllowDiscount>1</AllowDiscount>
      <itemStatus>1</itemStatus>
      <LastUpdateDate />
      <LastUpdateTime />
    </Product>
    <Product>
      <PriceUpdateDate>2016/09/15 08:43</PriceUpdateDate>
      <ItemCode>8000380152704</ItemCode>
      <ItemType>1</ItemType>
      <ItemName>מארז חטיפי אצבעות גרדנה אגוז 125 גר</ItemName>
      <ManufactureName>ליימן שליסל בעמ</ManufactureName>
      <ManufactureCountry />
      <ManufactureItemDescription />
      <UnitQty>יח`</UnitQty>
      <Quantity>125</Quantity>
      <UnitMeasure>גרם</UnitMeasure>
      <BisWeighted>0</BisWeighted>
      <QtyInPackage>1</QtyInPackage>
      <ItemPrice>16.90</ItemPrice>
      <UnitOfMeasurePrice>13.52</UnitOfMeasurePrice>
      <AllowDiscount>0</AllowDiscount>
      <itemStatus>1</itemStatus>
      <LastUpdateDate />
      <LastUpdateTime />
    </Product>
    <Product>
      <PriceUpdateDate>2017/10/18 14:51</PriceUpdateDate>
      <ItemCode>8000380157440</ItemCode>
      <ItemType>1</ItemType>
      <ItemName>טבלת שוקולד קרם אגוזים לואקר (85 גרם)</ItemName>
      <ManufactureName>ליימן שליסל בעמ</ManufactureName>
      <ManufactureCountry />
      <ManufactureItemDescription />
      <UnitQty>יח`</UnitQty>
      <Quantity>85</Quantity>
      <UnitMeasure>גרם</UnitMeasure>
      <BisWeighted>0</BisWeighted>
      <QtyInPackage>1</QtyInPackage>
      <ItemPrice>7.90</ItemPrice>
      <UnitOfMeasurePrice>9.29</UnitOfMeasurePrice>
      <AllowDiscount>1</AllowDiscount>
      <itemStatus>1</itemStatus>
      <LastUpdateDate />
      <LastUpdateTime />
    </Product>
    <Product>
      <PriceUpdateDate>2016/03/23 08:55</PriceUpdateDate>
      <ItemCode>8000380180745</ItemCode>
      <ItemType>1</ItemType>
      <ItemName>קוארדטיני 250 גר` שוקו- חלב</ItemName>
      <ManufactureName>ליימן שליסל בעמ</ManufactureName>
      <ManufactureCountry />
      <ManufactureItemDescription />
      <UnitQty>יח`</UnitQty>
      <Quantity>250</Quantity>
      <UnitMeasure>גרם</UnitMeasure>
      <BisWeighted>0</BisWeighted>
      <QtyInPackage>1</QtyInPackage>
      <ItemPrice>14.90</ItemPrice>
      <UnitOfMeasurePrice>5.96</UnitOfMeasurePrice>
      <AllowDiscount>1</AllowDiscount>
      <itemStatus>1</itemStatus>
      <LastUpdateDate />
      <LastUpdateTime />
    </Product>
    <Product>
      <PriceUpdateDate>2018/02/06 12:14</PriceUpdateDate>
      <ItemCode>8000380180837</ItemCode>
      <ItemType>1</ItemType>
      <ItemName>לואקר גרנד פטסרי במילוי קרם קוקוס ובציפו</ItemName>
      <ManufactureName>ליימן שליסל בעמ</ManufactureName>
      <ManufactureCountry />
      <ManufactureItemDescription />
      <UnitQty>יח`</UnitQty>
      <Quantity>100</Quantity>
      <UnitMeasure>גרם</UnitMeasure>
      <BisWeighted>0</BisWeighted>
      <QtyInPackage>1</QtyInPackage>
      <ItemPrice>13.90</ItemPrice>
      <UnitOfMeasurePrice>13.90</UnitOfMeasurePrice>
      <AllowDiscount>1</AllowDiscount>
      <itemStatus>1</itemStatus>
      <LastUpdateDate />
      <LastUpdateTime />
    </Product>
    <Product>
      <PriceUpdateDate>2017/10/18 09:02</PriceUpdateDate>
      <ItemCode>8000380184323</ItemCode>
      <ItemType>1</ItemType>
      <ItemName>שוקולד לואקר מריר 80 גר`</ItemName>
      <ManufactureName>ליימן שליסל בעמ</ManufactureName>
      <ManufactureCountry />
      <ManufactureItemDescription />
      <UnitQty>יח`</UnitQty>
      <Quantity>80</Quantity>
      <UnitMeasure>גרם</UnitMeasure>
      <BisWeighted>0</BisWeighted>
      <QtyInPackage>1</QtyInPackage>
      <ItemPrice>7.90</ItemPrice>
      <UnitOfMeasurePrice>9.88</UnitOfMeasurePrice>
      <AllowDiscount>1</AllowDiscount>
      <itemStatus>1</itemStatus>
      <LastUpdateDate />
      <LastUpdateTime />
    </Product>
    <Product>
      <PriceUpdateDate>2017/10/18 09:02</PriceUpdateDate>
      <ItemCode>8000380184330</ItemCode>
      <ItemType>1</ItemType>
      <ItemName>שוקולד לואקר לבן 80 גר`</ItemName>
      <ManufactureName>ליימן שליסל בעמ</ManufactureName>
      <ManufactureCountry />
      <ManufactureItemDescription />
      <UnitQty>יח`</UnitQty>
      <Quantity>80</Quantity>
      <UnitMeasure>גרם</UnitMeasure>
      <BisWeighted>0</BisWeighted>
      <QtyInPackage>1</QtyInPackage>
      <ItemPrice>7.90</ItemPrice>
      <UnitOfMeasurePrice>9.88</UnitOfMeasurePrice>
      <AllowDiscount>1</AllowDiscount>
      <itemStatus>1</itemStatus>
      <LastUpdateDate />
      <LastUpdateTime />
    </Product>
    <Product>
      <PriceUpdateDate>2018/05/16 17:22</PriceUpdateDate>
      <ItemCode>8000380189281</ItemCode>
      <ItemType>1</ItemType>
      <ItemName>מארז מיני מיקס לואקר בשקית</ItemName>
      <ManufactureName>ליימן שליסל בעמ</ManufactureName>
      <ManufactureCountry />
      <ManufactureItemDescription />
      <UnitQty>יח`</UnitQty>
      <Quantity>210</Quantity>
      <UnitMeasure>גרם</UnitMeasure>
      <BisWeighted>0</BisWeighted>
      <QtyInPackage>1</QtyInPackage>
      <ItemPrice>24.90</ItemPrice>
      <UnitOfMeasurePrice>11.86</UnitOfMeasurePrice>
      <AllowDiscount>0</AllowDiscount>
      <itemStatus>1</itemStatus>
      <LastUpdateDate />
      <LastUpdateTime />
    </Product>
    <Product>
      <PriceUpdateDate>2019/05/08 15:45</PriceUpdateDate>
      <ItemCode>8000380192588</ItemCode>
      <ItemType>1</ItemType>
      <ItemName>קוארדטיני 250 גר` דאבל שוקולד</ItemName>
      <ManufactureName>ליימן שליסל בעמ</ManufactureName>
      <ManufactureCountry />
      <ManufactureItemDescription />
      <UnitQty>יח`</UnitQty>
      <Quantity>250</Quantity>
      <UnitMeasure>גרם</UnitMeasure>
      <BisWeighted>0</BisWeighted>
      <QtyInPackage>1</QtyInPackage>
      <ItemPrice>14.90</ItemPrice>
      <UnitOfMeasurePrice>5.96</UnitOfMeasurePrice>
      <AllowDiscount>1</AllowDiscount>
      <itemStatus>1</itemStatus>
      <LastUpdateDate />
      <LastUpdateTime />
    </Product>
    <Product>
      <PriceUpdateDate>2016/09/15 08:44</PriceUpdateDate>
      <ItemCode>8000500023624</ItemCode>
      <ItemType>1</ItemType>
      <ItemName>חטיף הפי היפו קינדר (5  יח`- 103.5 גרם)</ItemName>
      <ManufactureName>פרימיום-חברה לדברי מתיקה ולמסח</ManufactureName>
      <ManufactureCountry />
      <ManufactureItemDescription />
      <UnitQty>יח`</UnitQty>
      <Quantity>90</Quantity>
      <UnitMeasure>גרם</UnitMeasure>
      <BisWeighted>0</BisWeighted>
      <QtyInPackage>1</QtyInPackage>
      <ItemPrice>11.90</ItemPrice>
      <UnitOfMeasurePrice>13.22</UnitOfMeasurePrice>
      <AllowDiscount>0</AllowDiscount>
      <itemStatus>1</itemStatus>
      <LastUpdateDate />
      <LastUpdateTime />
    </Product>
    <Product>
      <PriceUpdateDate>2019/12/23 11:04</PriceUpdateDate>
      <ItemCode>8000500026731</ItemCode>
      <ItemType>1</ItemType>
      <ItemName>ביצת הפתעה קינדר (20x3 גרם)</ItemName>
      <ManufactureName>פרימיום-חברה לדברי מתיקה ולמסח</ManufactureName>
      <ManufactureCountry />
      <ManufactureItemDescription />
      <UnitQty>יח`</UnitQty>
      <Quantity>60</Quantity>
      <UnitMeasure>גרם</UnitMeasure>
      <BisWeighted>0</BisWeighted>
      <QtyInPackage>1</QtyInPackage>
      <ItemPrice>14.90</ItemPrice>
      <UnitOfMeasurePrice>24.83</UnitOfMeasurePrice>
      <AllowDiscount>0</AllowDiscount>
      <itemStatus>1</itemStatus>
      <LastUpdateDate />
      <LastUpdateTime />
    </Product>
    <Product>
      <PriceUpdateDate>2016/09/15 08:44</PriceUpdateDate>
      <ItemCode>8000500029350</ItemCode>
      <ItemType>1</ItemType>
      <ItemName>בואנו וופל קינדר (43x3 גרם)</ItemName>
      <ManufactureName>פרימיום-חברה לדברי מתיקה ולמסח</ManufactureName>
      <ManufactureCountry />
      <ManufactureItemDescription />
      <UnitQty>יח`</UnitQty>
      <Quantity>129</Quantity>
      <UnitMeasure>גרם</UnitMeasure>
      <BisWeighted>0</BisWeighted>
      <QtyInPackage>1</QtyInPackage>
      <ItemPrice>9.90</ItemPrice>
      <UnitOfMeasurePrice>7.67</UnitOfMeasurePrice>
      <AllowDiscount>1</AllowDiscount>
      <itemStatus>1</itemStatus>
      <LastUpdateDate />
      <LastUpdateTime />
    </Product>
    <Product>
      <PriceUpdateDate>2015/03/08 10:00</PriceUpdateDate>
      <ItemCode>8000500037874</ItemCode>
      <ItemType>1</ItemType>
      <ItemName>רושר בוני 200 גר`</ItemName>
      <ManufactureName>פרימיום-חברה לדברי מתיקה ולמסח</ManufactureName>
      <ManufactureCountry />
      <ManufactureItemDescription />
      <UnitQty>יח`</UnitQty>
      <Quantity>200</Quantity>
      <UnitMeasure>גרם</UnitMeasure>
      <BisWeighted>0</BisWeighted>
      <QtyInPackage>1</QtyInPackage>
      <ItemPrice>24.90</ItemPrice>
      <UnitOfMeasurePrice>12.45</UnitOfMeasurePrice>
      <AllowDiscount>0</AllowDiscount>
      <itemStatus>1</itemStatus>
      <LastUpdateDate />
      <LastUpdateTime />
    </Product>
    <Product>
      <PriceUpdateDate>2016/09/15 08:44</PriceUpdateDate>
      <ItemCode>8000500071083</ItemCode>
      <ItemType>1</ItemType>
      <ItemName>אצבעות שוקולד קינדר (16  יח`- 200 גרם)</ItemName>
      <ManufactureName>פרימיום-חברה לדברי מתיקה ולמסח</ManufactureName>
      <ManufactureCountry />
      <ManufactureItemDescription />
      <UnitQty>יח`</UnitQty>
      <Quantity>200</Quantity>
      <UnitMeasure>גרם</UnitMeasure>
      <BisWeighted>0</BisWeighted>
      <QtyInPackage>1</QtyInPackage>
      <ItemPrice>11.90</ItemPrice>
      <UnitOfMeasurePrice>5.95</UnitOfMeasurePrice>
      <AllowDiscount>0</AllowDiscount>
      <itemStatus>1</itemStatus>
      <LastUpdateDate />
      <LastUpdateTime />
    </Product>
    <Product>
      <PriceUpdateDate>2019/12/23 11:04</PriceUpdateDate>
      <ItemCode>8000500075708</ItemCode>
      <ItemType>1</ItemType>
      <ItemName>קינדר ג`וי שלשות - כחול</ItemName>
      <ManufactureName>פרימיום-חברה לדברי מתיקה ולמסח</ManufactureName>
      <ManufactureCountry />
      <ManufactureItemDescription />
      <UnitQty>יח`</UnitQty>
      <Quantity>60</Quantity>
      <UnitMeasure>גרם</UnitMeasure>
      <BisWeighted>0</BisWeighted>
      <QtyInPackage>1</QtyInPackage>
      <ItemPrice>14.90</ItemPrice>
      <UnitOfMeasurePrice>24.83</UnitOfMeasurePrice>
      <AllowDiscount>1</AllowDiscount>
      <itemStatus>1</itemStatus>
      <LastUpdateDate />
      <LastUpdateTime />
    </Product>
    <Product>
      <PriceUpdateDate>2016/09/15 08:44</PriceUpdateDate>
      <ItemCode>8000500121436</ItemCode>
      <ItemType>1</ItemType>
      <ItemName>בואנו וופל לבן קינדר (39x3 גרם)</ItemName>
      <ManufactureName>פרימיום-חברה לדברי מתיקה ולמסח</ManufactureName>
      <ManufactureCountry />
      <ManufactureItemDescription />
      <UnitQty>יח`</UnitQty>
      <Quantity>117</Quantity>
      <UnitMeasure>גרם</UnitMeasure>
      <BisWeighted>0</BisWeighted>
      <QtyInPackage>1</QtyInPackage>
      <ItemPrice>9.90</ItemPrice>
      <UnitOfMeasurePrice>8.46</UnitOfMeasurePrice>
      <AllowDiscount>1</AllowDiscount>
      <itemStatus>1</itemStatus>
      <LastUpdateDate />
      <LastUpdateTime />
    </Product>
    <Product>
      <PriceUpdateDate>2019/12/23 11:04</PriceUpdateDate>
      <ItemCode>8000500126325</ItemCode>
      <ItemType>1</ItemType>
      <ItemName>קינדר ג`וי שלשות - ורוד</ItemName>
      <ManufactureName>פרימיום-חברה לדברי מתיקה ולמסח</ManufactureName>
      <ManufactureCountry />
      <ManufactureItemDescription />
      <UnitQty>יח`</UnitQty>
      <Quantity>60</Quantity>
      <UnitMeasure>גרם</UnitMeasure>
      <BisWeighted>0</BisWeighted>
      <QtyInPackage>1</QtyInPackage>
      <ItemPrice>14.90</ItemPrice>
      <UnitOfMeasurePrice>24.83</UnitOfMeasurePrice>
      <AllowDiscount>1</AllowDiscount>
      <itemStatus>1</itemStatus>
      <LastUpdateDate />
      <LastUpdateTime />
    </Product>
    <Product>
      <PriceUpdateDate>2019/09/13 10:08</PriceUpdateDate>
      <ItemCode>8000500167656</ItemCode>
      <ItemType>1</ItemType>
      <ItemName>קינדר שוקולד עם דגנים</ItemName>
      <ManufactureName>פרימיום-חברה לדברי מתיקה ולמסח</ManufactureName>
      <ManufactureCountry />
      <ManufactureItemDescription />
      <UnitQty>יח`</UnitQty>
      <Quantity>1</Quantity>
      <UnitMeasure />
      <BisWeighted>0</BisWeighted>
      <QtyInPackage>1</QtyInPackage>
      <ItemPrice>7.90</ItemPrice>
      <UnitOfMeasurePrice>7.90</UnitOfMeasurePrice>
      <AllowDiscount>0</AllowDiscount>
      <itemStatus>1</itemStatus>
      <LastUpdateDate />
      <LastUpdateTime />
    </Product>
    <Product>
      <PriceUpdateDate>2018/01/09 09:00</PriceUpdateDate>
      <ItemCode>8000500177495</ItemCode>
      <ItemType>1</ItemType>
      <ItemName>טיק טק בקבוקון 98  גר`בטעם תפוז</ItemName>
      <ManufactureName>פרימיום-חברה לדברי מתיקה ולמסח</ManufactureName>
      <ManufactureCountry />
      <ManufactureItemDescription />
      <UnitQty>יח`</UnitQty>
      <Quantity>98</Quantity>
      <UnitMeasure>גרם</UnitMeasure>
      <BisWeighted>0</BisWeighted>
      <QtyInPackage>1</QtyInPackage>
      <ItemPrice>16.90</ItemPrice>
      <UnitOfMeasurePrice>17.24</UnitOfMeasurePrice>
      <AllowDiscount>0</AllowDiscount>
      <itemStatus>1</itemStatus>
      <LastUpdateDate />
      <LastUpdateTime />
    </Product>
    <Product>
      <PriceUpdateDate>2017/01/17 12:33</PriceUpdateDate>
      <ItemCode>8000500214114</ItemCode>
      <ItemType>1</ItemType>
      <ItemName>קינדר בואנו מריר DARK</ItemName>
      <ManufactureName>פרימיום-חברה לדברי מתיקה ולמסח</ManufactureName>
      <ManufactureCountry />
      <ManufactureItemDescription />
      <UnitQty>יח`</UnitQty>
      <Quantity>1</Quantity>
      <UnitMeasure />
      <BisWeighted>0</BisWeighted>
      <QtyInPackage>1</QtyInPackage>
      <ItemPrice>3.90</ItemPrice>
      <UnitOfMeasurePrice>3.90</UnitOfMeasurePrice>
      <AllowDiscount>0</AllowDiscount>
      <itemStatus>1</itemStatus>
      <LastUpdateDate />
      <LastUpdateTime />
    </Product>
    <Product>
      <PriceUpdateDate>2017/09/15 15:39</PriceUpdateDate>
      <ItemCode>8000500214138</ItemCode>
      <ItemType>1</ItemType>
      <ItemName>קינדר בואנו דארק שלשה</ItemName>
      <ManufactureName>פרימיום-חברה לדברי מתיקה ולמסח</ManufactureName>
      <ManufactureCountry />
      <ManufactureItemDescription />
      <UnitQty>יח`</UnitQty>
      <Quantity>129</Quantity>
      <UnitMeasure>גרם</UnitMeasure>
      <BisWeighted>0</BisWeighted>
      <QtyInPackage>1</QtyInPackage>
      <ItemPrice>9.90</ItemPrice>
      <UnitOfMeasurePrice>7.67</UnitOfMeasurePrice>
      <AllowDiscount>1</AllowDiscount>
      <itemStatus>1</itemStatus>
      <LastUpdateDate />
      <LastUpdateTime />
    </Product>
    <Product>
      <PriceUpdateDate>2018/05/23 14:57</PriceUpdateDate>
      <ItemCode>8000500227848</ItemCode>
      <ItemType>1</ItemType>
      <ItemName>נוטלה 132 גר` B ready</ItemName>
      <ManufactureName>פרימיום-חברה לדברי מתיקה ולמסח</ManufactureName>
      <ManufactureCountry />
      <ManufactureItemDescription />
      <UnitQty>יח`</UnitQty>
      <Quantity>132</Quantity>
      <UnitMeasure>גרם</UnitMeasure>
      <BisWeighted>0</BisWeighted>
      <QtyInPackage>1</QtyInPackage>
      <ItemPrice>11.90</ItemPrice>
      <UnitOfMeasurePrice>9.02</UnitOfMeasurePrice>
      <AllowDiscount>1</AllowDiscount>
      <itemStatus>1</itemStatus>
      <LastUpdateDate />
      <LastUpdateTime />
    </Product>
    <Product>
      <PriceUpdateDate>2018/03/08 08:31</PriceUpdateDate>
      <ItemCode>8000500247150</ItemCode>
      <ItemType>1</ItemType>
      <ItemName>פררו קולקשיון 172 גר`</ItemName>
      <ManufactureName>פרימיום-חברה לדברי מתיקה ולמסח</ManufactureName>
      <ManufactureCountry />
      <ManufactureItemDescription />
      <UnitQty>יח`</UnitQty>
      <Quantity>172</Quantity>
      <UnitMeasure>גרם</UnitMeasure>
      <BisWeighted>0</BisWeighted>
      <QtyInPackage>1</QtyInPackage>
      <ItemPrice>24.90</ItemPrice>
      <UnitOfMeasurePrice>14.48</UnitOfMeasurePrice>
      <AllowDiscount>0</AllowDiscount>
      <itemStatus>1</itemStatus>
      <LastUpdateDate />
      <LastUpdateTime />
    </Product>
    <Product>
      <PriceUpdateDate>2019/01/09 17:38</PriceUpdateDate>
      <ItemCode>8000500256213</ItemCode>
      <ItemType>1</ItemType>
      <ItemName>קינדר שוקולד מיני 120 גר`</ItemName>
      <ManufactureName>פרימיום-חברה לדברי מתיקה ולמסח</ManufactureName>
      <ManufactureCountry />
      <ManufactureItemDescription />
      <UnitQty>יח`</UnitQty>
      <Quantity>120</Quantity>
      <UnitMeasure>גרם</UnitMeasure>
      <BisWeighted>0</BisWeighted>
      <QtyInPackage>1</QtyInPackage>
      <ItemPrice>9.90</ItemPrice>
      <UnitOfMeasurePrice>8.25</UnitOfMeasurePrice>
      <AllowDiscount>1</AllowDiscount>
      <itemStatus>1</itemStatus>
      <LastUpdateDate />
      <LastUpdateTime />
    </Product>
    <Product>
      <PriceUpdateDate>2018/10/12 13:18</PriceUpdateDate>
      <ItemCode>8000500258798</ItemCode>
      <ItemType>1</ItemType>
      <ItemName>מעטפת שוקולד חלב עם אגוזי לוז 90 גר`</ItemName>
      <ManufactureName>פרימיום-חברה לדברי מתיקה ולמסח</ManufactureName>
      <ManufactureCountry />
      <ManufactureItemDescription />
      <UnitQty>יח`</UnitQty>
      <Quantity>100</Quantity>
      <UnitMeasure>גרם</UnitMeasure>
      <BisWeighted>0</BisWeighted>
      <QtyInPackage>1</QtyInPackage>
      <ItemPrice>13.90</ItemPrice>
      <UnitOfMeasurePrice>13.90</UnitOfMeasurePrice>
      <AllowDiscount>0</AllowDiscount>
      <itemStatus>1</itemStatus>
      <LastUpdateDate />
      <LastUpdateTime />
    </Product>
    <Product>
      <PriceUpdateDate>2018/08/09 18:42</PriceUpdateDate>
      <ItemCode>8000500267103</ItemCode>
      <ItemType>1</ItemType>
      <ItemName>10 עוגות אישית בעטיפה אישית 39  גר`קינדר</ItemName>
      <ManufactureName>פרימיום-חברה לדברי מתיקה ולמסח</ManufactureName>
      <ManufactureCountry />
      <ManufactureItemDescription />
      <UnitQty>יח`</UnitQty>
      <Quantity>390</Quantity>
      <UnitMeasure>גרם</UnitMeasure>
      <BisWeighted>0</BisWeighted>
      <QtyInPackage>1</QtyInPackage>
      <ItemPrice>19.90</ItemPrice>
      <UnitOfMeasurePrice>5.10</UnitOfMeasurePrice>
      <AllowDiscount>0</AllowDiscount>
      <itemStatus>1</itemStatus>
      <LastUpdateDate />
      <LastUpdateTime />
    </Product>
    <Product>
      <PriceUpdateDate>2020/03/24 08:14</PriceUpdateDate>
      <ItemCode>8000500268568</ItemCode>
      <ItemType>1</ItemType>
      <ItemName>בואנו וופל קינדר קוקוס (43x3 גרם)</ItemName>
      <ManufactureName>פרימיום-חברה לדברי מתיקה ולמסח</ManufactureName>
      <ManufactureCountry />
      <ManufactureItemDescription />
      <UnitQty>יח`</UnitQty>
      <Quantity>129</Quantity>
      <UnitMeasure>גרם</UnitMeasure>
      <BisWeighted>0</BisWeighted>
      <QtyInPackage>1</QtyInPackage>
      <ItemPrice>9.90</ItemPrice>
      <UnitOfMeasurePrice>7.67</UnitOfMeasurePrice>
      <AllowDiscount>1</AllowDiscount>
      <itemStatus>1</itemStatus>
      <LastUpdateDate />
      <LastUpdateTime />
    </Product>
    <Product>
      <PriceUpdateDate>2020/02/23 11:19</PriceUpdateDate>
      <ItemCode>8000500314562</ItemCode>
      <ItemType>1</ItemType>
      <ItemName>גראנד רושר 100 גר`</ItemName>
      <ManufactureName>פרימיום-חברה לדברי מתיקה ולמסח</ManufactureName>
      <ManufactureCountry />
      <ManufactureItemDescription />
      <UnitQty>יח`</UnitQty>
      <Quantity>100</Quantity>
      <UnitMeasure>גרם</UnitMeasure>
      <BisWeighted>0</BisWeighted>
      <QtyInPackage>1</QtyInPackage>
      <ItemPrice>14.90</ItemPrice>
      <UnitOfMeasurePrice>14.90</UnitOfMeasurePrice>
      <AllowDiscount>0</AllowDiscount>
      <itemStatus>1</itemStatus>
      <LastUpdateDate />
      <LastUpdateTime />
    </Product>
    <Product>
      <PriceUpdateDate>2018/10/12 13:18</PriceUpdateDate>
      <ItemCode>8000700000050</ItemCode>
      <ItemType>1</ItemType>
      <ItemName>דאב סבון מוצק רביעיה</ItemName>
      <ManufactureName>יוניליוור ישראל שיווק בעמ</ManufactureName>
      <ManufactureCountry />
      <ManufactureItemDescription />
      <UnitQty>יח`</UnitQty>
      <Quantity>400</Quantity>
      <UnitMeasure>גרם</UnitMeasure>
      <BisWeighted>0</BisWeighted>
      <QtyInPackage>1</QtyInPackage>
      <ItemPrice>12.90</ItemPrice>
      <UnitOfMeasurePrice>3.23</UnitOfMeasurePrice>
      <AllowDiscount>1</AllowDiscount>
      <itemStatus>1</itemStatus>
      <LastUpdateDate />
      <LastUpdateTime />
    </Product>
    <Product>
      <PriceUpdateDate>2015/11/30 12:18</PriceUpdateDate>
      <ItemCode>8000798000307</ItemCode>
      <ItemType>1</ItemType>
      <ItemName>מברשת מגהץ</ItemName>
      <ManufactureName>מ.א.ייצור ויבוא מטליות בעמ</ManufactureName>
      <ManufactureCountry />
      <ManufactureItemDescription />
      <UnitQty>יח`</UnitQty>
      <Quantity>1</Quantity>
      <UnitMeasure>יח`</UnitMeasure>
      <BisWeighted>0</BisWeighted>
      <QtyInPackage>1</QtyInPackage>
      <ItemPrice>5.90</ItemPrice>
      <UnitOfMeasurePrice>5.90</UnitOfMeasurePrice>
      <AllowDiscount>0</AllowDiscount>
      <itemStatus>1</itemStatus>
      <LastUpdateDate />
      <LastUpdateTime />
    </Product>
    <Product>
      <PriceUpdateDate>2015/12/01 18:43</PriceUpdateDate>
      <ItemCode>8000798000925</ItemCode>
      <ItemType>1</ItemType>
      <ItemName>מטאטא יהלום גב כסף</ItemName>
      <ManufactureName>מ.א.ייצור ויבוא מטליות בעמ</ManufactureName>
      <ManufactureCountry />
      <ManufactureItemDescription />
      <UnitQty>יח`</UnitQty>
      <Quantity>1</Quantity>
      <UnitMeasure>יח`</UnitMeasure>
      <BisWeighted>0</BisWeighted>
      <QtyInPackage>1</QtyInPackage>
      <ItemPrice>21.90</ItemPrice>
      <UnitOfMeasurePrice>21.90</UnitOfMeasurePrice>
      <AllowDiscount>0</AllowDiscount>
      <itemStatus>1</itemStatus>
      <LastUpdateDate />
      <LastUpdateTime />
    </Product>
    <Product>
      <PriceUpdateDate>2018/05/13 12:50</PriceUpdateDate>
      <ItemCode>8001003100164</ItemCode>
      <ItemType>1</ItemType>
      <ItemName>סוכריות ג`לי 450 גר` יוגטה</ItemName>
      <ManufactureName>ליימן שליסל בעמ</ManufactureName>
      <ManufactureCountry />
      <ManufactureItemDescription />
      <UnitQty>יח`</UnitQty>
      <Quantity>450</Quantity>
      <UnitMeasure>גרם</UnitMeasure>
      <BisWeighted>0</BisWeighted>
      <QtyInPackage>1</QtyInPackage>
      <ItemPrice>11.90</ItemPrice>
      <UnitOfMeasurePrice>2.64</UnitOfMeasurePrice>
      <AllowDiscount>1</AllowDiscount>
      <itemStatus>1</itemStatus>
      <LastUpdateDate />
      <LastUpdateTime />
    </Product>
    <Product>
      <PriceUpdateDate>2015/05/27 11:55</PriceUpdateDate>
      <ItemCode>8001003100218</ItemCode>
      <ItemType>1</ItemType>
      <ItemName>יוגטה גומי 800  גר`ג`לי</ItemName>
      <ManufactureName>ליימן שליסל בעמ</ManufactureName>
      <ManufactureCountry />
      <ManufactureItemDescription />
      <UnitQty>יח`</UnitQty>
      <Quantity>800</Quantity>
      <UnitMeasure>גרם</UnitMeasure>
      <BisWeighted>0</BisWeighted>
      <QtyInPackage>1</QtyInPackage>
      <ItemPrice>19.90</ItemPrice>
      <UnitOfMeasurePrice>2.49</UnitOfMeasurePrice>
      <AllowDiscount>0</AllowDiscount>
      <itemStatus>1</itemStatus>
      <LastUpdateDate />
      <LastUpdateTime />
    </Product>
    <Product>
      <PriceUpdateDate>2017/12/07 08:23</PriceUpdateDate>
      <ItemCode>8001060033177</ItemCode>
      <ItemType>1</ItemType>
      <ItemName>פסטה ביזיליקום פרווה 190 גר`</ItemName>
      <ManufactureName>דיפלומט היינץ</ManufactureName>
      <ManufactureCountry />
      <ManufactureItemDescription />
      <UnitQty>יח`</UnitQty>
      <Quantity>190</Quantity>
      <UnitMeasure>גרם</UnitMeasure>
      <BisWeighted>0</BisWeighted>
      <QtyInPackage>1</QtyInPackage>
      <ItemPrice>12.90</ItemPrice>
      <UnitOfMeasurePrice>6.79</UnitOfMeasurePrice>
      <AllowDiscount>0</AllowDiscount>
      <itemStatus>1</itemStatus>
      <LastUpdateDate />
      <LastUpdateTime />
    </Product>
    <Product>
      <PriceUpdateDate>2019/10/06 14:55</PriceUpdateDate>
      <ItemCode>8001090015969</ItemCode>
      <ItemType>1</ItemType>
      <ItemName>טבליות למדיח פלטינום הכל באחד פיירי (63)</ItemName>
      <ManufactureName>דיפלומט מפיצים (1968) בעמ</ManufactureName>
      <ManufactureCountry />
      <ManufactureItemDescription />
      <UnitQty>יח`</UnitQty>
      <Quantity>1</Quantity>
      <UnitMeasure />
      <BisWeighted>0</BisWeighted>
      <QtyInPackage>1</QtyInPackage>
      <ItemPrice>49.90</ItemPrice>
      <UnitOfMeasurePrice>49.90</UnitOfMeasurePrice>
      <AllowDiscount>0</AllowDiscount>
      <itemStatus>1</itemStatus>
      <LastUpdateDate />
      <LastUpdateTime />
    </Product>
    <Product>
      <PriceUpdateDate>2019/10/06 12:34</PriceUpdateDate>
      <ItemCode>8001090016003</ItemCode>
      <ItemType>1</ItemType>
      <ItemName>טבליות למדיח קלאסי הכל באחד פיירי</ItemName>
      <ManufactureName>דיפלומט מפיצים (1968) בעמ</ManufactureName>
      <ManufactureCountry />
      <ManufactureItemDescription />
      <UnitQty>יח`</UnitQty>
      <Quantity>1</Quantity>
      <UnitMeasure />
      <BisWeighted>0</BisWeighted>
      <QtyInPackage>1</QtyInPackage>
      <ItemPrice>49.90</ItemPrice>
      <UnitOfMeasurePrice>49.90</UnitOfMeasurePrice>
      <AllowDiscount>0</AllowDiscount>
      <itemStatus>1</itemStatus>
      <LastUpdateDate />
      <LastUpdateTime />
    </Product>
    <Product>
      <PriceUpdateDate>2016/06/19 08:05</PriceUpdateDate>
      <ItemCode>8001090033512</ItemCode>
      <ItemType>1</ItemType>
      <ItemName>טייד אבקת כביסה קולור 8 קג</ItemName>
      <ManufactureName>דיפלומט מפיצים (1968) בעמ</ManufactureName>
      <ManufactureCountry />
      <ManufactureItemDescription />
      <UnitQty>יח`</UnitQty>
      <Quantity>8000</Quantity>
      <UnitMeasure>גרם</UnitMeasure>
      <BisWeighted>0</BisWeighted>
      <QtyInPackage>1</QtyInPackage>
      <ItemPrice>59.90</ItemPrice>
      <UnitOfMeasurePrice>0.75</UnitOfMeasurePrice>
      <AllowDiscount>1</AllowDiscount>
      <itemStatus>1</itemStatus>
      <LastUpdateDate />
      <LastUpdateTime />
    </Product>
    <Product>
      <PriceUpdateDate>2019/07/09 07:10</PriceUpdateDate>
      <ItemCode>8001090222541</ItemCode>
      <ItemType>1</ItemType>
      <ItemName>הרבל אסנסס שמפו תות שדה ומנטה 400 מל</ItemName>
      <ManufactureName>דיפלומט מפיצים (1968) בעמ</ManufactureName>
      <ManufactureCountry />
      <ManufactureItemDescription />
      <UnitQty>יח`</UnitQty>
      <Quantity>400</Quantity>
      <UnitMeasure>מ"ל</UnitMeasure>
      <BisWeighted>0</BisWeighted>
      <QtyInPackage>1</QtyInPackage>
      <ItemPrice>23.90</ItemPrice>
      <UnitOfMeasurePrice>5.98</UnitOfMeasurePrice>
      <AllowDiscount>1</AllowDiscount>
      <itemStatus>1</itemStatus>
      <LastUpdateDate />
      <LastUpdateTime />
    </Product>
    <Product>
      <PriceUpdateDate>2019/07/09 07:10</PriceUpdateDate>
      <ItemCode>8001090222572</ItemCode>
      <ItemType>1</ItemType>
      <ItemName>הרבל אסנסס מרכך תות שדה ומנטה 400 מל</ItemName>
      <ManufactureName>דיפלומט מפיצים (1968) בעמ</ManufactureName>
      <ManufactureCountry />
      <ManufactureItemDescription />
      <UnitQty>יח`</UnitQty>
      <Quantity>400</Quantity>
      <UnitMeasure>מ"ל</UnitMeasure>
      <BisWeighted>0</BisWeighted>
      <QtyInPackage>1</QtyInPackage>
      <ItemPrice>23.90</ItemPrice>
      <UnitOfMeasurePrice>5.98</UnitOfMeasurePrice>
      <AllowDiscount>1</AllowDiscount>
      <itemStatus>1</itemStatus>
      <LastUpdateDate />
      <LastUpdateTime />
    </Product>
    <Product>
      <PriceUpdateDate>2019/07/09 07:10</PriceUpdateDate>
      <ItemCode>8001090222725</ItemCode>
      <ItemType>1</ItemType>
      <ItemName>הרבל אסנסס שמפו שמן מורינגה 400 מל</ItemName>
      <ManufactureName>דיפלומט מפיצים (1968) בעמ</ManufactureName>
      <ManufactureCountry />
      <ManufactureItemDescription />
      <UnitQty>יח`</UnitQty>
      <Quantity>400</Quantity>
      <UnitMeasure>מ"ל</UnitMeasure>
      <BisWeighted>0</BisWeighted>
      <QtyInPackage>1</QtyInPackage>
      <ItemPrice>23.90</ItemPrice>
      <UnitOfMeasurePrice>5.98</UnitOfMeasurePrice>
      <AllowDiscount>1</AllowDiscount>
      <itemStatus>1</itemStatus>
      <LastUpdateDate />
      <LastUpdateTime />
    </Product>
    <Product>
      <PriceUpdateDate>2019/07/09 07:10</PriceUpdateDate>
      <ItemCode>8001090222756</ItemCode>
      <ItemType>1</ItemType>
      <ItemName>הרבל אסנסס מרכך שמן מורינגה 400 מל</ItemName>
      <ManufactureName>דיפלומט מפיצים (1968) בעמ</ManufactureName>
      <ManufactureCountry />
      <ManufactureItemDescription />
      <UnitQty>יח`</UnitQty>
      <Quantity>400</Quantity>
      <UnitMeasure>מ"ל</UnitMeasure>
      <BisWeighted>0</BisWeighted>
      <QtyInPackage>1</QtyInPackage>
      <ItemPrice>23.90</ItemPrice>
      <UnitOfMeasurePrice>5.98</UnitOfMeasurePrice>
      <AllowDiscount>1</AllowDiscount>
      <itemStatus>1</itemStatus>
      <LastUpdateDate />
      <LastUpdateTime />
    </Product>
    <Product>
      <PriceUpdateDate>2019/07/09 07:10</PriceUpdateDate>
      <ItemCode>8001090222848</ItemCode>
      <ItemType>1</ItemType>
      <ItemName>הרבל אסנסס שמפו שיקום שמן ארגן 400 מל</ItemName>
      <ManufactureName>דיפלומט מפיצים (1968) בעמ</ManufactureName>
      <ManufactureCountry />
      <ManufactureItemDescription />
      <UnitQty>יח`</UnitQty>
      <Quantity>400</Quantity>
      <UnitMeasure>מ"ל</UnitMeasure>
      <BisWeighted>0</BisWeighted>
      <QtyInPackage>1</QtyInPackage>
      <ItemPrice>23.90</ItemPrice>
      <UnitOfMeasurePrice>5.98</UnitOfMeasurePrice>
      <AllowDiscount>1</AllowDiscount>
      <itemStatus>1</itemStatus>
      <LastUpdateDate />
      <LastUpdateTime />
    </Product>
    <Product>
      <PriceUpdateDate>2019/07/09 07:10</PriceUpdateDate>
      <ItemCode>8001090222879</ItemCode>
      <ItemType>1</ItemType>
      <ItemName>הרבל אסנסס מרכך שיקום שמן ארגן 400 מל</ItemName>
      <ManufactureName>דיפלומט מפיצים (1968) בעמ</ManufactureName>
      <ManufactureCountry />
      <ManufactureItemDescription />
      <UnitQty>יח`</UnitQty>
      <Quantity>400</Quantity>
      <UnitMeasure>מ"ל</UnitMeasure>
      <BisWeighted>0</BisWeighted>
      <QtyInPackage>1</QtyInPackage>
      <ItemPrice>23.90</ItemPrice>
      <UnitOfMeasurePrice>5.98</UnitOfMeasurePrice>
      <AllowDiscount>1</AllowDiscount>
      <itemStatus>1</itemStatus>
      <LastUpdateDate />
      <LastUpdateTime />
    </Product>
    <Product>
      <PriceUpdateDate>2019/11/04 12:49</PriceUpdateDate>
      <ItemCode>8001090336354</ItemCode>
      <ItemType>1</ItemType>
      <ItemName>חיתולי ביביי דריי מידה 2 ( 46 יח) פמפרס</ItemName>
      <ManufactureName>דיפלומט מפיצים (1968) בעמ</ManufactureName>
      <ManufactureCountry />
      <ManufactureItemDescription />
      <UnitQty>יח`</UnitQty>
      <Quantity>1</Quantity>
      <UnitMeasure />
      <BisWeighted>0</BisWeighted>
      <QtyInPackage>1</QtyInPackage>
      <ItemPrice>29.90</ItemPrice>
      <UnitOfMeasurePrice>29.90</UnitOfMeasurePrice>
      <AllowDiscount>1</AllowDiscount>
      <itemStatus>1</itemStatus>
      <LastUpdateDate />
      <LastUpdateTime />
    </Product>
    <Product>
      <PriceUpdateDate>2019/11/04 12:49</PriceUpdateDate>
      <ItemCode>8001090336408</ItemCode>
      <ItemType>1</ItemType>
      <ItemName>חיתולי ביביי דריי מידה 3 ( 38 יח) פמפרס</ItemName>
      <ManufactureName>דיפלומט מפיצים (1968) בעמ</ManufactureName>
      <ManufactureCountry />
      <ManufactureItemDescription />
      <UnitQty>יח`</UnitQty>
      <Quantity>1</Quantity>
      <UnitMeasure />
      <BisWeighted>0</BisWeighted>
      <QtyInPackage>1</QtyInPackage>
      <ItemPrice>29.90</ItemPrice>
      <UnitOfMeasurePrice>29.90</UnitOfMeasurePrice>
      <AllowDiscount>1</AllowDiscount>
      <itemStatus>1</itemStatus>
      <LastUpdateDate />
      <LastUpdateTime />
    </Product>
    <Product>
      <PriceUpdateDate>2019/11/04 12:49</PriceUpdateDate>
      <ItemCode>8001090336491</ItemCode>
      <ItemType>1</ItemType>
      <ItemName>חיתולי ביביי דריי מידה 4 +( 31 יח) פמפר</ItemName>
      <ManufactureName>דיפלומט מפיצים (1968) בעמ</ManufactureName>
      <ManufactureCountry />
      <ManufactureItemDescription />
      <UnitQty>יח`</UnitQty>
      <Quantity>1</Quantity>
      <UnitMeasure />
      <BisWeighted>0</BisWeighted>
      <QtyInPackage>1</QtyInPackage>
      <ItemPrice>29.90</ItemPrice>
      <UnitOfMeasurePrice>29.90</UnitOfMeasurePrice>
      <AllowDiscount>1</AllowDiscount>
      <itemStatus>1</itemStatus>
      <LastUpdateDate />
      <LastUpdateTime />
    </Product>
    <Product>
      <PriceUpdateDate>2019/11/04 12:49</PriceUpdateDate>
      <ItemCode>8001090336521</ItemCode>
      <ItemType>1</ItemType>
      <ItemName>חיתולי ביביי דריי מידה 5( 30 יח) פמפרס</ItemName>
      <ManufactureName>דיפלומט מפיצים (1968) בעמ</ManufactureName>
      <ManufactureCountry />
      <ManufactureItemDescription />
      <UnitQty>יח`</UnitQty>
      <Quantity>1</Quantity>
      <UnitMeasure />
      <BisWeighted>0</BisWeighted>
      <QtyInPackage>1</QtyInPackage>
      <ItemPrice>29.90</ItemPrice>
      <UnitOfMeasurePrice>29.90</UnitOfMeasurePrice>
      <AllowDiscount>1</AllowDiscount>
      <itemStatus>1</itemStatus>
      <LastUpdateDate />
      <LastUpdateTime />
    </Product>
    <Product>
      <PriceUpdateDate>2019/11/04 12:49</PriceUpdateDate>
      <ItemCode>8001090336606</ItemCode>
      <ItemType>1</ItemType>
      <ItemName>חיתולי ביביי דריי מידה ( 26 יח) פמפרס</ItemName>
      <ManufactureName>דיפלומט מפיצים (1968) בעמ</ManufactureName>
      <ManufactureCountry />
      <ManufactureItemDescription />
      <UnitQty>יח`</UnitQty>
      <Quantity>1</Quantity>
      <UnitMeasure />
      <BisWeighted>0</BisWeighted>
      <QtyInPackage>1</QtyInPackage>
      <ItemPrice>29.90</ItemPrice>
      <UnitOfMeasurePrice>29.90</UnitOfMeasurePrice>
      <AllowDiscount>1</AllowDiscount>
      <itemStatus>1</itemStatus>
      <LastUpdateDate />
      <LastUpdateTime />
    </Product>
    <Product>
      <PriceUpdateDate>2017/12/25 08:37</PriceUpdateDate>
      <ItemCode>8001090375230</ItemCode>
      <ItemType>1</ItemType>
      <ItemName>פנטן מרכך הקסם 200 מל לחות מוגברת</ItemName>
      <ManufactureName>דיפלומט מפיצים (1968) בעמ</ManufactureName>
      <ManufactureCountry />
      <ManufactureItemDescription />
      <UnitQty>יח`</UnitQty>
      <Quantity>200</Quantity>
      <UnitMeasure>מ"ל</UnitMeasure>
      <BisWeighted>0</BisWeighted>
      <QtyInPackage>1</QtyInPackage>
      <ItemPrice>24.90</ItemPrice>
      <UnitOfMeasurePrice>12.45</UnitOfMeasurePrice>
      <AllowDiscount>1</AllowDiscount>
      <itemStatus>1</itemStatus>
      <LastUpdateDate />
      <LastUpdateTime />
    </Product>
    <Product>
      <PriceUpdateDate>2017/12/25 08:37</PriceUpdateDate>
      <ItemCode>8001090375285</ItemCode>
      <ItemType>1</ItemType>
      <ItemName>פנטן מרכך הקסם 200 מל למגע רק כמשי</ItemName>
      <ManufactureName>דיפלומט מפיצים (1968) בעמ</ManufactureName>
      <ManufactureCountry />
      <ManufactureItemDescription />
      <UnitQty>יח`</UnitQty>
      <Quantity>200</Quantity>
      <UnitMeasure>מ"ל</UnitMeasure>
      <BisWeighted>0</BisWeighted>
      <QtyInPackage>1</QtyInPackage>
      <ItemPrice>24.90</ItemPrice>
      <UnitOfMeasurePrice>12.45</UnitOfMeasurePrice>
      <AllowDiscount>1</AllowDiscount>
      <itemStatus>1</itemStatus>
      <LastUpdateDate />
      <LastUpdateTime />
    </Product>
    <Product>
      <PriceUpdateDate>2017/11/07 08:11</PriceUpdateDate>
      <ItemCode>8001090379337</ItemCode>
      <ItemType>1</ItemType>
      <ItemName>חיתולי פמפרס פרימיום vp מידה 3 40 יח</ItemName>
      <ManufactureName>דיפלומט מפיצים (1968) בעמ</ManufactureName>
      <ManufactureCountry />
      <ManufactureItemDescription />
      <UnitQty>יח`</UnitQty>
      <Quantity>1</Quantity>
      <UnitMeasure />
      <BisWeighted>0</BisWeighted>
      <QtyInPackage>1</QtyInPackage>
      <ItemPrice>34.90</ItemPrice>
      <UnitOfMeasurePrice>34.90</UnitOfMeasurePrice>
      <AllowDiscount>1</AllowDiscount>
      <itemStatus>1</itemStatus>
      <LastUpdateDate />
      <LastUpdateTime />
    </Product>
    <Product>
      <PriceUpdateDate>2017/11/07 08:11</PriceUpdateDate>
      <ItemCode>8001090379368</ItemCode>
      <ItemType>1</ItemType>
      <ItemName>חיתולי פמפרס פרימיום vp מידה 4 34 יח</ItemName>
      <ManufactureName>דיפלומט מפיצים (1968) בעמ</ManufactureName>
      <ManufactureCountry />
      <ManufactureItemDescription />
      <UnitQty>יח`</UnitQty>
      <Quantity>1</Quantity>
      <UnitMeasure />
      <BisWeighted>0</BisWeighted>
      <QtyInPackage>1</QtyInPackage>
      <ItemPrice>34.90</ItemPrice>
      <UnitOfMeasurePrice>34.90</UnitOfMeasurePrice>
      <AllowDiscount>1</AllowDiscount>
      <itemStatus>1</itemStatus>
      <LastUpdateDate />
      <LastUpdateTime />
    </Product>
    <Product>
      <PriceUpdateDate>2017/11/06 14:50</PriceUpdateDate>
      <ItemCode>8001090379399</ItemCode>
      <ItemType>1</ItemType>
      <ItemName>חיתולי פמפרס פרימיום vp מידה 5 30 יח`</ItemName>
      <ManufactureName>דיפלומט מפיצים (1968) בעמ</ManufactureName>
      <ManufactureCountry />
      <ManufactureItemDescription />
      <UnitQty>יח`</UnitQty>
      <Quantity>1</Quantity>
      <UnitMeasure />
      <BisWeighted>0</BisWeighted>
      <QtyInPackage>1</QtyInPackage>
      <ItemPrice>34.90</ItemPrice>
      <UnitOfMeasurePrice>34.90</UnitOfMeasurePrice>
      <AllowDiscount>1</AllowDiscount>
      <itemStatus>1</itemStatus>
      <LastUpdateDate />
      <LastUpdateTime />
    </Product>
    <Product>
      <PriceUpdateDate>2017/08/17 09:07</PriceUpdateDate>
      <ItemCode>8001090458322</ItemCode>
      <ItemType>1</ItemType>
      <ItemName>פיירי ורדים ומשי 1.015 מל</ItemName>
      <ManufactureName>דיפלומט מפיצים (1968) בעמ</ManufactureName>
      <ManufactureCountry />
      <ManufactureItemDescription />
      <UnitQty>יח`</UnitQty>
      <Quantity>1.0150</Quantity>
      <UnitMeasure>1 ליטר</UnitMeasure>
      <BisWeighted>0</BisWeighted>
      <QtyInPackage>1</QtyInPackage>
      <ItemPrice>17.90</ItemPrice>
      <UnitOfMeasurePrice>17.64</UnitOfMeasurePrice>
      <AllowDiscount>1</AllowDiscount>
      <itemStatus>1</itemStatus>
      <LastUpdateDate />
      <LastUpdateTime />
    </Product>
    <Product>
      <PriceUpdateDate>2020/02/16 09:36</PriceUpdateDate>
      <ItemCode>8001090493637</ItemCode>
      <ItemType>1</ItemType>
      <ItemName>הד&amp;שולדרס שמפו לגבר אולטרא טוטאל קר 45</ItemName>
      <ManufactureName>דיפלומט מפיצים (1968) בעמ</ManufactureName>
      <ManufactureCountry />
      <ManufactureItemDescription />
      <UnitQty>יח`</UnitQty>
      <Quantity>450</Quantity>
      <UnitMeasure>מ"ל</UnitMeasure>
      <BisWeighted>0</BisWeighted>
      <QtyInPackage>1</QtyInPackage>
      <ItemPrice>20.90</ItemPrice>
      <UnitOfMeasurePrice>4.64</UnitOfMeasurePrice>
      <AllowDiscount>1</AllowDiscount>
      <itemStatus>1</itemStatus>
      <LastUpdateDate />
      <LastUpdateTime />
    </Product>
    <Product>
      <PriceUpdateDate>2020/02/16 09:36</PriceUpdateDate>
      <ItemCode>8001090678614</ItemCode>
      <ItemType>1</ItemType>
      <ItemName>שולדרס שמפו סופרים לחות 400 מל</ItemName>
      <ManufactureName>דיפלומט מפיצים (1968) בעמ</ManufactureName>
      <ManufactureCountry />
      <ManufactureItemDescription />
      <UnitQty>יח`</UnitQty>
      <Quantity>400</Quantity>
      <UnitMeasure>מ"ל</UnitMeasure>
      <BisWeighted>0</BisWeighted>
      <QtyInPackage>1</QtyInPackage>
      <ItemPrice>20.90</ItemPrice>
      <UnitOfMeasurePrice>5.23</UnitOfMeasurePrice>
      <AllowDiscount>1</AllowDiscount>
      <itemStatus>1</itemStatus>
      <LastUpdateDate />
      <LastUpdateTime />
    </Product>
    <Product>
      <PriceUpdateDate>2019/09/03 09:16</PriceUpdateDate>
      <ItemCode>8001090721150</ItemCode>
      <ItemType>1</ItemType>
      <ItemName>אריאל קפסולות לכביסה 40 יחידות</ItemName>
      <ManufactureName>דיפלומט מפיצים (1968) בעמ</ManufactureName>
      <ManufactureCountry />
      <ManufactureItemDescription />
      <UnitQty>יח`</UnitQty>
      <Quantity>1</Quantity>
      <UnitMeasure />
      <BisWeighted>0</BisWeighted>
      <QtyInPackage>1</QtyInPackage>
      <ItemPrice>39.90</ItemPrice>
      <UnitOfMeasurePrice>39.90</UnitOfMeasurePrice>
      <AllowDiscount>1</AllowDiscount>
      <itemStatus>1</itemStatus>
      <LastUpdateDate />
      <LastUpdateTime />
    </Product>
    <Product>
      <PriceUpdateDate>2018/02/19 08:35</PriceUpdateDate>
      <ItemCode>8001090734044</ItemCode>
      <ItemType>1</ItemType>
      <ItemName>מגן תחתון אולווייז מגה פק לארג` פרש 64 י</ItemName>
      <ManufactureName>דיפלומט מפיצים (1968) בעמ</ManufactureName>
      <ManufactureCountry />
      <ManufactureItemDescription />
      <UnitQty>יח`</UnitQty>
      <Quantity>1</Quantity>
      <UnitMeasure />
      <BisWeighted>0</BisWeighted>
      <QtyInPackage>1</QtyInPackage>
      <ItemPrice>26.90</ItemPrice>
      <UnitOfMeasurePrice>26.90</UnitOfMeasurePrice>
      <AllowDiscount>1</AllowDiscount>
      <itemStatus>1</itemStatus>
      <LastUpdateDate />
      <LastUpdateTime />
    </Product>
    <Product>
      <PriceUpdateDate>2018/02/19 08:35</PriceUpdateDate>
      <ItemCode>8001090740717</ItemCode>
      <ItemType>1</ItemType>
      <ItemName>מגן תחתון אולדייז נורמל אולווייז (76)</ItemName>
      <ManufactureName>דיפלומט מפיצים (1968) בעמ</ManufactureName>
      <ManufactureCountry />
      <ManufactureItemDescription />
      <UnitQty>יח`</UnitQty>
      <Quantity>1</Quantity>
      <UnitMeasure />
      <BisWeighted>0</BisWeighted>
      <QtyInPackage>1</QtyInPackage>
      <ItemPrice>26.90</ItemPrice>
      <UnitOfMeasurePrice>26.90</UnitOfMeasurePrice>
      <AllowDiscount>1</AllowDiscount>
      <itemStatus>1</itemStatus>
      <LastUpdateDate />
      <LastUpdateTime />
    </Product>
    <Product>
      <PriceUpdateDate>2020/03/09 11:59</PriceUpdateDate>
      <ItemCode>8001090784124</ItemCode>
      <ItemType>1</ItemType>
      <ItemName>חיתולי אקטיב בייבי וליופק מידה 4+ פמפרס</ItemName>
      <ManufactureName>דיפלומט מפיצים (1968) בעמ</ManufactureName>
      <ManufactureCountry />
      <ManufactureItemDescription />
      <UnitQty>יח`</UnitQty>
      <Quantity>1</Quantity>
      <UnitMeasure />
      <BisWeighted>0</BisWeighted>
      <QtyInPackage>1</QtyInPackage>
      <ItemPrice>29.90</ItemPrice>
      <UnitOfMeasurePrice>29.90</UnitOfMeasurePrice>
      <AllowDiscount>1</AllowDiscount>
      <itemStatus>1</itemStatus>
      <LastUpdateDate />
      <LastUpdateTime />
    </Product>
    <Product>
      <PriceUpdateDate>2019/03/26 09:32</PriceUpdateDate>
      <ItemCode>8001090802385</ItemCode>
      <ItemType>1</ItemType>
      <ItemName>טייד קפסולות ג`ל בניחוח לנור 26 יח</ItemName>
      <ManufactureName>דיפלומט מפיצים (1968) בעמ</ManufactureName>
      <ManufactureCountry />
      <ManufactureItemDescription />
      <UnitQty>יח`</UnitQty>
      <Quantity>1</Quantity>
      <UnitMeasure />
      <BisWeighted>0</BisWeighted>
      <QtyInPackage>1</QtyInPackage>
      <ItemPrice>29.90</ItemPrice>
      <UnitOfMeasurePrice>29.90</UnitOfMeasurePrice>
      <AllowDiscount>0</AllowDiscount>
      <itemStatus>1</itemStatus>
      <LastUpdateDate />
      <LastUpdateTime />
    </Product>
    <Product>
      <PriceUpdateDate>2020/02/16 09:36</PriceUpdateDate>
      <ItemCode>8001090810083</ItemCode>
      <ItemType>1</ItemType>
      <ItemName>מרכך נוסחה קלאסית  פנטן(500 מל)</ItemName>
      <ManufactureName>דיפלומט מפיצים (1968) בעמ</ManufactureName>
      <ManufactureCountry />
      <ManufactureItemDescription />
      <UnitQty>יח`</UnitQty>
      <Quantity>500</Quantity>
      <UnitMeasure>מ"ל</UnitMeasure>
      <BisWeighted>0</BisWeighted>
      <QtyInPackage>1</QtyInPackage>
      <ItemPrice>15.90</ItemPrice>
      <UnitOfMeasurePrice>3.18</UnitOfMeasurePrice>
      <AllowDiscount>1</AllowDiscount>
      <itemStatus>1</itemStatus>
      <LastUpdateDate />
      <LastUpdateTime />
    </Product>
    <Product>
      <PriceUpdateDate>2020/02/16 09:36</PriceUpdateDate>
      <ItemCode>8001090810120</ItemCode>
      <ItemType>1</ItemType>
      <ItemName>מרכך שמן מרוקאי משקם  פנטן(500 מל)</ItemName>
      <ManufactureName>דיפלומט מפיצים (1968) בעמ</ManufactureName>
      <ManufactureCountry />
      <ManufactureItemDescription />
      <UnitQty>יח`</UnitQty>
      <Quantity>500</Quantity>
      <UnitMeasure>מ"ל</UnitMeasure>
      <BisWeighted>0</BisWeighted>
      <QtyInPackage>1</QtyInPackage>
      <ItemPrice>15.90</ItemPrice>
      <UnitOfMeasurePrice>3.18</UnitOfMeasurePrice>
      <AllowDiscount>1</AllowDiscount>
      <itemStatus>1</itemStatus>
      <LastUpdateDate />
      <LastUpdateTime />
    </Product>
    <Product>
      <PriceUpdateDate>2020/02/16 09:36</PriceUpdateDate>
      <ItemCode>8001090810205</ItemCode>
      <ItemType>1</ItemType>
      <ItemName>שמפו נוסחה קלאסית  פנטן(500 מל)</ItemName>
      <ManufactureName>דיפלומט מפיצים (1968) בעמ</ManufactureName>
      <ManufactureCountry />
      <ManufactureItemDescription />
      <UnitQty>יח`</UnitQty>
      <Quantity>500</Quantity>
      <UnitMeasure>מ"ל</UnitMeasure>
      <BisWeighted>0</BisWeighted>
      <QtyInPackage>1</QtyInPackage>
      <ItemPrice>15.90</ItemPrice>
      <UnitOfMeasurePrice>3.18</UnitOfMeasurePrice>
      <AllowDiscount>1</AllowDiscount>
      <itemStatus>1</itemStatus>
      <LastUpdateDate />
      <LastUpdateTime />
    </Product>
    <Product>
      <PriceUpdateDate>2020/02/16 09:36</PriceUpdateDate>
      <ItemCode>8001090810281</ItemCode>
      <ItemType>1</ItemType>
      <ItemName>שמפו שמן מרוקאי משקם  פנטן(500 מל)</ItemName>
      <ManufactureName>דיפלומט מפיצים (1968) בעמ</ManufactureName>
      <ManufactureCountry />
      <ManufactureItemDescription />
      <UnitQty>יח`</UnitQty>
      <Quantity>500</Quantity>
      <UnitMeasure>מ"ל</UnitMeasure>
      <BisWeighted>0</BisWeighted>
      <QtyInPackage>1</QtyInPackage>
      <ItemPrice>15.90</ItemPrice>
      <UnitOfMeasurePrice>3.18</UnitOfMeasurePrice>
      <AllowDiscount>1</AllowDiscount>
      <itemStatus>1</itemStatus>
      <LastUpdateDate />
      <LastUpdateTime />
    </Product>
    <Product>
      <PriceUpdateDate>2020/02/16 09:36</PriceUpdateDate>
      <ItemCode>8001090810403</ItemCode>
      <ItemType>1</ItemType>
      <ItemName>שמפו למגע רק כמשי 500 מל פנטן</ItemName>
      <ManufactureName>דיפלומט מפיצים (1968) בעמ</ManufactureName>
      <ManufactureCountry />
      <ManufactureItemDescription />
      <UnitQty>יח`</UnitQty>
      <Quantity>500</Quantity>
      <UnitMeasure>מ"ל</UnitMeasure>
      <BisWeighted>0</BisWeighted>
      <QtyInPackage>1</QtyInPackage>
      <ItemPrice>15.90</ItemPrice>
      <UnitOfMeasurePrice>3.18</UnitOfMeasurePrice>
      <AllowDiscount>1</AllowDiscount>
      <itemStatus>1</itemStatus>
      <LastUpdateDate />
      <LastUpdateTime />
    </Product>
    <Product>
      <PriceUpdateDate>2018/12/19 08:33</PriceUpdateDate>
      <ItemCode>8001090833136</ItemCode>
      <ItemType>1</ItemType>
      <ItemName>אריאל ג`ל כביסה 2.255 ליטר בייבי</ItemName>
      <ManufactureName>דיפלומט מפיצים (1968) בעמ</ManufactureName>
      <ManufactureCountry />
      <ManufactureItemDescription />
      <UnitQty>יח`</UnitQty>
      <Quantity>1</Quantity>
      <UnitMeasure />
      <BisWeighted>0</BisWeighted>
      <QtyInPackage>1</QtyInPackage>
      <ItemPrice>32.90</ItemPrice>
      <UnitOfMeasurePrice>32.90</UnitOfMeasurePrice>
      <AllowDiscount>0</AllowDiscount>
      <itemStatus>1</itemStatus>
      <LastUpdateDate />
      <LastUpdateTime />
    </Product>
    <Product>
      <PriceUpdateDate>2019/09/03 09:16</PriceUpdateDate>
      <ItemCode>8001090833259</ItemCode>
      <ItemType>1</ItemType>
      <ItemName>אריאל ג`ל כביסה 3.740 ליטר בניחוח הרים</ItemName>
      <ManufactureName>דיפלומט מפיצים (1968) בעמ</ManufactureName>
      <ManufactureCountry />
      <ManufactureItemDescription />
      <UnitQty>יח`</UnitQty>
      <Quantity>1</Quantity>
      <UnitMeasure />
      <BisWeighted>0</BisWeighted>
      <QtyInPackage>1</QtyInPackage>
      <ItemPrice>39.90</ItemPrice>
      <UnitOfMeasurePrice>39.90</UnitOfMeasurePrice>
      <AllowDiscount>0</AllowDiscount>
      <itemStatus>1</itemStatus>
      <LastUpdateDate />
      <LastUpdateTime />
    </Product>
    <Product>
      <PriceUpdateDate>2018/10/14 12:14</PriceUpdateDate>
      <ItemCode>8001090943095</ItemCode>
      <ItemType>1</ItemType>
      <ItemName>פיירי אנטי בקטריאלי 1.015 ליטר</ItemName>
      <ManufactureName>דיפלומט מפיצים (1968) בעמ</ManufactureName>
      <ManufactureCountry />
      <ManufactureItemDescription />
      <UnitQty>יח`</UnitQty>
      <Quantity>1.0150</Quantity>
      <UnitMeasure>1 ליטר</UnitMeasure>
      <BisWeighted>0</BisWeighted>
      <QtyInPackage>1</QtyInPackage>
      <ItemPrice>17.90</ItemPrice>
      <UnitOfMeasurePrice>17.64</UnitOfMeasurePrice>
      <AllowDiscount>1</AllowDiscount>
      <itemStatus>1</itemStatus>
      <LastUpdateDate />
      <LastUpdateTime />
    </Product>
    <Product>
      <PriceUpdateDate>2020/02/16 09:36</PriceUpdateDate>
      <ItemCode>8001090988362</ItemCode>
      <ItemType>1</ItemType>
      <ItemName>שמפו לחות מוגברת  פנטן( 500  מל)</ItemName>
      <ManufactureName>דיפלומט מפיצים (1968) בעמ</ManufactureName>
      <ManufactureCountry />
      <ManufactureItemDescription />
      <UnitQty>יח`</UnitQty>
      <Quantity>500</Quantity>
      <UnitMeasure>מ"ל</UnitMeasure>
      <BisWeighted>0</BisWeighted>
      <QtyInPackage>1</QtyInPackage>
      <ItemPrice>15.90</ItemPrice>
      <UnitOfMeasurePrice>3.18</UnitOfMeasurePrice>
      <AllowDiscount>1</AllowDiscount>
      <itemStatus>1</itemStatus>
      <LastUpdateDate />
      <LastUpdateTime />
    </Product>
    <Product>
      <PriceUpdateDate>2020/02/16 09:36</PriceUpdateDate>
      <ItemCode>8001090988409</ItemCode>
      <ItemType>1</ItemType>
      <ItemName>שמפו לשיקום שיער צבוע  פנטן(500 מל)</ItemName>
      <ManufactureName>דיפלומט מפיצים (1968) בעמ</ManufactureName>
      <ManufactureCountry />
      <ManufactureItemDescription />
      <UnitQty>יח`</UnitQty>
      <Quantity>500</Quantity>
      <UnitMeasure>מ"ל</UnitMeasure>
      <BisWeighted>0</BisWeighted>
      <QtyInPackage>1</QtyInPackage>
      <ItemPrice>15.90</ItemPrice>
      <UnitOfMeasurePrice>3.18</UnitOfMeasurePrice>
      <AllowDiscount>1</AllowDiscount>
      <itemStatus>1</itemStatus>
      <LastUpdateDate />
      <LastUpdateTime />
    </Product>
    <Product>
      <PriceUpdateDate>2020/02/16 09:36</PriceUpdateDate>
      <ItemCode>8001090988447</ItemCode>
      <ItemType>1</ItemType>
      <ItemName>מרכך לתלתלים מושלמים  פנטן(500 מל)</ItemName>
      <ManufactureName>דיפלומט מפיצים (1968) בעמ</ManufactureName>
      <ManufactureCountry />
      <ManufactureItemDescription />
      <UnitQty>יח`</UnitQty>
      <Quantity>500</Quantity>
      <UnitMeasure>מ"ל</UnitMeasure>
      <BisWeighted>0</BisWeighted>
      <QtyInPackage>1</QtyInPackage>
      <ItemPrice>15.90</ItemPrice>
      <UnitOfMeasurePrice>3.18</UnitOfMeasurePrice>
      <AllowDiscount>1</AllowDiscount>
      <itemStatus>1</itemStatus>
      <LastUpdateDate />
      <LastUpdateTime />
    </Product>
    <Product>
      <PriceUpdateDate>2020/02/16 09:36</PriceUpdateDate>
      <ItemCode>8001090988843</ItemCode>
      <ItemType>1</ItemType>
      <ItemName>מרכך לחות מוגברת פנטן (500 מל)</ItemName>
      <ManufactureName>דיפלומט מפיצים (1968) בעמ</ManufactureName>
      <ManufactureCountry />
      <ManufactureItemDescription />
      <UnitQty>יח`</UnitQty>
      <Quantity>500</Quantity>
      <UnitMeasure>מ"ל</UnitMeasure>
      <BisWeighted>0</BisWeighted>
      <QtyInPackage>1</QtyInPackage>
      <ItemPrice>15.90</ItemPrice>
      <UnitOfMeasurePrice>3.18</UnitOfMeasurePrice>
      <AllowDiscount>1</AllowDiscount>
      <itemStatus>1</itemStatus>
      <LastUpdateDate />
      <LastUpdateTime />
    </Product>
    <Product>
      <PriceUpdateDate>2020/02/16 09:36</PriceUpdateDate>
      <ItemCode>8001090988881</ItemCode>
      <ItemType>1</ItemType>
      <ItemName>מרכך למגע רך כמשי  פנטן(500 מל)</ItemName>
      <ManufactureName>דיפלומט מפיצים (1968) בעמ</ManufactureName>
      <ManufactureCountry />
      <ManufactureItemDescription />
      <UnitQty>יח`</UnitQty>
      <Quantity>500</Quantity>
      <UnitMeasure>מ"ל</UnitMeasure>
      <BisWeighted>0</BisWeighted>
      <QtyInPackage>1</QtyInPackage>
      <ItemPrice>15.90</ItemPrice>
      <UnitOfMeasurePrice>3.18</UnitOfMeasurePrice>
      <AllowDiscount>1</AllowDiscount>
      <itemStatus>1</itemStatus>
      <LastUpdateDate />
      <LastUpdateTime />
    </Product>
    <Product>
      <PriceUpdateDate>2020/02/17 09:06</PriceUpdateDate>
      <ItemCode>8001090992338</ItemCode>
      <ItemType>1</ItemType>
      <ItemName>פיירי קפסולות למדיח פלטינום פלוס 50 יח</ItemName>
      <ManufactureName>דיפלומט מפיצים (1968) בעמ</ManufactureName>
      <ManufactureCountry />
      <ManufactureItemDescription />
      <UnitQty>יח`</UnitQty>
      <Quantity>1</Quantity>
      <UnitMeasure />
      <BisWeighted>0</BisWeighted>
      <QtyInPackage>1</QtyInPackage>
      <ItemPrice>49.90</ItemPrice>
      <UnitOfMeasurePrice>49.90</UnitOfMeasurePrice>
      <AllowDiscount>0</AllowDiscount>
      <itemStatus>1</itemStatus>
      <LastUpdateDate />
      <LastUpdateTime />
    </Product>
    <Product>
      <PriceUpdateDate>2015/09/29 15:29</PriceUpdateDate>
      <ItemCode>8001160000888</ItemCode>
      <ItemType>1</ItemType>
      <ItemName>גוטרייד ספורט תפוז</ItemName>
      <ManufactureName>טמפו משקאות בעמ</ManufactureName>
      <ManufactureCountry />
      <ManufactureItemDescription />
      <UnitQty>יח`</UnitQty>
      <Quantity>500</Quantity>
      <UnitMeasure>מ"ל</UnitMeasure>
      <BisWeighted>0</BisWeighted>
      <QtyInPackage>1</QtyInPackage>
      <ItemPrice>8.90</ItemPrice>
      <UnitOfMeasurePrice>1.72</UnitOfMeasurePrice>
      <AllowDiscount>0</AllowDiscount>
      <itemStatus>1</itemStatus>
      <LastUpdateDate />
      <LastUpdateTime />
    </Product>
    <Product>
      <PriceUpdateDate>2019/10/03 13:15</PriceUpdateDate>
      <ItemCode>8001841006512</ItemCode>
      <ItemType>1</ItemType>
      <ItemName>לנור כדוריות הבושם אוקיינוס 210 גר`</ItemName>
      <ManufactureName>דיפלומט מפיצים (1968) בעמ</ManufactureName>
      <ManufactureCountry />
      <ManufactureItemDescription />
      <UnitQty>יח`</UnitQty>
      <Quantity>210</Quantity>
      <UnitMeasure>גרם</UnitMeasure>
      <BisWeighted>0</BisWeighted>
      <QtyInPackage>1</QtyInPackage>
      <ItemPrice>37.90</ItemPrice>
      <UnitOfMeasurePrice>18.05</UnitOfMeasurePrice>
      <AllowDiscount>1</AllowDiscount>
      <itemStatus>1</itemStatus>
      <LastUpdateDate />
      <LastUpdateTime />
    </Product>
    <Product>
      <PriceUpdateDate>2019/10/03 13:15</PriceUpdateDate>
      <ItemCode>8001841006635</ItemCode>
      <ItemType>1</ItemType>
      <ItemName>לנור כדוריות הבושם סחלב 210 גר`</ItemName>
      <ManufactureName>דיפלומט מפיצים (1968) בעמ</ManufactureName>
      <ManufactureCountry />
      <ManufactureItemDescription />
      <UnitQty>יח`</UnitQty>
      <Quantity>210</Quantity>
      <UnitMeasure>גרם</UnitMeasure>
      <BisWeighted>0</BisWeighted>
      <QtyInPackage>1</QtyInPackage>
      <ItemPrice>37.90</ItemPrice>
      <UnitOfMeasurePrice>18.05</UnitOfMeasurePrice>
      <AllowDiscount>1</AllowDiscount>
      <itemStatus>1</itemStatus>
      <LastUpdateDate />
      <LastUpdateTime />
    </Product>
    <Product>
      <PriceUpdateDate>2019/03/18 12:25</PriceUpdateDate>
      <ItemCode>8001841053646</ItemCode>
      <ItemType>1</ItemType>
      <ItemName>אולוויז עבה נורמל פלוס 14 יח</ItemName>
      <ManufactureName>דיפלומט מפיצים (1968) בעמ</ManufactureName>
      <ManufactureCountry />
      <ManufactureItemDescription />
      <UnitQty>יח`</UnitQty>
      <Quantity>1</Quantity>
      <UnitMeasure />
      <BisWeighted>0</BisWeighted>
      <QtyInPackage>1</QtyInPackage>
      <ItemPrice>14.90</ItemPrice>
      <UnitOfMeasurePrice>14.90</UnitOfMeasurePrice>
      <AllowDiscount>0</AllowDiscount>
      <itemStatus>1</itemStatus>
      <LastUpdateDate />
      <LastUpdateTime />
    </Product>
    <Product>
      <PriceUpdateDate>2019/03/18 12:25</PriceUpdateDate>
      <ItemCode>8001841053684</ItemCode>
      <ItemType>1</ItemType>
      <ItemName>אולוויז עבה לונג +12יח`</ItemName>
      <ManufactureName>דיפלומט מפיצים (1968) בעמ</ManufactureName>
      <ManufactureCountry />
      <ManufactureItemDescription />
      <UnitQty>יח`</UnitQty>
      <Quantity>1</Quantity>
      <UnitMeasure />
      <BisWeighted>0</BisWeighted>
      <QtyInPackage>1</QtyInPackage>
      <ItemPrice>14.90</ItemPrice>
      <UnitOfMeasurePrice>14.90</UnitOfMeasurePrice>
      <AllowDiscount>0</AllowDiscount>
      <itemStatus>1</itemStatus>
      <LastUpdateDate />
      <LastUpdateTime />
    </Product>
    <Product>
      <PriceUpdateDate>2019/03/18 12:25</PriceUpdateDate>
      <ItemCode>8001841053806</ItemCode>
      <ItemType>1</ItemType>
      <ItemName>תחבושת עבה ללילה אולווייז) (10</ItemName>
      <ManufactureName>דיפלומט מפיצים (1968) בעמ</ManufactureName>
      <ManufactureCountry />
      <ManufactureItemDescription />
      <UnitQty>יח`</UnitQty>
      <Quantity>1</Quantity>
      <UnitMeasure />
      <BisWeighted>0</BisWeighted>
      <QtyInPackage>1</QtyInPackage>
      <ItemPrice>14.90</ItemPrice>
      <UnitOfMeasurePrice>14.90</UnitOfMeasurePrice>
      <AllowDiscount>0</AllowDiscount>
      <itemStatus>1</itemStatus>
      <LastUpdateDate />
      <LastUpdateTime />
    </Product>
    <Product>
      <PriceUpdateDate>2019/06/05 14:47</PriceUpdateDate>
      <ItemCode>8001841105093</ItemCode>
      <ItemType>1</ItemType>
      <ItemName>חיתולי פמפרס פרימיום vp מידה 6 ( 26 יח)</ItemName>
      <ManufactureName>דיפלומט מפיצים (1968) בעמ</ManufactureName>
      <ManufactureCountry />
      <ManufactureItemDescription />
      <UnitQty>יח`</UnitQty>
      <Quantity>1</Quantity>
      <UnitMeasure />
      <BisWeighted>0</BisWeighted>
      <QtyInPackage>1</QtyInPackage>
      <ItemPrice>34.90</ItemPrice>
      <UnitOfMeasurePrice>34.90</UnitOfMeasurePrice>
      <AllowDiscount>1</AllowDiscount>
      <itemStatus>1</itemStatus>
      <LastUpdateDate />
      <LastUpdateTime />
    </Product>
    <Product>
      <PriceUpdateDate>2019/10/04 13:15</PriceUpdateDate>
      <ItemCode>8001841137179</ItemCode>
      <ItemType>1</ItemType>
      <ItemName>הד אנד שולדרס הנוסחה הקלאסית 275 מל</ItemName>
      <ManufactureName>דיפלומט מפיצים (1968) בעמ</ManufactureName>
      <ManufactureCountry />
      <ManufactureItemDescription />
      <UnitQty>יח`</UnitQty>
      <Quantity>275</Quantity>
      <UnitMeasure>מ"ל</UnitMeasure>
      <BisWeighted>0</BisWeighted>
      <QtyInPackage>1</QtyInPackage>
      <ItemPrice>16.90</ItemPrice>
      <UnitOfMeasurePrice>6.15</UnitOfMeasurePrice>
      <AllowDiscount>0</AllowDiscount>
      <itemStatus>1</itemStatus>
      <LastUpdateDate />
      <LastUpdateTime />
    </Product>
    <Product>
      <PriceUpdateDate>2019/10/03 13:15</PriceUpdateDate>
      <ItemCode>8001841312118</ItemCode>
      <ItemType>1</ItemType>
      <ItemName>לנור כדוריות הבושם יסמין 210 גר`</ItemName>
      <ManufactureName>דיפלומט מפיצים (1968) בעמ</ManufactureName>
      <ManufactureCountry />
      <ManufactureItemDescription />
      <UnitQty>יח`</UnitQty>
      <Quantity>210</Quantity>
      <UnitMeasure>גרם</UnitMeasure>
      <BisWeighted>0</BisWeighted>
      <QtyInPackage>1</QtyInPackage>
      <ItemPrice>37.90</ItemPrice>
      <UnitOfMeasurePrice>18.05</UnitOfMeasurePrice>
      <AllowDiscount>1</AllowDiscount>
      <itemStatus>1</itemStatus>
      <LastUpdateDate />
      <LastUpdateTime />
    </Product>
    <Product>
      <PriceUpdateDate>2019/10/03 13:15</PriceUpdateDate>
      <ItemCode>8001841317830</ItemCode>
      <ItemType>1</ItemType>
      <ItemName>לנור מרכך מרוכז בניחוח יסמין 900 מל</ItemName>
      <ManufactureName>דיפלומט מפיצים (1968) בעמ</ManufactureName>
      <ManufactureCountry />
      <ManufactureItemDescription />
      <UnitQty>יח`</UnitQty>
      <Quantity>1</Quantity>
      <UnitMeasure />
      <BisWeighted>0</BisWeighted>
      <QtyInPackage>1</QtyInPackage>
      <ItemPrice>16.90</ItemPrice>
      <UnitOfMeasurePrice>16.90</UnitOfMeasurePrice>
      <AllowDiscount>0</AllowDiscount>
      <itemStatus>1</itemStatus>
      <LastUpdateDate />
      <LastUpdateTime />
    </Product>
    <Product>
      <PriceUpdateDate>2019/10/03 13:15</PriceUpdateDate>
      <ItemCode>8001841317861</ItemCode>
      <ItemType>1</ItemType>
      <ItemName>לנור מרכך מרוכז בניחוח אוקיינוס 900 מל</ItemName>
      <ManufactureName>דיפלומט מפיצים (1968) בעמ</ManufactureName>
      <ManufactureCountry />
      <ManufactureItemDescription />
      <UnitQty>יח`</UnitQty>
      <Quantity>1</Quantity>
      <UnitMeasure />
      <BisWeighted>0</BisWeighted>
      <QtyInPackage>1</QtyInPackage>
      <ItemPrice>16.90</ItemPrice>
      <UnitOfMeasurePrice>16.90</UnitOfMeasurePrice>
      <AllowDiscount>0</AllowDiscount>
      <itemStatus>1</itemStatus>
      <LastUpdateDate />
      <LastUpdateTime />
    </Product>
    <Product>
      <PriceUpdateDate>2019/10/03 13:15</PriceUpdateDate>
      <ItemCode>8001841317892</ItemCode>
      <ItemType>1</ItemType>
      <ItemName>לנור מרכך מרוכז בניחוח סחלב 900 מל</ItemName>
      <ManufactureName>דיפלומט מפיצים (1968) בעמ</ManufactureName>
      <ManufactureCountry />
      <ManufactureItemDescription />
      <UnitQty>יח`</UnitQty>
      <Quantity>1</Quantity>
      <UnitMeasure />
      <BisWeighted>0</BisWeighted>
      <QtyInPackage>1</QtyInPackage>
      <ItemPrice>16.90</ItemPrice>
      <UnitOfMeasurePrice>16.90</UnitOfMeasurePrice>
      <AllowDiscount>0</AllowDiscount>
      <itemStatus>1</itemStatus>
      <LastUpdateDate />
      <LastUpdateTime />
    </Product>
    <Product>
      <PriceUpdateDate>2020/03/17 12:56</PriceUpdateDate>
      <ItemCode>8001841625287</ItemCode>
      <ItemType>1</ItemType>
      <ItemName>נוזל כלים פיירי פלטינום לימון 1.015 מל</ItemName>
      <ManufactureName>דיפלומט מפיצים (1968) בעמ</ManufactureName>
      <ManufactureCountry />
      <ManufactureItemDescription />
      <UnitQty>יח`</UnitQty>
      <Quantity>1</Quantity>
      <UnitMeasure />
      <BisWeighted>0</BisWeighted>
      <QtyInPackage>1</QtyInPackage>
      <ItemPrice>17.90</ItemPrice>
      <UnitOfMeasurePrice>17.90</UnitOfMeasurePrice>
      <AllowDiscount>1</AllowDiscount>
      <itemStatus>1</itemStatus>
      <LastUpdateDate />
      <LastUpdateTime />
    </Product>
    <Product>
      <PriceUpdateDate>2020/03/17 12:56</PriceUpdateDate>
      <ItemCode>8001841625461</ItemCode>
      <ItemType>1</ItemType>
      <ItemName>נוזל כלים פלטינום אורגינל פיירי (515 מל</ItemName>
      <ManufactureName>דיפלומט מפיצים (1968) בעמ</ManufactureName>
      <ManufactureCountry />
      <ManufactureItemDescription />
      <UnitQty>יח`</UnitQty>
      <Quantity>515</Quantity>
      <UnitMeasure>מ"ל</UnitMeasure>
      <BisWeighted>0</BisWeighted>
      <QtyInPackage>1</QtyInPackage>
      <ItemPrice>11.90</ItemPrice>
      <UnitOfMeasurePrice>2.31</UnitOfMeasurePrice>
      <AllowDiscount>1</AllowDiscount>
      <itemStatus>1</itemStatus>
      <LastUpdateDate />
      <LastUpdateTime />
    </Product>
    <Product>
      <PriceUpdateDate>2017/12/17 08:19</PriceUpdateDate>
      <ItemCode>8002267014662</ItemCode>
      <ItemType>1</ItemType>
      <ItemName>ביצת הפתעה ברבי שלושה 60 גר`</ItemName>
      <ManufactureName>ליימן שליסל בעמ</ManufactureName>
      <ManufactureCountry />
      <ManufactureItemDescription />
      <UnitQty>יח`</UnitQty>
      <Quantity>60</Quantity>
      <UnitMeasure>גרם</UnitMeasure>
      <BisWeighted>0</BisWeighted>
      <QtyInPackage>1</QtyInPackage>
      <ItemPrice>12.90</ItemPrice>
      <UnitOfMeasurePrice>21.50</UnitOfMeasurePrice>
      <AllowDiscount>0</AllowDiscount>
      <itemStatus>1</itemStatus>
      <LastUpdateDate />
      <LastUpdateTime />
    </Product>
    <Product>
      <PriceUpdateDate>2018/11/14 08:09</PriceUpdateDate>
      <ItemCode>8002267016475</ItemCode>
      <ItemType>1</ItemType>
      <ItemName>ביצת שוקולד הפתעה בוב הבנאי 60 גר`</ItemName>
      <ManufactureName>ליימן שליסל בעמ</ManufactureName>
      <ManufactureCountry />
      <ManufactureItemDescription />
      <UnitQty>יח`</UnitQty>
      <Quantity>60</Quantity>
      <UnitMeasure>גרם</UnitMeasure>
      <BisWeighted>0</BisWeighted>
      <QtyInPackage>1</QtyInPackage>
      <ItemPrice>12.90</ItemPrice>
      <UnitOfMeasurePrice>21.50</UnitOfMeasurePrice>
      <AllowDiscount>0</AllowDiscount>
      <itemStatus>1</itemStatus>
      <LastUpdateDate />
      <LastUpdateTime />
    </Product>
    <Product>
      <PriceUpdateDate>2019/02/18 11:45</PriceUpdateDate>
      <ItemCode>8002270015649</ItemCode>
      <ItemType>1</ItemType>
      <ItemName>מים סאן פלגרינו 250 מל</ItemName>
      <ManufactureName>טמפו משקאות בעמ</ManufactureName>
      <ManufactureCountry />
      <ManufactureItemDescription />
      <UnitQty>יח`</UnitQty>
      <Quantity>250</Quantity>
      <UnitMeasure>מ"ל</UnitMeasure>
      <BisWeighted>0</BisWeighted>
      <QtyInPackage>1</QtyInPackage>
      <ItemPrice>5.90</ItemPrice>
      <UnitOfMeasurePrice>2.24</UnitOfMeasurePrice>
      <AllowDiscount>0</AllowDiscount>
      <itemStatus>1</itemStatus>
      <LastUpdateDate />
      <LastUpdateTime />
    </Product>
    <Product>
      <PriceUpdateDate>2018/01/09 08:45</PriceUpdateDate>
      <ItemCode>8002270846472</ItemCode>
      <ItemType>1</ItemType>
      <ItemName>מים סאן פלגרינו 500 מל מוגז</ItemName>
      <ManufactureName>טמפו משקאות בעמ</ManufactureName>
      <ManufactureCountry />
      <ManufactureItemDescription />
      <UnitQty>יח`</UnitQty>
      <Quantity>500</Quantity>
      <UnitMeasure>מ"ל</UnitMeasure>
      <BisWeighted>0</BisWeighted>
      <QtyInPackage>1</QtyInPackage>
      <ItemPrice>4.90</ItemPrice>
      <UnitOfMeasurePrice>0.92</UnitOfMeasurePrice>
      <AllowDiscount>0</AllowDiscount>
      <itemStatus>1</itemStatus>
      <LastUpdateDate />
      <LastUpdateTime />
    </Product>
    <Product>
      <PriceUpdateDate>2015/05/27 14:06</PriceUpdateDate>
      <ItemCode>8002450201008</ItemCode>
      <ItemType>1</ItemType>
      <ItemName>ורדי רספברי 750 מל</ItemName>
      <ManufactureName>הכרם - משקאות חריפים בעמ</ManufactureName>
      <ManufactureCountry />
      <ManufactureItemDescription />
      <UnitQty>יח`</UnitQty>
      <Quantity>750</Quantity>
      <UnitMeasure>מ"ל</UnitMeasure>
      <BisWeighted>0</BisWeighted>
      <QtyInPackage>1</QtyInPackage>
      <ItemPrice>24.90</ItemPrice>
      <UnitOfMeasurePrice>3.28</UnitOfMeasurePrice>
      <AllowDiscount>0</AllowDiscount>
      <itemStatus>1</itemStatus>
      <LastUpdateDate />
      <LastUpdateTime />
    </Product>
    <Product>
      <PriceUpdateDate>2015/05/27 14:06</PriceUpdateDate>
      <ItemCode>8002450202005</ItemCode>
      <ItemType>1</ItemType>
      <ItemName>שמפניה ספרקלטיני אסאי ורדי (750 מל)</ItemName>
      <ManufactureName>הכרם - משקאות חריפים בעמ</ManufactureName>
      <ManufactureCountry />
      <ManufactureItemDescription />
      <UnitQty>יח`</UnitQty>
      <Quantity>750</Quantity>
      <UnitMeasure>מ"ל</UnitMeasure>
      <BisWeighted>0</BisWeighted>
      <QtyInPackage>1</QtyInPackage>
      <ItemPrice>24.90</ItemPrice>
      <UnitOfMeasurePrice>3.28</UnitOfMeasurePrice>
      <AllowDiscount>0</AllowDiscount>
      <itemStatus>1</itemStatus>
      <LastUpdateDate />
      <LastUpdateTime />
    </Product>
    <Product>
      <PriceUpdateDate>2015/05/27 14:06</PriceUpdateDate>
      <ItemCode>8002450204009</ItemCode>
      <ItemType>1</ItemType>
      <ItemName>ורדי אפרסק 750 מל</ItemName>
      <ManufactureName>הכרם - משקאות חריפים בעמ</ManufactureName>
      <ManufactureCountry />
      <ManufactureItemDescription />
      <UnitQty>יח`</UnitQty>
      <Quantity>750</Quantity>
      <UnitMeasure>מ"ל</UnitMeasure>
      <BisWeighted>0</BisWeighted>
      <QtyInPackage>1</QtyInPackage>
      <ItemPrice>24.90</ItemPrice>
      <UnitOfMeasurePrice>3.28</UnitOfMeasurePrice>
      <AllowDiscount>0</AllowDiscount>
      <itemStatus>1</itemStatus>
      <LastUpdateDate />
      <LastUpdateTime />
    </Product>
    <Product>
      <PriceUpdateDate>2017/02/12 12:22</PriceUpdateDate>
      <ItemCode>8002450205006</ItemCode>
      <ItemType>1</ItemType>
      <ItemName>ספרקלטיני תות שדה ורדי בוסקה (750 מל)</ItemName>
      <ManufactureName>הכרם - משקאות חריפים בעמ</ManufactureName>
      <ManufactureCountry />
      <ManufactureItemDescription />
      <UnitQty>יח`</UnitQty>
      <Quantity>750</Quantity>
      <UnitMeasure>מ"ל</UnitMeasure>
      <BisWeighted>0</BisWeighted>
      <QtyInPackage>1</QtyInPackage>
      <ItemPrice>24.90</ItemPrice>
      <UnitOfMeasurePrice>3.28</UnitOfMeasurePrice>
      <AllowDiscount>0</AllowDiscount>
      <itemStatus>1</itemStatus>
      <LastUpdateDate />
      <LastUpdateTime />
    </Product>
    <Product>
      <PriceUpdateDate>2015/05/27 14:06</PriceUpdateDate>
      <ItemCode>8002450206003</ItemCode>
      <ItemType>1</ItemType>
      <ItemName>ספרקלטיני רימונים ורדי בוסקה (750 מל)</ItemName>
      <ManufactureName>הכרם - משקאות חריפים בעמ</ManufactureName>
      <ManufactureCountry />
      <ManufactureItemDescription />
      <UnitQty>יח`</UnitQty>
      <Quantity>750</Quantity>
      <UnitMeasure>מ"ל</UnitMeasure>
      <BisWeighted>0</BisWeighted>
      <QtyInPackage>1</QtyInPackage>
      <ItemPrice>24.90</ItemPrice>
      <UnitOfMeasurePrice>3.28</UnitOfMeasurePrice>
      <AllowDiscount>0</AllowDiscount>
      <itemStatus>1</itemStatus>
      <LastUpdateDate />
      <LastUpdateTime />
    </Product>
    <Product>
      <PriceUpdateDate>2019/08/02 12:57</PriceUpdateDate>
      <ItemCode>8002450208304</ItemCode>
      <ItemType>1</ItemType>
      <ItemName>ספארקלטיני ורדי גורצטראמינר (750 מל)</ItemName>
      <ManufactureName>הכרם - משקאות חריפים בעמ</ManufactureName>
      <ManufactureCountry />
      <ManufactureItemDescription />
      <UnitQty>יח`</UnitQty>
      <Quantity>750</Quantity>
      <UnitMeasure>מ"ל</UnitMeasure>
      <BisWeighted>0</BisWeighted>
      <QtyInPackage>1</QtyInPackage>
      <ItemPrice>24.90</ItemPrice>
      <UnitOfMeasurePrice>3.28</UnitOfMeasurePrice>
      <AllowDiscount>0</AllowDiscount>
      <itemStatus>1</itemStatus>
      <LastUpdateDate />
      <LastUpdateTime />
    </Product>
    <Product>
      <PriceUpdateDate>2015/12/01 18:43</PriceUpdateDate>
      <ItemCode>8003753900438</ItemCode>
      <ItemType>1</ItemType>
      <ItemName>קפה לאספרסו ביתי טחון דק אילי (250 גרם)</ItemName>
      <ManufactureName>קבוצת אסם סחר שות. מוגבלת</ManufactureName>
      <ManufactureCountry />
      <ManufactureItemDescription />
      <UnitQty>יח`</UnitQty>
      <Quantity>250</Quantity>
      <UnitMeasure>גרם</UnitMeasure>
      <BisWeighted>0</BisWeighted>
      <QtyInPackage>1</QtyInPackage>
      <ItemPrice>51.60</ItemPrice>
      <UnitOfMeasurePrice>20.64</UnitOfMeasurePrice>
      <AllowDiscount>1</AllowDiscount>
      <itemStatus>1</itemStatus>
      <LastUpdateDate />
      <LastUpdateTime />
    </Product>
    <Product>
      <PriceUpdateDate>2015/12/01 18:43</PriceUpdateDate>
      <ItemCode>8003753900469</ItemCode>
      <ItemType>1</ItemType>
      <ItemName>אילי אספרסו טחון בקלייה</ItemName>
      <ManufactureName>קבוצת אסם סחר שות. מוגבלת</ManufactureName>
      <ManufactureCountry />
      <ManufactureItemDescription />
      <UnitQty>יח`</UnitQty>
      <Quantity>250</Quantity>
      <UnitMeasure>גרם</UnitMeasure>
      <BisWeighted>0</BisWeighted>
      <QtyInPackage>1</QtyInPackage>
      <ItemPrice>51.60</ItemPrice>
      <UnitOfMeasurePrice>20.64</UnitOfMeasurePrice>
      <AllowDiscount>1</AllowDiscount>
      <itemStatus>1</itemStatus>
      <LastUpdateDate />
      <LastUpdateTime />
    </Product>
    <Product>
      <PriceUpdateDate>2017/03/24 13:04</PriceUpdateDate>
      <ItemCode>8004030295063</ItemCode>
      <ItemType>1</ItemType>
      <ItemName>סלט טונה עם בצל ברוטב עגבניות 160 גר ריו</ItemName>
      <ManufactureName>ש.שסטוביץ בעמ</ManufactureName>
      <ManufactureCountry />
      <ManufactureItemDescription />
      <UnitQty>יח`</UnitQty>
      <Quantity>160</Quantity>
      <UnitMeasure>גרם</UnitMeasure>
      <BisWeighted>0</BisWeighted>
      <QtyInPackage>1</QtyInPackage>
      <ItemPrice>17.90</ItemPrice>
      <UnitOfMeasurePrice>11.19</UnitOfMeasurePrice>
      <AllowDiscount>0</AllowDiscount>
      <itemStatus>1</itemStatus>
      <LastUpdateDate />
      <LastUpdateTime />
    </Product>
    <Product>
      <PriceUpdateDate>2015/09/09 09:45</PriceUpdateDate>
      <ItemCode>8004030344938</ItemCode>
      <ItemType>1</ItemType>
      <ItemName>ריו מארה טונה בשמן זית שלישיות 80 גרם</ItemName>
      <ManufactureName>ש.שסטוביץ בעמ</ManufactureName>
      <ManufactureCountry />
      <ManufactureItemDescription />
      <UnitQty>יח`</UnitQty>
      <Quantity>240</Quantity>
      <UnitMeasure>גרם</UnitMeasure>
      <BisWeighted>0</BisWeighted>
      <QtyInPackage>1</QtyInPackage>
      <ItemPrice>26.90</ItemPrice>
      <UnitOfMeasurePrice>11.21</UnitOfMeasurePrice>
      <AllowDiscount>0</AllowDiscount>
      <itemStatus>1</itemStatus>
      <LastUpdateDate />
      <LastUpdateTime />
    </Product>
    <Product>
      <PriceUpdateDate>2017/01/18 12:31</PriceUpdateDate>
      <ItemCode>8005110120015</ItemCode>
      <ItemType>1</ItemType>
      <ItemName>רכז עגבניות בשפרפרת 200mutti גרם</ItemName>
      <ManufactureName>רסטרטו יבוא ושיווק בעמ</ManufactureName>
      <ManufactureCountry />
      <ManufactureItemDescription />
      <UnitQty>יח`</UnitQty>
      <Quantity>200</Quantity>
      <UnitMeasure>גרם</UnitMeasure>
      <BisWeighted>0</BisWeighted>
      <QtyInPackage>1</QtyInPackage>
      <ItemPrice>6.90</ItemPrice>
      <UnitOfMeasurePrice>3.45</UnitOfMeasurePrice>
      <AllowDiscount>0</AllowDiscount>
      <itemStatus>1</itemStatus>
      <LastUpdateDate />
      <LastUpdateTime />
    </Product>
    <Product>
      <PriceUpdateDate>2018/02/05 13:09</PriceUpdateDate>
      <ItemCode>8005110170300</ItemCode>
      <ItemType>1</ItemType>
      <ItemName>עגבניות חתוכות דק 400 גר` שלישייה פולפה</ItemName>
      <ManufactureName>רסטרטו יבוא ושיווק בעמ</ManufactureName>
      <ManufactureCountry />
      <ManufactureItemDescription />
      <UnitQty>יח`</UnitQty>
      <Quantity>1200</Quantity>
      <UnitMeasure>גרם</UnitMeasure>
      <BisWeighted>0</BisWeighted>
      <QtyInPackage>1</QtyInPackage>
      <ItemPrice>16.90</ItemPrice>
      <UnitOfMeasurePrice>1.41</UnitOfMeasurePrice>
      <AllowDiscount>0</AllowDiscount>
      <itemStatus>1</itemStatus>
      <LastUpdateDate />
      <LastUpdateTime />
    </Product>
    <Product>
      <PriceUpdateDate>2017/02/09 08:22</PriceUpdateDate>
      <ItemCode>8005200516520</ItemCode>
      <ItemType>1</ItemType>
      <ItemName>תה קר אפרסק דיאט נסטי (1.5 ליטר)</ItemName>
      <ManufactureName>טמפו משקאות בעמ</ManufactureName>
      <ManufactureCountry />
      <ManufactureItemDescription />
      <UnitQty>יח`</UnitQty>
      <Quantity>1500</Quantity>
      <UnitMeasure>מ"ל</UnitMeasure>
      <BisWeighted>0</BisWeighted>
      <QtyInPackage>1</QtyInPackage>
      <ItemPrice>5.90</ItemPrice>
      <UnitOfMeasurePrice>0.39</UnitOfMeasurePrice>
      <AllowDiscount>1</AllowDiscount>
      <itemStatus>1</itemStatus>
      <LastUpdateDate />
      <LastUpdateTime />
    </Product>
    <Product>
      <PriceUpdateDate>2017/01/17 08:18</PriceUpdateDate>
      <ItemCode>8005803010357</ItemCode>
      <ItemType>1</ItemType>
      <ItemName>גריסיני קלאסי אמור די פאן (125 גרם)</ItemName>
      <ManufactureName>ליימן שליסל בעמ</ManufactureName>
      <ManufactureCountry />
      <ManufactureItemDescription />
      <UnitQty>יח`</UnitQty>
      <Quantity>125</Quantity>
      <UnitMeasure>גרם</UnitMeasure>
      <BisWeighted>0</BisWeighted>
      <QtyInPackage>1</QtyInPackage>
      <ItemPrice>7.90</ItemPrice>
      <UnitOfMeasurePrice>6.32</UnitOfMeasurePrice>
      <AllowDiscount>1</AllowDiscount>
      <itemStatus>1</itemStatus>
      <LastUpdateDate />
      <LastUpdateTime />
    </Product>
    <Product>
      <PriceUpdateDate>2017/01/17 08:18</PriceUpdateDate>
      <ItemCode>8005803010586</ItemCode>
      <ItemType>1</ItemType>
      <ItemName>גריסיני בטעם פיצה אמור די פאן (125 גרם)</ItemName>
      <ManufactureName>ליימן שליסל בעמ</ManufactureName>
      <ManufactureCountry />
      <ManufactureItemDescription />
      <UnitQty>יח`</UnitQty>
      <Quantity>125</Quantity>
      <UnitMeasure>גרם</UnitMeasure>
      <BisWeighted>0</BisWeighted>
      <QtyInPackage>1</QtyInPackage>
      <ItemPrice>7.90</ItemPrice>
      <UnitOfMeasurePrice>6.32</UnitOfMeasurePrice>
      <AllowDiscount>1</AllowDiscount>
      <itemStatus>1</itemStatus>
      <LastUpdateDate />
      <LastUpdateTime />
    </Product>
    <Product>
      <PriceUpdateDate>2015/05/27 14:32</PriceUpdateDate>
      <ItemCode>8007178120310</ItemCode>
      <ItemType>1</ItemType>
      <ItemName>חומץ בלסמי גקובזי 500 מל</ItemName>
      <ManufactureName>דיפלומט היינץ</ManufactureName>
      <ManufactureCountry />
      <ManufactureItemDescription />
      <UnitQty>יח`</UnitQty>
      <Quantity>500</Quantity>
      <UnitMeasure>מ"ל</UnitMeasure>
      <BisWeighted>0</BisWeighted>
      <QtyInPackage>1</QtyInPackage>
      <ItemPrice>25</ItemPrice>
      <UnitOfMeasurePrice>5</UnitOfMeasurePrice>
      <AllowDiscount>1</AllowDiscount>
      <itemStatus>1</itemStatus>
      <LastUpdateDate />
      <LastUpdateTime />
    </Product>
    <Product>
      <PriceUpdateDate>2016/08/31 09:07</PriceUpdateDate>
      <ItemCode>8008660210038</ItemCode>
      <ItemType>1</ItemType>
      <ItemName>מעדן תות שדה מנז אנד גאסר (300 גרם)</ItemName>
      <ManufactureName>תה ויסוצקי (ישראל) בעמ</ManufactureName>
      <ManufactureCountry />
      <ManufactureItemDescription />
      <UnitQty>יח`</UnitQty>
      <Quantity>300</Quantity>
      <UnitMeasure>גרם</UnitMeasure>
      <BisWeighted>0</BisWeighted>
      <QtyInPackage>1</QtyInPackage>
      <ItemPrice>16.90</ItemPrice>
      <UnitOfMeasurePrice>5.63</UnitOfMeasurePrice>
      <AllowDiscount>0</AllowDiscount>
      <itemStatus>1</itemStatus>
      <LastUpdateDate />
      <LastUpdateTime />
    </Product>
    <Product>
      <PriceUpdateDate>2017/05/11 09:09</PriceUpdateDate>
      <ItemCode>8008698004807</ItemCode>
      <ItemType>1</ItemType>
      <ItemName>קמח מיקס ללא גלוטן שר (1 קג)</ItemName>
      <ManufactureName>ל.י.ב. (לחיות יותר בטבע) בעמ</ManufactureName>
      <ManufactureCountry />
      <ManufactureItemDescription />
      <UnitQty>יח`</UnitQty>
      <Quantity>1</Quantity>
      <UnitMeasure>ק"ג</UnitMeasure>
      <BisWeighted>0</BisWeighted>
      <QtyInPackage>1</QtyInPackage>
      <ItemPrice>22.90</ItemPrice>
      <UnitOfMeasurePrice>22.90</UnitOfMeasurePrice>
      <AllowDiscount>0</AllowDiscount>
      <itemStatus>1</itemStatus>
      <LastUpdateDate />
      <LastUpdateTime />
    </Product>
    <Product>
      <PriceUpdateDate>2015/03/03 13:50</PriceUpdateDate>
      <ItemCode>8008698008157</ItemCode>
      <ItemType>1</ItemType>
      <ItemName>עוגיות דבל ללא גלוטן 100 גר</ItemName>
      <ManufactureName>ל.י.ב. (לחיות יותר בטבע) בעמ</ManufactureName>
      <ManufactureCountry />
      <ManufactureItemDescription />
      <UnitQty>יח`</UnitQty>
      <Quantity>100</Quantity>
      <UnitMeasure>גרם</UnitMeasure>
      <BisWeighted>0</BisWeighted>
      <QtyInPackage>1</QtyInPackage>
      <ItemPrice>10.90</ItemPrice>
      <UnitOfMeasurePrice>10.90</UnitOfMeasurePrice>
      <AllowDiscount>0</AllowDiscount>
      <itemStatus>1</itemStatus>
      <LastUpdateDate />
      <LastUpdateTime />
    </Product>
    <Product>
      <PriceUpdateDate>2020/01/14 08:22</PriceUpdateDate>
      <ItemCode>8008857500003</ItemCode>
      <ItemType>1</ItemType>
      <ItemName>פסטה רג`ייה אטריות עגולות דקות 500 גר`</ItemName>
      <ManufactureName>תומר יבוא ושיווק מוצרי מזון (1</ManufactureName>
      <ManufactureCountry />
      <ManufactureItemDescription />
      <UnitQty>יח`</UnitQty>
      <Quantity>500</Quantity>
      <UnitMeasure>גרם</UnitMeasure>
      <BisWeighted>0</BisWeighted>
      <QtyInPackage>1</QtyInPackage>
      <ItemPrice>7.90</ItemPrice>
      <UnitOfMeasurePrice>1.58</UnitOfMeasurePrice>
      <AllowDiscount>0</AllowDiscount>
      <itemStatus>1</itemStatus>
      <LastUpdateDate />
      <LastUpdateTime />
    </Product>
    <Product>
      <PriceUpdateDate>2020/01/14 08:22</PriceUpdateDate>
      <ItemCode>8008857601090</ItemCode>
      <ItemType>1</ItemType>
      <ItemName>קנלוני רג`יה 250  גר`תומר</ItemName>
      <ManufactureName>תומר יבוא ושיווק מוצרי מזון (1</ManufactureName>
      <ManufactureCountry />
      <ManufactureItemDescription />
      <UnitQty>יח`</UnitQty>
      <Quantity>250</Quantity>
      <UnitMeasure>גרם</UnitMeasure>
      <BisWeighted>0</BisWeighted>
      <QtyInPackage>1</QtyInPackage>
      <ItemPrice>8.90</ItemPrice>
      <UnitOfMeasurePrice>3.56</UnitOfMeasurePrice>
      <AllowDiscount>0</AllowDiscount>
      <itemStatus>1</itemStatus>
      <LastUpdateDate />
      <LastUpdateTime />
    </Product>
    <Product>
      <PriceUpdateDate>2020/05/01 12:30</PriceUpdateDate>
      <ItemCode>8009470009027</ItemCode>
      <ItemType>1</ItemType>
      <ItemName>סימבה כלב עוף והודו 415גר`</ItemName>
      <ManufactureName>שחורי אריה ואנסטסיה</ManufactureName>
      <ManufactureCountry />
      <ManufactureItemDescription />
      <UnitQty>יח`</UnitQty>
      <Quantity>1</Quantity>
      <UnitMeasure />
      <BisWeighted>0</BisWeighted>
      <QtyInPackage>1</QtyInPackage>
      <ItemPrice>4</ItemPrice>
      <UnitOfMeasurePrice>4</UnitOfMeasurePrice>
      <AllowDiscount>0</AllowDiscount>
      <itemStatus>1</itemStatus>
      <LastUpdateDate />
      <LastUpdateTime />
    </Product>
    <Product>
      <PriceUpdateDate>2020/05/01 12:30</PriceUpdateDate>
      <ItemCode>8009470009164</ItemCode>
      <ItemType>1</ItemType>
      <ItemName>סימבה כלב כבש 415גר`</ItemName>
      <ManufactureName>שחורי אריה ואנסטסיה</ManufactureName>
      <ManufactureCountry />
      <ManufactureItemDescription />
      <UnitQty>יח`</UnitQty>
      <Quantity>1</Quantity>
      <UnitMeasure />
      <BisWeighted>0</BisWeighted>
      <QtyInPackage>1</QtyInPackage>
      <ItemPrice>4</ItemPrice>
      <UnitOfMeasurePrice>4</UnitOfMeasurePrice>
      <AllowDiscount>0</AllowDiscount>
      <itemStatus>1</itemStatus>
      <LastUpdateDate />
      <LastUpdateTime />
    </Product>
    <Product>
      <PriceUpdateDate>2015/11/20 06:45</PriceUpdateDate>
      <ItemCode>8009915000282</ItemCode>
      <ItemType>1</ItemType>
      <ItemName>פסטה פטוצ`יני ללא גלוטן 250 גרם</ItemName>
      <ManufactureName>אימפורט פור יו בעמ</ManufactureName>
      <ManufactureCountry />
      <ManufactureItemDescription />
      <UnitQty>יח`</UnitQty>
      <Quantity>250</Quantity>
      <UnitMeasure>גרם</UnitMeasure>
      <BisWeighted>0</BisWeighted>
      <QtyInPackage>1</QtyInPackage>
      <ItemPrice>12.90</ItemPrice>
      <UnitOfMeasurePrice>5.16</UnitOfMeasurePrice>
      <AllowDiscount>0</AllowDiscount>
      <itemStatus>1</itemStatus>
      <LastUpdateDate />
      <LastUpdateTime />
    </Product>
    <Product>
      <PriceUpdateDate>2015/12/01 08:21</PriceUpdateDate>
      <ItemCode>8011033011279</ItemCode>
      <ItemType>1</ItemType>
      <ItemName>קוסקוס מרקש דין שיווק (1 קג)</ItemName>
      <ManufactureName>דין שיווק וקליה בעמ</ManufactureName>
      <ManufactureCountry />
      <ManufactureItemDescription />
      <UnitQty>יח`</UnitQty>
      <Quantity>1000</Quantity>
      <UnitMeasure>גרם</UnitMeasure>
      <BisWeighted>0</BisWeighted>
      <QtyInPackage>1</QtyInPackage>
      <ItemPrice>9.90</ItemPrice>
      <UnitOfMeasurePrice>0.99</UnitOfMeasurePrice>
      <AllowDiscount>0</AllowDiscount>
      <itemStatus>1</itemStatus>
      <LastUpdateDate />
      <LastUpdateTime />
    </Product>
    <Product>
      <PriceUpdateDate>2015/02/24 12:27</PriceUpdateDate>
      <ItemCode>8023678161387</ItemCode>
      <ItemType>1</ItemType>
      <ItemName>משקה סויה 8% אורגני 1ליטר ISOLA</ItemName>
      <ManufactureName>ל.י.ב. (לחיות יותר בטבע) בעמ</ManufactureName>
      <ManufactureCountry />
      <ManufactureItemDescription />
      <UnitQty>יח`</UnitQty>
      <Quantity>1000</Quantity>
      <UnitMeasure>מ"ל</UnitMeasure>
      <BisWeighted>0</BisWeighted>
      <QtyInPackage>1</QtyInPackage>
      <ItemPrice>9.90</ItemPrice>
      <UnitOfMeasurePrice>0.99</UnitOfMeasurePrice>
      <AllowDiscount>0</AllowDiscount>
      <itemStatus>1</itemStatus>
      <LastUpdateDate />
      <LastUpdateTime />
    </Product>
    <Product>
      <PriceUpdateDate>2015/06/28 16:54</PriceUpdateDate>
      <ItemCode>8023678162360</ItemCode>
      <ItemType>1</ItemType>
      <ItemName>משקה שקדים 8% אורגני 1ליטר ISOLA</ItemName>
      <ManufactureName>ל.י.ב. (לחיות יותר בטבע) בעמ</ManufactureName>
      <ManufactureCountry />
      <ManufactureItemDescription />
      <UnitQty>יח`</UnitQty>
      <Quantity>1000</Quantity>
      <UnitMeasure>מ"ל</UnitMeasure>
      <BisWeighted>0</BisWeighted>
      <QtyInPackage>1</QtyInPackage>
      <ItemPrice>16.90</ItemPrice>
      <UnitOfMeasurePrice>1.69</UnitOfMeasurePrice>
      <AllowDiscount>0</AllowDiscount>
      <itemStatus>1</itemStatus>
      <LastUpdateDate />
      <LastUpdateTime />
    </Product>
    <Product>
      <PriceUpdateDate>2017/12/24 11:46</PriceUpdateDate>
      <ItemCode>8076800195019</ItemCode>
      <ItemType>1</ItemType>
      <ItemName>קפליני מספר 1 ברילה (500 גרם)</ItemName>
      <ManufactureName>ש.שסטוביץ בעמ</ManufactureName>
      <ManufactureCountry />
      <ManufactureItemDescription />
      <UnitQty>יח`</UnitQty>
      <Quantity>500</Quantity>
      <UnitMeasure>גרם</UnitMeasure>
      <BisWeighted>0</BisWeighted>
      <QtyInPackage>1</QtyInPackage>
      <ItemPrice>5.90</ItemPrice>
      <UnitOfMeasurePrice>1.18</UnitOfMeasurePrice>
      <AllowDiscount>1</AllowDiscount>
      <itemStatus>1</itemStatus>
      <LastUpdateDate />
      <LastUpdateTime />
    </Product>
    <Product>
      <PriceUpdateDate>2017/12/24 11:46</PriceUpdateDate>
      <ItemCode>8076800195033</ItemCode>
      <ItemType>1</ItemType>
      <ItemName>ספגטיני מספר 3 ברילה (500 גרם)</ItemName>
      <ManufactureName>ש.שסטוביץ בעמ</ManufactureName>
      <ManufactureCountry />
      <ManufactureItemDescription />
      <UnitQty>יח`</UnitQty>
      <Quantity>500</Quantity>
      <UnitMeasure>גרם</UnitMeasure>
      <BisWeighted>0</BisWeighted>
      <QtyInPackage>1</QtyInPackage>
      <ItemPrice>5.90</ItemPrice>
      <UnitOfMeasurePrice>1.18</UnitOfMeasurePrice>
      <AllowDiscount>1</AllowDiscount>
      <itemStatus>1</itemStatus>
      <LastUpdateDate />
      <LastUpdateTime />
    </Product>
    <Product>
      <PriceUpdateDate>2017/12/24 11:46</PriceUpdateDate>
      <ItemCode>8076800195057</ItemCode>
      <ItemType>1</ItemType>
      <ItemName>ספגטיני מספר 5 ברילה (500 גרם)</ItemName>
      <ManufactureName>ש.שסטוביץ בעמ</ManufactureName>
      <ManufactureCountry />
      <ManufactureItemDescription />
      <UnitQty>יח`</UnitQty>
      <Quantity>500</Quantity>
      <UnitMeasure>גרם</UnitMeasure>
      <BisWeighted>0</BisWeighted>
      <QtyInPackage>1</QtyInPackage>
      <ItemPrice>5.90</ItemPrice>
      <UnitOfMeasurePrice>1.18</UnitOfMeasurePrice>
      <AllowDiscount>1</AllowDiscount>
      <itemStatus>1</itemStatus>
      <LastUpdateDate />
      <LastUpdateTime />
    </Product>
    <Product>
      <PriceUpdateDate>2017/12/24 11:46</PriceUpdateDate>
      <ItemCode>8076800315271</ItemCode>
      <ItemType>1</ItemType>
      <ItemName>פסטה מס 28 ברילה (500 גרם)</ItemName>
      <ManufactureName>ש.שסטוביץ בעמ</ManufactureName>
      <ManufactureCountry />
      <ManufactureItemDescription />
      <UnitQty>יח`</UnitQty>
      <Quantity>500</Quantity>
      <UnitMeasure>גרם</UnitMeasure>
      <BisWeighted>0</BisWeighted>
      <QtyInPackage>1</QtyInPackage>
      <ItemPrice>5.90</ItemPrice>
      <UnitOfMeasurePrice>1.18</UnitOfMeasurePrice>
      <AllowDiscount>0</AllowDiscount>
      <itemStatus>1</itemStatus>
      <LastUpdateDate />
      <LastUpdateTime />
    </Product>
    <Product>
      <PriceUpdateDate>2017/12/24 11:46</PriceUpdateDate>
      <ItemCode>8076802085738</ItemCode>
      <ItemType>1</ItemType>
      <ItemName>פסטה פנה ריגטה מספר 73 ברילה (500 גרם)</ItemName>
      <ManufactureName>ש.שסטוביץ בעמ</ManufactureName>
      <ManufactureCountry />
      <ManufactureItemDescription />
      <UnitQty>יח`</UnitQty>
      <Quantity>500</Quantity>
      <UnitMeasure>גרם</UnitMeasure>
      <BisWeighted>0</BisWeighted>
      <QtyInPackage>1</QtyInPackage>
      <ItemPrice>5.90</ItemPrice>
      <UnitOfMeasurePrice>1.18</UnitOfMeasurePrice>
      <AllowDiscount>1</AllowDiscount>
      <itemStatus>1</itemStatus>
      <LastUpdateDate />
      <LastUpdateTime />
    </Product>
    <Product>
      <PriceUpdateDate>2017/12/24 11:46</PriceUpdateDate>
      <ItemCode>8076802085837</ItemCode>
      <ItemType>1</ItemType>
      <ItemName>פסטה טורטיליוני מספר 83 ברילה (500 גרם)</ItemName>
      <ManufactureName>ש.שסטוביץ בעמ</ManufactureName>
      <ManufactureCountry />
      <ManufactureItemDescription />
      <UnitQty>יח`</UnitQty>
      <Quantity>500</Quantity>
      <UnitMeasure>גרם</UnitMeasure>
      <BisWeighted>0</BisWeighted>
      <QtyInPackage>1</QtyInPackage>
      <ItemPrice>5.90</ItemPrice>
      <UnitOfMeasurePrice>1.18</UnitOfMeasurePrice>
      <AllowDiscount>1</AllowDiscount>
      <itemStatus>1</itemStatus>
      <LastUpdateDate />
      <LastUpdateTime />
    </Product>
    <Product>
      <PriceUpdateDate>2017/12/24 11:46</PriceUpdateDate>
      <ItemCode>8076802085981</ItemCode>
      <ItemType>1</ItemType>
      <ItemName>פסטה פוזילי מספר 98 ברילה (500 גרם)</ItemName>
      <ManufactureName>ש.שסטוביץ בעמ</ManufactureName>
      <ManufactureCountry />
      <ManufactureItemDescription />
      <UnitQty>יח`</UnitQty>
      <Quantity>500</Quantity>
      <UnitMeasure>גרם</UnitMeasure>
      <BisWeighted>0</BisWeighted>
      <QtyInPackage>1</QtyInPackage>
      <ItemPrice>5.90</ItemPrice>
      <UnitOfMeasurePrice>1.18</UnitOfMeasurePrice>
      <AllowDiscount>1</AllowDiscount>
      <itemStatus>1</itemStatus>
      <LastUpdateDate />
      <LastUpdateTime />
    </Product>
    <Product>
      <PriceUpdateDate>2017/12/24 11:46</PriceUpdateDate>
      <ItemCode>8076808060654</ItemCode>
      <ItemType>1</ItemType>
      <ItemName>פרפלה מספר 65 ברילה (500 גרם)</ItemName>
      <ManufactureName>ש.שסטוביץ בעמ</ManufactureName>
      <ManufactureCountry />
      <ManufactureItemDescription />
      <UnitQty>יח`</UnitQty>
      <Quantity>500</Quantity>
      <UnitMeasure>גרם</UnitMeasure>
      <BisWeighted>0</BisWeighted>
      <QtyInPackage>1</QtyInPackage>
      <ItemPrice>5.90</ItemPrice>
      <UnitOfMeasurePrice>1.18</UnitOfMeasurePrice>
      <AllowDiscount>1</AllowDiscount>
      <itemStatus>1</itemStatus>
      <LastUpdateDate />
      <LastUpdateTime />
    </Product>
    <Product>
      <PriceUpdateDate>2015/12/29 08:29</PriceUpdateDate>
      <ItemCode>8076808070882</ItemCode>
      <ItemType>1</ItemType>
      <ItemName>קנלוני מספר 88 ברילה (250 גרם)</ItemName>
      <ManufactureName>ש.שסטוביץ בעמ</ManufactureName>
      <ManufactureCountry />
      <ManufactureItemDescription />
      <UnitQty>יח`</UnitQty>
      <Quantity>250</Quantity>
      <UnitMeasure>גרם</UnitMeasure>
      <BisWeighted>0</BisWeighted>
      <QtyInPackage>1</QtyInPackage>
      <ItemPrice>10.90</ItemPrice>
      <UnitOfMeasurePrice>4.36</UnitOfMeasurePrice>
      <AllowDiscount>1</AllowDiscount>
      <itemStatus>1</itemStatus>
      <LastUpdateDate />
      <LastUpdateTime />
    </Product>
    <Product>
      <PriceUpdateDate>2015/12/29 08:29</PriceUpdateDate>
      <ItemCode>8076809501415</ItemCode>
      <ItemType>1</ItemType>
      <ItemName>פסטה פנה טריקולורה ברילה (500 גרם)</ItemName>
      <ManufactureName>ש.שסטוביץ בעמ</ManufactureName>
      <ManufactureCountry />
      <ManufactureItemDescription />
      <UnitQty>יח`</UnitQty>
      <Quantity>500</Quantity>
      <UnitMeasure>גרם</UnitMeasure>
      <BisWeighted>0</BisWeighted>
      <QtyInPackage>1</QtyInPackage>
      <ItemPrice>10.90</ItemPrice>
      <UnitOfMeasurePrice>2.18</UnitOfMeasurePrice>
      <AllowDiscount>0</AllowDiscount>
      <itemStatus>1</itemStatus>
      <LastUpdateDate />
      <LastUpdateTime />
    </Product>
    <Product>
      <PriceUpdateDate>2015/10/07 08:14</PriceUpdateDate>
      <ItemCode>8076809513388</ItemCode>
      <ItemType>1</ItemType>
      <ItemName>רוטב פסטה ארביאטה ברילה (400 גרם)</ItemName>
      <ManufactureName>ש.שסטוביץ בעמ</ManufactureName>
      <ManufactureCountry />
      <ManufactureItemDescription />
      <UnitQty>יח`</UnitQty>
      <Quantity>400</Quantity>
      <UnitMeasure>גרם</UnitMeasure>
      <BisWeighted>0</BisWeighted>
      <QtyInPackage>1</QtyInPackage>
      <ItemPrice>13.90</ItemPrice>
      <UnitOfMeasurePrice>3.48</UnitOfMeasurePrice>
      <AllowDiscount>1</AllowDiscount>
      <itemStatus>1</itemStatus>
      <LastUpdateDate />
      <LastUpdateTime />
    </Product>
    <Product>
      <PriceUpdateDate>2015/12/29 08:29</PriceUpdateDate>
      <ItemCode>8076809514774</ItemCode>
      <ItemType>1</ItemType>
      <ItemName>פרפנדלה ברילה (250 גרם)</ItemName>
      <ManufactureName>ש.שסטוביץ בעמ</ManufactureName>
      <ManufactureCountry />
      <ManufactureItemDescription />
      <UnitQty>יח`</UnitQty>
      <Quantity>250</Quantity>
      <UnitMeasure>גרם</UnitMeasure>
      <BisWeighted>0</BisWeighted>
      <QtyInPackage>1</QtyInPackage>
      <ItemPrice>14.90</ItemPrice>
      <UnitOfMeasurePrice>5.96</UnitOfMeasurePrice>
      <AllowDiscount>0</AllowDiscount>
      <itemStatus>1</itemStatus>
      <LastUpdateDate />
      <LastUpdateTime />
    </Product>
    <Product>
      <PriceUpdateDate>2016/04/10 08:21</PriceUpdateDate>
      <ItemCode>8076809523738</ItemCode>
      <ItemType>1</ItemType>
      <ItemName>לזניה ברילה (500 גרם)</ItemName>
      <ManufactureName>ש.שסטוביץ בעמ</ManufactureName>
      <ManufactureCountry />
      <ManufactureItemDescription />
      <UnitQty>יח`</UnitQty>
      <Quantity>500</Quantity>
      <UnitMeasure>גרם</UnitMeasure>
      <BisWeighted>0</BisWeighted>
      <QtyInPackage>1</QtyInPackage>
      <ItemPrice>17.90</ItemPrice>
      <UnitOfMeasurePrice>3.58</UnitOfMeasurePrice>
      <AllowDiscount>1</AllowDiscount>
      <itemStatus>1</itemStatus>
      <LastUpdateDate />
      <LastUpdateTime />
    </Product>
    <Product>
      <PriceUpdateDate>2016/01/26 09:36</PriceUpdateDate>
      <ItemCode>8076809545464</ItemCode>
      <ItemType>1</ItemType>
      <ItemName>פסטה פוזילי ללא גלוטן ברילה (400 גרם)</ItemName>
      <ManufactureName>ש.שסטוביץ בעמ</ManufactureName>
      <ManufactureCountry />
      <ManufactureItemDescription />
      <UnitQty>יח`</UnitQty>
      <Quantity>400</Quantity>
      <UnitMeasure>גרם</UnitMeasure>
      <BisWeighted>0</BisWeighted>
      <QtyInPackage>1</QtyInPackage>
      <ItemPrice>10.90</ItemPrice>
      <UnitOfMeasurePrice>2.73</UnitOfMeasurePrice>
      <AllowDiscount>0</AllowDiscount>
      <itemStatus>1</itemStatus>
      <LastUpdateDate />
      <LastUpdateTime />
    </Product>
    <Product>
      <PriceUpdateDate>2019/12/18 08:15</PriceUpdateDate>
      <ItemCode>8121300207004</ItemCode>
      <ItemType>1</ItemType>
      <ItemName>סטיביה ממתיק בצנצנת 270 גר` טרוביה</ItemName>
      <ManufactureName>גורי ע.ע.ע בעמ</ManufactureName>
      <ManufactureCountry />
      <ManufactureItemDescription />
      <UnitQty>יח`</UnitQty>
      <Quantity>270</Quantity>
      <UnitMeasure>גרם</UnitMeasure>
      <BisWeighted>0</BisWeighted>
      <QtyInPackage>1</QtyInPackage>
      <ItemPrice>34.90</ItemPrice>
      <UnitOfMeasurePrice>12.93</UnitOfMeasurePrice>
      <AllowDiscount>1</AllowDiscount>
      <itemStatus>1</itemStatus>
      <LastUpdateDate />
      <LastUpdateTime />
    </Product>
    <Product>
      <PriceUpdateDate>2015/03/03 10:19</PriceUpdateDate>
      <ItemCode>8410076600622</ItemCode>
      <ItemType>1</ItemType>
      <ItemName>נייטשר וואלי 210 גר` שבבי שוקולד מריר</ItemName>
      <ManufactureName>ליימן שליסל בעמ</ManufactureName>
      <ManufactureCountry />
      <ManufactureItemDescription />
      <UnitQty>יח`</UnitQty>
      <Quantity>210</Quantity>
      <UnitMeasure>גרם</UnitMeasure>
      <BisWeighted>0</BisWeighted>
      <QtyInPackage>1</QtyInPackage>
      <ItemPrice>19.90</ItemPrice>
      <UnitOfMeasurePrice>9.48</UnitOfMeasurePrice>
      <AllowDiscount>1</AllowDiscount>
      <itemStatus>1</itemStatus>
      <LastUpdateDate />
      <LastUpdateTime />
    </Product>
    <Product>
      <PriceUpdateDate>2016/12/14 08:15</PriceUpdateDate>
      <ItemCode>8410076610492</ItemCode>
      <ItemType>1</ItemType>
      <ItemName>נייטשר וואלי צ`ואי חטיף חמאת בוטנים</ItemName>
      <ManufactureName>ליימן שליסל בעמ</ManufactureName>
      <ManufactureCountry />
      <ManufactureItemDescription />
      <UnitQty>יח`</UnitQty>
      <Quantity>150</Quantity>
      <UnitMeasure>גרם</UnitMeasure>
      <BisWeighted>0</BisWeighted>
      <QtyInPackage>1</QtyInPackage>
      <ItemPrice>19.90</ItemPrice>
      <UnitOfMeasurePrice>13.27</UnitOfMeasurePrice>
      <AllowDiscount>1</AllowDiscount>
      <itemStatus>1</itemStatus>
      <LastUpdateDate />
      <LastUpdateTime />
    </Product>
    <Product>
      <PriceUpdateDate>2016/04/24 09:19</PriceUpdateDate>
      <ItemCode>8410076620057</ItemCode>
      <ItemType>1</ItemType>
      <ItemName>חטיף פייבר 1 בטעם שוקולד 120גרם</ItemName>
      <ManufactureName>ליימן שליסל בעמ</ManufactureName>
      <ManufactureCountry />
      <ManufactureItemDescription />
      <UnitQty>יח`</UnitQty>
      <Quantity>1</Quantity>
      <UnitMeasure />
      <BisWeighted>0</BisWeighted>
      <QtyInPackage>1</QtyInPackage>
      <ItemPrice>19.90</ItemPrice>
      <UnitOfMeasurePrice>19.90</UnitOfMeasurePrice>
      <AllowDiscount>1</AllowDiscount>
      <itemStatus>1</itemStatus>
      <LastUpdateDate />
      <LastUpdateTime />
    </Product>
    <Product>
      <PriceUpdateDate>2019/10/22 12:53</PriceUpdateDate>
      <ItemCode>8410076620354</ItemCode>
      <ItemType>1</ItemType>
      <ItemName>נייטשר וואלי חטיף ממולא נאט קרים שיבולת</ItemName>
      <ManufactureName>ליימן שליסל בעמ</ManufactureName>
      <ManufactureCountry />
      <ManufactureItemDescription />
      <UnitQty>יח`</UnitQty>
      <Quantity>190</Quantity>
      <UnitMeasure>גרם</UnitMeasure>
      <BisWeighted>0</BisWeighted>
      <QtyInPackage>1</QtyInPackage>
      <ItemPrice>19.90</ItemPrice>
      <UnitOfMeasurePrice>10.47</UnitOfMeasurePrice>
      <AllowDiscount>1</AllowDiscount>
      <itemStatus>1</itemStatus>
      <LastUpdateDate />
      <LastUpdateTime />
    </Product>
    <Product>
      <PriceUpdateDate>2019/10/22 12:53</PriceUpdateDate>
      <ItemCode>8410076620361</ItemCode>
      <ItemType>1</ItemType>
      <ItemName>נייטשר וואלי חטיף ממולא נאט קרים שיבולת</ItemName>
      <ManufactureName>ליימן שליסל בעמ</ManufactureName>
      <ManufactureCountry />
      <ManufactureItemDescription />
      <UnitQty>יח`</UnitQty>
      <Quantity>190</Quantity>
      <UnitMeasure>גרם</UnitMeasure>
      <BisWeighted>0</BisWeighted>
      <QtyInPackage>1</QtyInPackage>
      <ItemPrice>19.90</ItemPrice>
      <UnitOfMeasurePrice>10.47</UnitOfMeasurePrice>
      <AllowDiscount>1</AllowDiscount>
      <itemStatus>1</itemStatus>
      <LastUpdateDate />
      <LastUpdateTime />
    </Product>
    <Product>
      <PriceUpdateDate>2019/10/22 12:53</PriceUpdateDate>
      <ItemCode>8410076620507</ItemCode>
      <ItemType>1</ItemType>
      <ItemName>נייטשר וואלי חטיף ממולא נאט קרים שיבולת</ItemName>
      <ManufactureName>ליימן שליסל בעמ</ManufactureName>
      <ManufactureCountry />
      <ManufactureItemDescription />
      <UnitQty>יח`</UnitQty>
      <Quantity>190</Quantity>
      <UnitMeasure>גרם</UnitMeasure>
      <BisWeighted>0</BisWeighted>
      <QtyInPackage>1</QtyInPackage>
      <ItemPrice>19.90</ItemPrice>
      <UnitOfMeasurePrice>10.47</UnitOfMeasurePrice>
      <AllowDiscount>1</AllowDiscount>
      <itemStatus>1</itemStatus>
      <LastUpdateDate />
      <LastUpdateTime />
    </Product>
    <Product>
      <PriceUpdateDate>2017/06/04 10:57</PriceUpdateDate>
      <ItemCode>8410104039134</ItemCode>
      <ItemType>1</ItemType>
      <ItemName>מנקה מדיח כלים פיניש (250 מל)</ItemName>
      <ManufactureName>רקיט בנקיזר (ניר איסט) בעמ</ManufactureName>
      <ManufactureCountry />
      <ManufactureItemDescription />
      <UnitQty>יח`</UnitQty>
      <Quantity>250</Quantity>
      <UnitMeasure>מ"ל</UnitMeasure>
      <BisWeighted>0</BisWeighted>
      <QtyInPackage>1</QtyInPackage>
      <ItemPrice>20.90</ItemPrice>
      <UnitOfMeasurePrice>8.36</UnitOfMeasurePrice>
      <AllowDiscount>1</AllowDiscount>
      <itemStatus>1</itemStatus>
      <LastUpdateDate />
      <LastUpdateTime />
    </Product>
    <Product>
      <PriceUpdateDate>2017/05/18 07:02</PriceUpdateDate>
      <ItemCode>8410376009392</ItemCode>
      <ItemType>1</ItemType>
      <ItemName>גולון ביסקוויט מחיטה מלאה ללא סוכר 170 ג</ItemName>
      <ManufactureName>טסה שוקולד בעמ</ManufactureName>
      <ManufactureCountry />
      <ManufactureItemDescription />
      <UnitQty>יח`</UnitQty>
      <Quantity>170</Quantity>
      <UnitMeasure>גרם</UnitMeasure>
      <BisWeighted>0</BisWeighted>
      <QtyInPackage>1</QtyInPackage>
      <ItemPrice>8.90</ItemPrice>
      <UnitOfMeasurePrice>5.24</UnitOfMeasurePrice>
      <AllowDiscount>0</AllowDiscount>
      <itemStatus>1</itemStatus>
      <LastUpdateDate />
      <LastUpdateTime />
    </Product>
    <Product>
      <PriceUpdateDate>2018/04/11 10:48</PriceUpdateDate>
      <ItemCode>8410376009415</ItemCode>
      <ItemType>1</ItemType>
      <ItemName>גולון עוגיות שוקו ציפס ללא סוכר 125 גר`</ItemName>
      <ManufactureName>טסה שוקולד בעמ</ManufactureName>
      <ManufactureCountry />
      <ManufactureItemDescription />
      <UnitQty>יח`</UnitQty>
      <Quantity>125</Quantity>
      <UnitMeasure>גרם</UnitMeasure>
      <BisWeighted>0</BisWeighted>
      <QtyInPackage>1</QtyInPackage>
      <ItemPrice>11.90</ItemPrice>
      <UnitOfMeasurePrice>9.52</UnitOfMeasurePrice>
      <AllowDiscount>0</AllowDiscount>
      <itemStatus>1</itemStatus>
      <LastUpdateDate />
      <LastUpdateTime />
    </Product>
    <Product>
      <PriceUpdateDate>2017/05/01 09:06</PriceUpdateDate>
      <ItemCode>8420708012822</ItemCode>
      <ItemType>1</ItemType>
      <ItemName>קשקבל צאן ספרדי בשלה 200 גר</ItemName>
      <ManufactureName>נטו מלינדה סחר בעמ</ManufactureName>
      <ManufactureCountry />
      <ManufactureItemDescription />
      <UnitQty>יח`</UnitQty>
      <Quantity>200</Quantity>
      <UnitMeasure>גרם</UnitMeasure>
      <BisWeighted>0</BisWeighted>
      <QtyInPackage>1</QtyInPackage>
      <ItemPrice>17.90</ItemPrice>
      <UnitOfMeasurePrice>8.95</UnitOfMeasurePrice>
      <AllowDiscount>1</AllowDiscount>
      <itemStatus>1</itemStatus>
      <LastUpdateDate />
      <LastUpdateTime />
    </Product>
    <Product>
      <PriceUpdateDate>2019/02/03 09:57</PriceUpdateDate>
      <ItemCode>8423207208260</ItemCode>
      <ItemType>1</ItemType>
      <ItemName>מרבה סלים דליס שוקולד חלב ללא גלוטן</ItemName>
      <ManufactureName>ש.שסטוביץ בעמ</ManufactureName>
      <ManufactureCountry />
      <ManufactureItemDescription />
      <UnitQty>יח`</UnitQty>
      <Quantity>1</Quantity>
      <UnitMeasure />
      <BisWeighted>0</BisWeighted>
      <QtyInPackage>1</QtyInPackage>
      <ItemPrice>10.90</ItemPrice>
      <UnitOfMeasurePrice>10.90</UnitOfMeasurePrice>
      <AllowDiscount>1</AllowDiscount>
      <itemStatus>1</itemStatus>
      <LastUpdateDate />
      <LastUpdateTime />
    </Product>
    <Product>
      <PriceUpdateDate>2019/01/31 09:56</PriceUpdateDate>
      <ItemCode>8423207208680</ItemCode>
      <ItemType>1</ItemType>
      <ItemName>סלים דליס לילדים עם שוקולד חלבי</ItemName>
      <ManufactureName>ש.שסטוביץ בעמ</ManufactureName>
      <ManufactureCountry />
      <ManufactureItemDescription />
      <UnitQty>יח`</UnitQty>
      <Quantity>78</Quantity>
      <UnitMeasure>גרם</UnitMeasure>
      <BisWeighted>0</BisWeighted>
      <QtyInPackage>1</QtyInPackage>
      <ItemPrice>10.90</ItemPrice>
      <UnitOfMeasurePrice>13.97</UnitOfMeasurePrice>
      <AllowDiscount>1</AllowDiscount>
      <itemStatus>1</itemStatus>
      <LastUpdateDate />
      <LastUpdateTime />
    </Product>
    <Product>
      <PriceUpdateDate>2019/01/31 09:56</PriceUpdateDate>
      <ItemCode>8423207208697</ItemCode>
      <ItemType>1</ItemType>
      <ItemName>סלים דליס לילדים עם שוקולד לבן</ItemName>
      <ManufactureName>ש.שסטוביץ בעמ</ManufactureName>
      <ManufactureCountry />
      <ManufactureItemDescription />
      <UnitQty>יח`</UnitQty>
      <Quantity>78</Quantity>
      <UnitMeasure>גרם</UnitMeasure>
      <BisWeighted>0</BisWeighted>
      <QtyInPackage>1</QtyInPackage>
      <ItemPrice>10.90</ItemPrice>
      <UnitOfMeasurePrice>13.97</UnitOfMeasurePrice>
      <AllowDiscount>1</AllowDiscount>
      <itemStatus>1</itemStatus>
      <LastUpdateDate />
      <LastUpdateTime />
    </Product>
    <Product>
      <PriceUpdateDate>2019/01/31 09:56</PriceUpdateDate>
      <ItemCode>8423207208703</ItemCode>
      <ItemType>1</ItemType>
      <ItemName>סלים דליס מהדורה מיוחדת עם שוקולד מריר</ItemName>
      <ManufactureName>ש.שסטוביץ בעמ</ManufactureName>
      <ManufactureCountry />
      <ManufactureItemDescription />
      <UnitQty>יח`</UnitQty>
      <Quantity>78</Quantity>
      <UnitMeasure>גרם</UnitMeasure>
      <BisWeighted>0</BisWeighted>
      <QtyInPackage>1</QtyInPackage>
      <ItemPrice>10.90</ItemPrice>
      <UnitOfMeasurePrice>13.97</UnitOfMeasurePrice>
      <AllowDiscount>1</AllowDiscount>
      <itemStatus>1</itemStatus>
      <LastUpdateDate />
      <LastUpdateTime />
    </Product>
    <Product>
      <PriceUpdateDate>2018/01/28 13:12</PriceUpdateDate>
      <ItemCode>8423207208871</ItemCode>
      <ItemType>1</ItemType>
      <ItemName>פריכיות תירס טבעי - סלים דליס</ItemName>
      <ManufactureName>גורי מוצרי צריכה (1991) בעמ</ManufactureName>
      <ManufactureCountry />
      <ManufactureItemDescription />
      <UnitQty>יח`</UnitQty>
      <Quantity>130</Quantity>
      <UnitMeasure>גרם</UnitMeasure>
      <BisWeighted>0</BisWeighted>
      <QtyInPackage>1</QtyInPackage>
      <ItemPrice>12.90</ItemPrice>
      <UnitOfMeasurePrice>9.92</UnitOfMeasurePrice>
      <AllowDiscount>1</AllowDiscount>
      <itemStatus>1</itemStatus>
      <LastUpdateDate />
      <LastUpdateTime />
    </Product>
    <Product>
      <PriceUpdateDate>2019/01/31 09:56</PriceUpdateDate>
      <ItemCode>8423207210287</ItemCode>
      <ItemType>1</ItemType>
      <ItemName>מרבה סלים דליס שוקולד לבן בטעם יוגורט</ItemName>
      <ManufactureName>ש.שסטוביץ בעמ</ManufactureName>
      <ManufactureCountry />
      <ManufactureItemDescription />
      <UnitQty>יח`</UnitQty>
      <Quantity>120</Quantity>
      <UnitMeasure>גרם</UnitMeasure>
      <BisWeighted>0</BisWeighted>
      <QtyInPackage>1</QtyInPackage>
      <ItemPrice>10.90</ItemPrice>
      <UnitOfMeasurePrice>9.08</UnitOfMeasurePrice>
      <AllowDiscount>1</AllowDiscount>
      <itemStatus>1</itemStatus>
      <LastUpdateDate />
      <LastUpdateTime />
    </Product>
    <Product>
      <PriceUpdateDate>2017/02/20 08:30</PriceUpdateDate>
      <ItemCode>8425206000081</ItemCode>
      <ItemType>1</ItemType>
      <ItemName>מרדל ריבת חלב 450 גר</ItemName>
      <ManufactureName>גורי מוצרי צריכה (1991) בעמ</ManufactureName>
      <ManufactureCountry />
      <ManufactureItemDescription />
      <UnitQty>יח`</UnitQty>
      <Quantity>450</Quantity>
      <UnitMeasure>גרם</UnitMeasure>
      <BisWeighted>0</BisWeighted>
      <QtyInPackage>1</QtyInPackage>
      <ItemPrice>19.90</ItemPrice>
      <UnitOfMeasurePrice>4.42</UnitOfMeasurePrice>
      <AllowDiscount>1</AllowDiscount>
      <itemStatus>1</itemStatus>
      <LastUpdateDate />
      <LastUpdateTime />
    </Product>
    <Product>
      <PriceUpdateDate>2018/11/12 17:40</PriceUpdateDate>
      <ItemCode>8425206000272</ItemCode>
      <ItemType>1</ItemType>
      <ItemName>סירופ בטעם ריבת חלב 550 גר`</ItemName>
      <ManufactureName>גורי מוצרי צריכה (1991) בעמ</ManufactureName>
      <ManufactureCountry />
      <ManufactureItemDescription />
      <UnitQty>יח`</UnitQty>
      <Quantity>550</Quantity>
      <UnitMeasure>גרם</UnitMeasure>
      <BisWeighted>0</BisWeighted>
      <QtyInPackage>1</QtyInPackage>
      <ItemPrice>19.90</ItemPrice>
      <UnitOfMeasurePrice>3.62</UnitOfMeasurePrice>
      <AllowDiscount>1</AllowDiscount>
      <itemStatus>1</itemStatus>
      <LastUpdateDate />
      <LastUpdateTime />
    </Product>
    <Product>
      <PriceUpdateDate>2018/01/09 13:42</PriceUpdateDate>
      <ItemCode>8435495805106</ItemCode>
      <ItemType>1</ItemType>
      <ItemName>ביומט 5 קג</ItemName>
      <ManufactureName>ליימן שליסל בעמ</ManufactureName>
      <ManufactureCountry />
      <ManufactureItemDescription />
      <UnitQty>יח`</UnitQty>
      <Quantity>5</Quantity>
      <UnitMeasure>ק"ג</UnitMeasure>
      <BisWeighted>0</BisWeighted>
      <QtyInPackage>1</QtyInPackage>
      <ItemPrice>29.90</ItemPrice>
      <UnitOfMeasurePrice>5.98</UnitOfMeasurePrice>
      <AllowDiscount>1</AllowDiscount>
      <itemStatus>1</itemStatus>
      <LastUpdateDate />
      <LastUpdateTime />
    </Product>
    <Product>
      <PriceUpdateDate>2020/02/21 08:53</PriceUpdateDate>
      <ItemCode>8683323041206</ItemCode>
      <ItemType>1</ItemType>
      <ItemName>יוגטה גומי 250 גרם ממולאות בצורת מקלות</ItemName>
      <ManufactureName>ליימן שליסל בעמ</ManufactureName>
      <ManufactureCountry />
      <ManufactureItemDescription />
      <UnitQty>יח`</UnitQty>
      <Quantity>250</Quantity>
      <UnitMeasure>גרם</UnitMeasure>
      <BisWeighted>0</BisWeighted>
      <QtyInPackage>1</QtyInPackage>
      <ItemPrice>7.90</ItemPrice>
      <UnitOfMeasurePrice>3.16</UnitOfMeasurePrice>
      <AllowDiscount>1</AllowDiscount>
      <itemStatus>1</itemStatus>
      <LastUpdateDate />
      <LastUpdateTime />
    </Product>
    <Product>
      <PriceUpdateDate>2016/03/20 10:49</PriceUpdateDate>
      <ItemCode>8686868600044</ItemCode>
      <ItemType>1</ItemType>
      <ItemName>אביזרי שיער</ItemName>
      <ManufactureName>אל האופק שיווק וסחר</ManufactureName>
      <ManufactureCountry />
      <ManufactureItemDescription />
      <UnitQty>יח`</UnitQty>
      <Quantity>1</Quantity>
      <UnitMeasure />
      <BisWeighted>0</BisWeighted>
      <QtyInPackage>1</QtyInPackage>
      <ItemPrice>6.90</ItemPrice>
      <UnitOfMeasurePrice>6.90</UnitOfMeasurePrice>
      <AllowDiscount>0</AllowDiscount>
      <itemStatus>1</itemStatus>
      <LastUpdateDate />
      <LastUpdateTime />
    </Product>
    <Product>
      <PriceUpdateDate>2013/12/01 09:39</PriceUpdateDate>
      <ItemCode>8686868600051</ItemCode>
      <ItemType>1</ItemType>
      <ItemName>אביזרי שיער</ItemName>
      <ManufactureName>אל האופק שיווק וסחר</ManufactureName>
      <ManufactureCountry />
      <ManufactureItemDescription />
      <UnitQty>יח`</UnitQty>
      <Quantity>1</Quantity>
      <UnitMeasure />
      <BisWeighted>0</BisWeighted>
      <QtyInPackage>1</QtyInPackage>
      <ItemPrice>7.90</ItemPrice>
      <UnitOfMeasurePrice>7.90</UnitOfMeasurePrice>
      <AllowDiscount>0</AllowDiscount>
      <itemStatus>1</itemStatus>
      <LastUpdateDate />
      <LastUpdateTime />
    </Product>
    <Product>
      <PriceUpdateDate>2013/12/01 09:39</PriceUpdateDate>
      <ItemCode>8686868600068</ItemCode>
      <ItemType>1</ItemType>
      <ItemName>אביזרי שיער סרטים וקשתות</ItemName>
      <ManufactureName>אל האופק שיווק וסחר</ManufactureName>
      <ManufactureCountry />
      <ManufactureItemDescription />
      <UnitQty>יח`</UnitQty>
      <Quantity>1</Quantity>
      <UnitMeasure />
      <BisWeighted>0</BisWeighted>
      <QtyInPackage>1</QtyInPackage>
      <ItemPrice>8.90</ItemPrice>
      <UnitOfMeasurePrice>8.90</UnitOfMeasurePrice>
      <AllowDiscount>0</AllowDiscount>
      <itemStatus>1</itemStatus>
      <LastUpdateDate />
      <LastUpdateTime />
    </Product>
    <Product>
      <PriceUpdateDate>2013/12/01 09:39</PriceUpdateDate>
      <ItemCode>8686868600075</ItemCode>
      <ItemType>1</ItemType>
      <ItemName>אביזרי שיער סיכות פפיון גדולות</ItemName>
      <ManufactureName>אל האופק שיווק וסחר</ManufactureName>
      <ManufactureCountry />
      <ManufactureItemDescription />
      <UnitQty>יח`</UnitQty>
      <Quantity>1</Quantity>
      <UnitMeasure />
      <BisWeighted>0</BisWeighted>
      <QtyInPackage>1</QtyInPackage>
      <ItemPrice>9.90</ItemPrice>
      <UnitOfMeasurePrice>9.90</UnitOfMeasurePrice>
      <AllowDiscount>0</AllowDiscount>
      <itemStatus>1</itemStatus>
      <LastUpdateDate />
      <LastUpdateTime />
    </Product>
    <Product>
      <PriceUpdateDate>2013/12/01 09:39</PriceUpdateDate>
      <ItemCode>8686868600099</ItemCode>
      <ItemType>1</ItemType>
      <ItemName>אביזרי שיער</ItemName>
      <ManufactureName>אל האופק שיווק וסחר</ManufactureName>
      <ManufactureCountry />
      <ManufactureItemDescription />
      <UnitQty>יח`</UnitQty>
      <Quantity>1</Quantity>
      <UnitMeasure />
      <BisWeighted>0</BisWeighted>
      <QtyInPackage>1</QtyInPackage>
      <ItemPrice>11.90</ItemPrice>
      <UnitOfMeasurePrice>11.90</UnitOfMeasurePrice>
      <AllowDiscount>0</AllowDiscount>
      <itemStatus>1</itemStatus>
      <LastUpdateDate />
      <LastUpdateTime />
    </Product>
    <Product>
      <PriceUpdateDate>2013/12/01 09:39</PriceUpdateDate>
      <ItemCode>8686868600105</ItemCode>
      <ItemType>1</ItemType>
      <ItemName>אביזרי שיער</ItemName>
      <ManufactureName>אל האופק שיווק וסחר</ManufactureName>
      <ManufactureCountry />
      <ManufactureItemDescription />
      <UnitQty>יח`</UnitQty>
      <Quantity>1</Quantity>
      <UnitMeasure />
      <BisWeighted>0</BisWeighted>
      <QtyInPackage>1</QtyInPackage>
      <ItemPrice>12.90</ItemPrice>
      <UnitOfMeasurePrice>12.90</UnitOfMeasurePrice>
      <AllowDiscount>0</AllowDiscount>
      <itemStatus>1</itemStatus>
      <LastUpdateDate />
      <LastUpdateTime />
    </Product>
    <Product>
      <PriceUpdateDate>2013/12/01 09:39</PriceUpdateDate>
      <ItemCode>8686868600112</ItemCode>
      <ItemType>1</ItemType>
      <ItemName>אביזרי שיער</ItemName>
      <ManufactureName>אל האופק שיווק וסחר</ManufactureName>
      <ManufactureCountry />
      <ManufactureItemDescription />
      <UnitQty>יח`</UnitQty>
      <Quantity>1</Quantity>
      <UnitMeasure />
      <BisWeighted>0</BisWeighted>
      <QtyInPackage>1</QtyInPackage>
      <ItemPrice>13.90</ItemPrice>
      <UnitOfMeasurePrice>13.90</UnitOfMeasurePrice>
      <AllowDiscount>0</AllowDiscount>
      <itemStatus>1</itemStatus>
      <LastUpdateDate />
      <LastUpdateTime />
    </Product>
    <Product>
      <PriceUpdateDate>2013/12/01 09:39</PriceUpdateDate>
      <ItemCode>8686868600129</ItemCode>
      <ItemType>1</ItemType>
      <ItemName>אביזרי שיער</ItemName>
      <ManufactureName>אל האופק שיווק וסחר</ManufactureName>
      <ManufactureCountry />
      <ManufactureItemDescription />
      <UnitQty>יח`</UnitQty>
      <Quantity>1</Quantity>
      <UnitMeasure />
      <BisWeighted>0</BisWeighted>
      <QtyInPackage>1</QtyInPackage>
      <ItemPrice>14.90</ItemPrice>
      <UnitOfMeasurePrice>14.90</UnitOfMeasurePrice>
      <AllowDiscount>0</AllowDiscount>
      <itemStatus>1</itemStatus>
      <LastUpdateDate />
      <LastUpdateTime />
    </Product>
    <Product>
      <PriceUpdateDate>2013/12/01 09:39</PriceUpdateDate>
      <ItemCode>8686868600150</ItemCode>
      <ItemType>1</ItemType>
      <ItemName>אביזרי שיער</ItemName>
      <ManufactureName>אל האופק שיווק וסחר</ManufactureName>
      <ManufactureCountry />
      <ManufactureItemDescription />
      <UnitQty>יח`</UnitQty>
      <Quantity>1</Quantity>
      <UnitMeasure />
      <BisWeighted>0</BisWeighted>
      <QtyInPackage>1</QtyInPackage>
      <ItemPrice>17.90</ItemPrice>
      <UnitOfMeasurePrice>17.90</UnitOfMeasurePrice>
      <AllowDiscount>0</AllowDiscount>
      <itemStatus>1</itemStatus>
      <LastUpdateDate />
      <LastUpdateTime />
    </Product>
    <Product>
      <PriceUpdateDate>2013/12/01 09:39</PriceUpdateDate>
      <ItemCode>8686868600174</ItemCode>
      <ItemType>1</ItemType>
      <ItemName>אביזרי שיער</ItemName>
      <ManufactureName>אל האופק שיווק וסחר</ManufactureName>
      <ManufactureCountry />
      <ManufactureItemDescription />
      <UnitQty>יח`</UnitQty>
      <Quantity>1</Quantity>
      <UnitMeasure />
      <BisWeighted>0</BisWeighted>
      <QtyInPackage>1</QtyInPackage>
      <ItemPrice>19.90</ItemPrice>
      <UnitOfMeasurePrice>19.90</UnitOfMeasurePrice>
      <AllowDiscount>0</AllowDiscount>
      <itemStatus>1</itemStatus>
      <LastUpdateDate />
      <LastUpdateTime />
    </Product>
    <Product>
      <PriceUpdateDate>2013/12/01 09:39</PriceUpdateDate>
      <ItemCode>8686868600235</ItemCode>
      <ItemType>1</ItemType>
      <ItemName>אביזרי מנקור</ItemName>
      <ManufactureName>אל האופק שיווק וסחר</ManufactureName>
      <ManufactureCountry />
      <ManufactureItemDescription />
      <UnitQty>יח`</UnitQty>
      <Quantity>1</Quantity>
      <UnitMeasure />
      <BisWeighted>0</BisWeighted>
      <QtyInPackage>1</QtyInPackage>
      <ItemPrice>12.90</ItemPrice>
      <UnitOfMeasurePrice>12.90</UnitOfMeasurePrice>
      <AllowDiscount>0</AllowDiscount>
      <itemStatus>1</itemStatus>
      <LastUpdateDate />
      <LastUpdateTime />
    </Product>
    <Product>
      <PriceUpdateDate>2019/05/02 12:58</PriceUpdateDate>
      <ItemCode>8690504081920</ItemCode>
      <ItemType>1</ItemType>
      <ItemName>טינס מצופה שוקולד מריר 150 גר`</ItemName>
      <ManufactureName>תה ויסוצקי (ישראל) בעמ</ManufactureName>
      <ManufactureCountry />
      <ManufactureItemDescription />
      <UnitQty>יח`</UnitQty>
      <Quantity>150</Quantity>
      <UnitMeasure>גרם</UnitMeasure>
      <BisWeighted>0</BisWeighted>
      <QtyInPackage>1</QtyInPackage>
      <ItemPrice>9.90</ItemPrice>
      <UnitOfMeasurePrice>6.60</UnitOfMeasurePrice>
      <AllowDiscount>0</AllowDiscount>
      <itemStatus>1</itemStatus>
      <LastUpdateDate />
      <LastUpdateTime />
    </Product>
    <Product>
      <PriceUpdateDate>2015/06/07 08:40</PriceUpdateDate>
      <ItemCode>8690531032377</ItemCode>
      <ItemType>1</ItemType>
      <ItemName>פלפלים צהובים חריפים 350 גר`</ItemName>
      <ManufactureName>דין שיווק וקליה בעמ</ManufactureName>
      <ManufactureCountry />
      <ManufactureItemDescription />
      <UnitQty>יח`</UnitQty>
      <Quantity>350</Quantity>
      <UnitMeasure>גרם</UnitMeasure>
      <BisWeighted>0</BisWeighted>
      <QtyInPackage>1</QtyInPackage>
      <ItemPrice>7.90</ItemPrice>
      <UnitOfMeasurePrice>2.26</UnitOfMeasurePrice>
      <AllowDiscount>0</AllowDiscount>
      <itemStatus>1</itemStatus>
      <LastUpdateDate />
      <LastUpdateTime />
    </Product>
    <Product>
      <PriceUpdateDate>2014/08/07 20:28</PriceUpdateDate>
      <ItemCode>8690637041143</ItemCode>
      <ItemType>1</ItemType>
      <ItemName>דאב מרכך משקם 400 מל</ItemName>
      <ManufactureName>יוניליוור ישראל שיווק בעמ</ManufactureName>
      <ManufactureCountry />
      <ManufactureItemDescription />
      <UnitQty>יח`</UnitQty>
      <Quantity>400</Quantity>
      <UnitMeasure>מ"ל</UnitMeasure>
      <BisWeighted>0</BisWeighted>
      <QtyInPackage>1</QtyInPackage>
      <ItemPrice>15.90</ItemPrice>
      <UnitOfMeasurePrice>3.98</UnitOfMeasurePrice>
      <AllowDiscount>1</AllowDiscount>
      <itemStatus>1</itemStatus>
      <LastUpdateDate />
      <LastUpdateTime />
    </Product>
    <Product>
      <PriceUpdateDate>2016/08/10 09:02</PriceUpdateDate>
      <ItemCode>8690637799587</ItemCode>
      <ItemType>1</ItemType>
      <ItemName>ליפטון תה ירוק ארלגריי</ItemName>
      <ManufactureName>יוניליוור ישראל שיווק בעמ</ManufactureName>
      <ManufactureCountry />
      <ManufactureItemDescription />
      <UnitQty>יח`</UnitQty>
      <Quantity>30</Quantity>
      <UnitMeasure>גרם</UnitMeasure>
      <BisWeighted>0</BisWeighted>
      <QtyInPackage>1</QtyInPackage>
      <ItemPrice>16.90</ItemPrice>
      <UnitOfMeasurePrice>56.33</UnitOfMeasurePrice>
      <AllowDiscount>1</AllowDiscount>
      <itemStatus>1</itemStatus>
      <LastUpdateDate />
      <LastUpdateTime />
    </Product>
    <Product>
      <PriceUpdateDate>2017/10/30 18:29</PriceUpdateDate>
      <ItemCode>8690637835629</ItemCode>
      <ItemType>1</ItemType>
      <ItemName>ליפטון תה ירוק קינמון מתובל</ItemName>
      <ManufactureName>יוניליוור ישראל שיווק בעמ</ManufactureName>
      <ManufactureCountry />
      <ManufactureItemDescription />
      <UnitQty>יח`</UnitQty>
      <Quantity>30</Quantity>
      <UnitMeasure>גרם</UnitMeasure>
      <BisWeighted>0</BisWeighted>
      <QtyInPackage>1</QtyInPackage>
      <ItemPrice>16.90</ItemPrice>
      <UnitOfMeasurePrice>56.33</UnitOfMeasurePrice>
      <AllowDiscount>1</AllowDiscount>
      <itemStatus>1</itemStatus>
      <LastUpdateDate />
      <LastUpdateTime />
    </Product>
    <Product>
      <PriceUpdateDate>2018/04/09 13:39</PriceUpdateDate>
      <ItemCode>8690637840258</ItemCode>
      <ItemType>1</ItemType>
      <ItemName>בדין אקסטרא יקינטון 960 מל</ItemName>
      <ManufactureName>יוניליוור ישראל שיווק בעמ</ManufactureName>
      <ManufactureCountry />
      <ManufactureItemDescription />
      <UnitQty>יח`</UnitQty>
      <Quantity>960</Quantity>
      <UnitMeasure>מ"ל</UnitMeasure>
      <BisWeighted>0</BisWeighted>
      <QtyInPackage>1</QtyInPackage>
      <ItemPrice>16.90</ItemPrice>
      <UnitOfMeasurePrice>1.76</UnitOfMeasurePrice>
      <AllowDiscount>1</AllowDiscount>
      <itemStatus>1</itemStatus>
      <LastUpdateDate />
      <LastUpdateTime />
    </Product>
    <Product>
      <PriceUpdateDate>2018/08/19 08:54</PriceUpdateDate>
      <ItemCode>8690637858734</ItemCode>
      <ItemType>1</ItemType>
      <ItemName>סיף ג`ל אקונומיקה לימון 750 מל</ItemName>
      <ManufactureName>יוניליוור ישראל שיווק בעמ</ManufactureName>
      <ManufactureCountry />
      <ManufactureItemDescription />
      <UnitQty>יח`</UnitQty>
      <Quantity>750</Quantity>
      <UnitMeasure>מ"ל</UnitMeasure>
      <BisWeighted>0</BisWeighted>
      <QtyInPackage>1</QtyInPackage>
      <ItemPrice>11.90</ItemPrice>
      <UnitOfMeasurePrice>1.59</UnitOfMeasurePrice>
      <AllowDiscount>0</AllowDiscount>
      <itemStatus>1</itemStatus>
      <LastUpdateDate />
      <LastUpdateTime />
    </Product>
    <Product>
      <PriceUpdateDate>2019/01/26 18:26</PriceUpdateDate>
      <ItemCode>8690637866654</ItemCode>
      <ItemType>1</ItemType>
      <ItemName>תה ירוק קלאסי בדצ 50 מעטפות ללא קפאין</ItemName>
      <ManufactureName>יוניליוור ישראל שיווק בעמ</ManufactureName>
      <ManufactureCountry />
      <ManufactureItemDescription />
      <UnitQty>יח`</UnitQty>
      <Quantity>0</Quantity>
      <UnitMeasure>גרם</UnitMeasure>
      <BisWeighted>0</BisWeighted>
      <QtyInPackage>1</QtyInPackage>
      <ItemPrice>29.90</ItemPrice>
      <UnitOfMeasurePrice>29.90</UnitOfMeasurePrice>
      <AllowDiscount>0</AllowDiscount>
      <itemStatus>1</itemStatus>
      <LastUpdateDate />
      <LastUpdateTime />
    </Product>
    <Product>
      <PriceUpdateDate>2018/06/14 08:20</PriceUpdateDate>
      <ItemCode>8690637866685</ItemCode>
      <ItemType>1</ItemType>
      <ItemName>סיף קרם ניקוי לימון 500 מל</ItemName>
      <ManufactureName>יוניליוור ישראל שיווק בעמ</ManufactureName>
      <ManufactureCountry />
      <ManufactureItemDescription />
      <UnitQty>יח`</UnitQty>
      <Quantity>1</Quantity>
      <UnitMeasure />
      <BisWeighted>0</BisWeighted>
      <QtyInPackage>1</QtyInPackage>
      <ItemPrice>11.90</ItemPrice>
      <UnitOfMeasurePrice>11.90</UnitOfMeasurePrice>
      <AllowDiscount>0</AllowDiscount>
      <itemStatus>1</itemStatus>
      <LastUpdateDate />
      <LastUpdateTime />
    </Product>
    <Product>
      <PriceUpdateDate>2018/10/12 13:18</PriceUpdateDate>
      <ItemCode>8690637871061</ItemCode>
      <ItemType>1</ItemType>
      <ItemName>דאב שמפו עם שמן אבוקדו ותמצית קלנדולה</ItemName>
      <ManufactureName>יוניליוור ישראל שיווק בעמ</ManufactureName>
      <ManufactureCountry />
      <ManufactureItemDescription />
      <UnitQty>יח`</UnitQty>
      <Quantity>600</Quantity>
      <UnitMeasure>מ"ל</UnitMeasure>
      <BisWeighted>0</BisWeighted>
      <QtyInPackage>1</QtyInPackage>
      <ItemPrice>14.90</ItemPrice>
      <UnitOfMeasurePrice>2.48</UnitOfMeasurePrice>
      <AllowDiscount>0</AllowDiscount>
      <itemStatus>1</itemStatus>
      <LastUpdateDate />
      <LastUpdateTime />
    </Product>
    <Product>
      <PriceUpdateDate>2020/03/29 10:59</PriceUpdateDate>
      <ItemCode>8690637871078</ItemCode>
      <ItemType>1</ItemType>
      <ItemName>הלמנ`ס רוטב מיונז חריף 235 גר`</ItemName>
      <ManufactureName>יוניליוור ישראל שיווק בעמ</ManufactureName>
      <ManufactureCountry />
      <ManufactureItemDescription />
      <UnitQty>יח`</UnitQty>
      <Quantity>235</Quantity>
      <UnitMeasure>גרם</UnitMeasure>
      <BisWeighted>0</BisWeighted>
      <QtyInPackage>1</QtyInPackage>
      <ItemPrice>11.90</ItemPrice>
      <UnitOfMeasurePrice>5.06</UnitOfMeasurePrice>
      <AllowDiscount>0</AllowDiscount>
      <itemStatus>1</itemStatus>
      <LastUpdateDate />
      <LastUpdateTime />
    </Product>
    <Product>
      <PriceUpdateDate>2019/08/14 16:41</PriceUpdateDate>
      <ItemCode>8690637871085</ItemCode>
      <ItemType>1</ItemType>
      <ItemName>הלמנ`ס רוטב ברביקיו 285 גר</ItemName>
      <ManufactureName>יוניליוור ישראל שיווק בעמ</ManufactureName>
      <ManufactureCountry />
      <ManufactureItemDescription />
      <UnitQty>יח`</UnitQty>
      <Quantity>285</Quantity>
      <UnitMeasure>גרם</UnitMeasure>
      <BisWeighted>0</BisWeighted>
      <QtyInPackage>1</QtyInPackage>
      <ItemPrice>11.90</ItemPrice>
      <UnitOfMeasurePrice>4.18</UnitOfMeasurePrice>
      <AllowDiscount>0</AllowDiscount>
      <itemStatus>1</itemStatus>
      <LastUpdateDate />
      <LastUpdateTime />
    </Product>
    <Product>
      <PriceUpdateDate>2020/03/29 10:59</PriceUpdateDate>
      <ItemCode>8690637871092</ItemCode>
      <ItemType>1</ItemType>
      <ItemName>הלמנ`ס רוטב מיונז עם שום 235 גר`</ItemName>
      <ManufactureName>יוניליוור ישראל שיווק בעמ</ManufactureName>
      <ManufactureCountry />
      <ManufactureItemDescription />
      <UnitQty>יח`</UnitQty>
      <Quantity>235</Quantity>
      <UnitMeasure>גרם</UnitMeasure>
      <BisWeighted>0</BisWeighted>
      <QtyInPackage>1</QtyInPackage>
      <ItemPrice>11.90</ItemPrice>
      <UnitOfMeasurePrice>5.06</UnitOfMeasurePrice>
      <AllowDiscount>0</AllowDiscount>
      <itemStatus>1</itemStatus>
      <LastUpdateDate />
      <LastUpdateTime />
    </Product>
    <Product>
      <PriceUpdateDate>2019/08/15 06:52</PriceUpdateDate>
      <ItemCode>8690637871108</ItemCode>
      <ItemType>1</ItemType>
      <ItemName>הלמנס ממרח חרדל 250 גר</ItemName>
      <ManufactureName>יוניליוור ישראל שיווק בעמ</ManufactureName>
      <ManufactureCountry />
      <ManufactureItemDescription />
      <UnitQty>יח`</UnitQty>
      <Quantity>250</Quantity>
      <UnitMeasure>גרם</UnitMeasure>
      <BisWeighted>0</BisWeighted>
      <QtyInPackage>1</QtyInPackage>
      <ItemPrice>11.90</ItemPrice>
      <UnitOfMeasurePrice>4.76</UnitOfMeasurePrice>
      <AllowDiscount>0</AllowDiscount>
      <itemStatus>1</itemStatus>
      <LastUpdateDate />
      <LastUpdateTime />
    </Product>
    <Product>
      <PriceUpdateDate>2019/05/06 15:00</PriceUpdateDate>
      <ItemCode>8690637871245</ItemCode>
      <ItemType>1</ItemType>
      <ItemName>מיונז אמיתי לחיץ הלמנס (395 גרם)</ItemName>
      <ManufactureName>יוניליוור ישראל שיווק בעמ</ManufactureName>
      <ManufactureCountry />
      <ManufactureItemDescription />
      <UnitQty>יח`</UnitQty>
      <Quantity>395</Quantity>
      <UnitMeasure>גרם</UnitMeasure>
      <BisWeighted>0</BisWeighted>
      <QtyInPackage>1</QtyInPackage>
      <ItemPrice>14.90</ItemPrice>
      <UnitOfMeasurePrice>3.77</UnitOfMeasurePrice>
      <AllowDiscount>1</AllowDiscount>
      <itemStatus>1</itemStatus>
      <LastUpdateDate />
      <LastUpdateTime />
    </Product>
    <Product>
      <PriceUpdateDate>2019/02/20 09:34</PriceUpdateDate>
      <ItemCode>8690637906190</ItemCode>
      <ItemType>1</ItemType>
      <ItemName>בדין אקסטרא אלגנס 960 מל</ItemName>
      <ManufactureName>יוניליוור ישראל שיווק בעמ</ManufactureName>
      <ManufactureCountry />
      <ManufactureItemDescription />
      <UnitQty>יח`</UnitQty>
      <Quantity>960</Quantity>
      <UnitMeasure>מ"ל</UnitMeasure>
      <BisWeighted>0</BisWeighted>
      <QtyInPackage>1</QtyInPackage>
      <ItemPrice>16.90</ItemPrice>
      <UnitOfMeasurePrice>1.76</UnitOfMeasurePrice>
      <AllowDiscount>1</AllowDiscount>
      <itemStatus>1</itemStatus>
      <LastUpdateDate />
      <LastUpdateTime />
    </Product>
    <Product>
      <PriceUpdateDate>2020/02/14 12:07</PriceUpdateDate>
      <ItemCode>8690637935701</ItemCode>
      <ItemType>1</ItemType>
      <ItemName>בדין אקסטרא פריחת הדובדבן ושקדים 960 מל</ItemName>
      <ManufactureName>יוניליוור ישראל שיווק בעמ</ManufactureName>
      <ManufactureCountry />
      <ManufactureItemDescription />
      <UnitQty>יח`</UnitQty>
      <Quantity>960</Quantity>
      <UnitMeasure>מ"ל</UnitMeasure>
      <BisWeighted>0</BisWeighted>
      <QtyInPackage>1</QtyInPackage>
      <ItemPrice>16.90</ItemPrice>
      <UnitOfMeasurePrice>1.76</UnitOfMeasurePrice>
      <AllowDiscount>1</AllowDiscount>
      <itemStatus>1</itemStatus>
      <LastUpdateDate />
      <LastUpdateTime />
    </Product>
    <Product>
      <PriceUpdateDate>2020/03/26 10:00</PriceUpdateDate>
      <ItemCode>8690637946301</ItemCode>
      <ItemType>1</ItemType>
      <ItemName>בדין אקסטרא בייבי 960 מל</ItemName>
      <ManufactureName>יוניליוור ישראל שיווק בעמ</ManufactureName>
      <ManufactureCountry />
      <ManufactureItemDescription />
      <UnitQty>יח`</UnitQty>
      <Quantity>960</Quantity>
      <UnitMeasure>מ"ל</UnitMeasure>
      <BisWeighted>0</BisWeighted>
      <QtyInPackage>1</QtyInPackage>
      <ItemPrice>16.90</ItemPrice>
      <UnitOfMeasurePrice>1.76</UnitOfMeasurePrice>
      <AllowDiscount>0</AllowDiscount>
      <itemStatus>1</itemStatus>
      <LastUpdateDate />
      <LastUpdateTime />
    </Product>
    <Product>
      <PriceUpdateDate>2020/01/20 14:58</PriceUpdateDate>
      <ItemCode>8690766156381</ItemCode>
      <ItemType>1</ItemType>
      <ItemName>שוקולד מריר מעולה 90% גודייבה (90 גר`)</ItemName>
      <ManufactureName>תה ויסוצקי (ישראל) בעמ</ManufactureName>
      <ManufactureCountry />
      <ManufactureItemDescription />
      <UnitQty>יח`</UnitQty>
      <Quantity>90</Quantity>
      <UnitMeasure>גרם</UnitMeasure>
      <BisWeighted>0</BisWeighted>
      <QtyInPackage>1</QtyInPackage>
      <ItemPrice>14.90</ItemPrice>
      <UnitOfMeasurePrice>16.56</UnitOfMeasurePrice>
      <AllowDiscount>0</AllowDiscount>
      <itemStatus>1</itemStatus>
      <LastUpdateDate />
      <LastUpdateTime />
    </Product>
    <Product>
      <PriceUpdateDate>2015/06/28 12:40</PriceUpdateDate>
      <ItemCode>8690770322079</ItemCode>
      <ItemType>1</ItemType>
      <ItemName>שמרים יבשים 450 גר` בדצ הנמל</ItemName>
      <ManufactureName>הנמל אריזות ושיווק (1984) בעמ</ManufactureName>
      <ManufactureCountry />
      <ManufactureItemDescription />
      <UnitQty>יח`</UnitQty>
      <Quantity>450</Quantity>
      <UnitMeasure>גרם</UnitMeasure>
      <BisWeighted>0</BisWeighted>
      <QtyInPackage>1</QtyInPackage>
      <ItemPrice>12.90</ItemPrice>
      <UnitOfMeasurePrice>2.87</UnitOfMeasurePrice>
      <AllowDiscount>1</AllowDiscount>
      <itemStatus>1</itemStatus>
      <LastUpdateDate />
      <LastUpdateTime />
    </Product>
    <Product>
      <PriceUpdateDate>2014/05/11 08:47</PriceUpdateDate>
      <ItemCode>8690777206051</ItemCode>
      <ItemType>1</ItemType>
      <ItemName>חציל קלוי על האש סרה (650 גרם)</ItemName>
      <ManufactureName>ג.וילי-פוד אינטרנשיונל בעמ</ManufactureName>
      <ManufactureCountry />
      <ManufactureItemDescription />
      <UnitQty>יח`</UnitQty>
      <Quantity>650</Quantity>
      <UnitMeasure>גרם</UnitMeasure>
      <BisWeighted>0</BisWeighted>
      <QtyInPackage>1</QtyInPackage>
      <ItemPrice>12.90</ItemPrice>
      <UnitOfMeasurePrice>1.98</UnitOfMeasurePrice>
      <AllowDiscount>1</AllowDiscount>
      <itemStatus>1</itemStatus>
      <LastUpdateDate />
      <LastUpdateTime />
    </Product>
    <Product>
      <PriceUpdateDate>2014/05/11 08:47</PriceUpdateDate>
      <ItemCode>8690777221405</ItemCode>
      <ItemType>1</ItemType>
      <ItemName>פלפל אדום קלוי על האש 650 גר` ויליפוד</ItemName>
      <ManufactureName>ג.וילי-פוד אינטרנשיונל בעמ</ManufactureName>
      <ManufactureCountry />
      <ManufactureItemDescription />
      <UnitQty>יח`</UnitQty>
      <Quantity>650</Quantity>
      <UnitMeasure>גרם</UnitMeasure>
      <BisWeighted>0</BisWeighted>
      <QtyInPackage>1</QtyInPackage>
      <ItemPrice>12.90</ItemPrice>
      <UnitOfMeasurePrice>1.98</UnitOfMeasurePrice>
      <AllowDiscount>1</AllowDiscount>
      <itemStatus>1</itemStatus>
      <LastUpdateDate />
      <LastUpdateTime />
    </Product>
    <Product>
      <PriceUpdateDate>2017/12/05 09:06</PriceUpdateDate>
      <ItemCode>8690784516440</ItemCode>
      <ItemType>1</ItemType>
      <ItemName>דאק ג`ל נוזל לניקוי מתקדם בניחוח לבנדר ב</ItemName>
      <ManufactureName>דנשר (1963) בעמ</ManufactureName>
      <ManufactureCountry />
      <ManufactureItemDescription />
      <UnitQty>יח`</UnitQty>
      <Quantity>750</Quantity>
      <UnitMeasure>מ"ל</UnitMeasure>
      <BisWeighted>0</BisWeighted>
      <QtyInPackage>1</QtyInPackage>
      <ItemPrice>10.90</ItemPrice>
      <UnitOfMeasurePrice>1.45</UnitOfMeasurePrice>
      <AllowDiscount>0</AllowDiscount>
      <itemStatus>1</itemStatus>
      <LastUpdateDate />
      <LastUpdateTime />
    </Product>
    <Product>
      <PriceUpdateDate>2018/08/08 07:05</PriceUpdateDate>
      <ItemCode>8690784614665</ItemCode>
      <ItemType>1</ItemType>
      <ItemName>דאק סבון ניקוי אסלה בניחוח ים</ItemName>
      <ManufactureName>דנשר (1963) בעמ</ManufactureName>
      <ManufactureCountry />
      <ManufactureItemDescription />
      <UnitQty>יח`</UnitQty>
      <Quantity>1</Quantity>
      <UnitMeasure />
      <BisWeighted>0</BisWeighted>
      <QtyInPackage>1</QtyInPackage>
      <ItemPrice>9.90</ItemPrice>
      <UnitOfMeasurePrice>9.90</UnitOfMeasurePrice>
      <AllowDiscount>1</AllowDiscount>
      <itemStatus>1</itemStatus>
      <LastUpdateDate />
      <LastUpdateTime />
    </Product>
    <Product>
      <PriceUpdateDate>2018/08/08 07:05</PriceUpdateDate>
      <ItemCode>8690784614887</ItemCode>
      <ItemType>1</ItemType>
      <ItemName>דאק סבון ניקוי אסלה בניחוח פריחה מרעננת</ItemName>
      <ManufactureName>דנשר (1963) בעמ</ManufactureName>
      <ManufactureCountry />
      <ManufactureItemDescription />
      <UnitQty>יח`</UnitQty>
      <Quantity>1</Quantity>
      <UnitMeasure />
      <BisWeighted>0</BisWeighted>
      <QtyInPackage>1</QtyInPackage>
      <ItemPrice>9.90</ItemPrice>
      <UnitOfMeasurePrice>9.90</UnitOfMeasurePrice>
      <AllowDiscount>1</AllowDiscount>
      <itemStatus>1</itemStatus>
      <LastUpdateDate />
      <LastUpdateTime />
    </Product>
    <Product>
      <PriceUpdateDate>2016/02/15 08:32</PriceUpdateDate>
      <ItemCode>8690784816885</ItemCode>
      <ItemType>1</ItemType>
      <ItemName>גלייד ספריי אוטמטי מילוי (מילוי בניחוח מ</ItemName>
      <ManufactureName>דנשר (1963) בעמ</ManufactureName>
      <ManufactureCountry />
      <ManufactureItemDescription />
      <UnitQty>יח`</UnitQty>
      <Quantity>269</Quantity>
      <UnitMeasure>מ"ל</UnitMeasure>
      <BisWeighted>0</BisWeighted>
      <QtyInPackage>1</QtyInPackage>
      <ItemPrice>24.90</ItemPrice>
      <UnitOfMeasurePrice>9.26</UnitOfMeasurePrice>
      <AllowDiscount>1</AllowDiscount>
      <itemStatus>1</itemStatus>
      <LastUpdateDate />
      <LastUpdateTime />
    </Product>
    <Product>
      <PriceUpdateDate>2018/01/21 16:16</PriceUpdateDate>
      <ItemCode>8693323084028</ItemCode>
      <ItemType>1</ItemType>
      <ItemName>קוביות חמוצות 220 גר` יוגטה</ItemName>
      <ManufactureName>ליימן שליסל בעמ</ManufactureName>
      <ManufactureCountry />
      <ManufactureItemDescription />
      <UnitQty>יח`</UnitQty>
      <Quantity>220</Quantity>
      <UnitMeasure>גרם</UnitMeasure>
      <BisWeighted>0</BisWeighted>
      <QtyInPackage>1</QtyInPackage>
      <ItemPrice>7.90</ItemPrice>
      <UnitOfMeasurePrice>3.59</UnitOfMeasurePrice>
      <AllowDiscount>1</AllowDiscount>
      <itemStatus>1</itemStatus>
      <LastUpdateDate />
      <LastUpdateTime />
    </Product>
    <Product>
      <PriceUpdateDate>2017/12/03 10:05</PriceUpdateDate>
      <ItemCode>8693323099107</ItemCode>
      <ItemType>1</ItemType>
      <ItemName>יוגטה מרשמלו לבבות 150 גר`</ItemName>
      <ManufactureName>ליימן שליסל בעמ</ManufactureName>
      <ManufactureCountry />
      <ManufactureItemDescription />
      <UnitQty>יח`</UnitQty>
      <Quantity>150</Quantity>
      <UnitMeasure>גרם</UnitMeasure>
      <BisWeighted>0</BisWeighted>
      <QtyInPackage>1</QtyInPackage>
      <ItemPrice>8.90</ItemPrice>
      <UnitOfMeasurePrice>5.93</UnitOfMeasurePrice>
      <AllowDiscount>1</AllowDiscount>
      <itemStatus>1</itemStatus>
      <LastUpdateDate />
      <LastUpdateTime />
    </Product>
    <Product>
      <PriceUpdateDate>2018/01/08 10:35</PriceUpdateDate>
      <ItemCode>8693495052177</ItemCode>
      <ItemType>1</ItemType>
      <ItemName>סבון נוזלי פלמוליב זיתים (750 מל)</ItemName>
      <ManufactureName>ש.שסטוביץ בעמ</ManufactureName>
      <ManufactureCountry />
      <ManufactureItemDescription />
      <UnitQty>יח`</UnitQty>
      <Quantity>750</Quantity>
      <UnitMeasure>מ"ל</UnitMeasure>
      <BisWeighted>0</BisWeighted>
      <QtyInPackage>1</QtyInPackage>
      <ItemPrice>19.90</ItemPrice>
      <UnitOfMeasurePrice>2.65</UnitOfMeasurePrice>
      <AllowDiscount>0</AllowDiscount>
      <itemStatus>1</itemStatus>
      <LastUpdateDate />
      <LastUpdateTime />
    </Product>
    <Product>
      <PriceUpdateDate>2019/03/20 12:35</PriceUpdateDate>
      <ItemCode>8695543006668</ItemCode>
      <ItemType>1</ItemType>
      <ItemName>גבינת רסטה 200 גר` וילי פוד</ItemName>
      <ManufactureName>ג.וילי-פוד אינטרנשיונל בעמ</ManufactureName>
      <ManufactureCountry />
      <ManufactureItemDescription />
      <UnitQty>יח`</UnitQty>
      <Quantity>200</Quantity>
      <UnitMeasure>גרם</UnitMeasure>
      <BisWeighted>0</BisWeighted>
      <QtyInPackage>1</QtyInPackage>
      <ItemPrice>24.90</ItemPrice>
      <UnitOfMeasurePrice>12.45</UnitOfMeasurePrice>
      <AllowDiscount>1</AllowDiscount>
      <itemStatus>1</itemStatus>
      <LastUpdateDate />
      <LastUpdateTime />
    </Product>
    <Product>
      <PriceUpdateDate>2017/01/17 08:18</PriceUpdateDate>
      <ItemCode>8697040108982</ItemCode>
      <ItemType>1</ItemType>
      <ItemName>אסותא סבון נוזלי נשי</ItemName>
      <ManufactureName>עיסא ערטול בעמ</ManufactureName>
      <ManufactureCountry />
      <ManufactureItemDescription />
      <UnitQty>יח`</UnitQty>
      <Quantity>1</Quantity>
      <UnitMeasure />
      <BisWeighted>0</BisWeighted>
      <QtyInPackage>1</QtyInPackage>
      <ItemPrice>19.90</ItemPrice>
      <UnitOfMeasurePrice>19.90</UnitOfMeasurePrice>
      <AllowDiscount>0</AllowDiscount>
      <itemStatus>1</itemStatus>
      <LastUpdateDate />
      <LastUpdateTime />
    </Product>
    <Product>
      <PriceUpdateDate>2015/11/01 18:36</PriceUpdateDate>
      <ItemCode>8697040109323</ItemCode>
      <ItemType>1</ItemType>
      <ItemName>סבון אסותא מוצק</ItemName>
      <ManufactureName>עיסא ערטול בעמ</ManufactureName>
      <ManufactureCountry />
      <ManufactureItemDescription />
      <UnitQty>יח`</UnitQty>
      <Quantity>100</Quantity>
      <UnitMeasure>גרם</UnitMeasure>
      <BisWeighted>0</BisWeighted>
      <QtyInPackage>1</QtyInPackage>
      <ItemPrice>4.90</ItemPrice>
      <UnitOfMeasurePrice>4.90</UnitOfMeasurePrice>
      <AllowDiscount>0</AllowDiscount>
      <itemStatus>1</itemStatus>
      <LastUpdateDate />
      <LastUpdateTime />
    </Product>
    <Product>
      <PriceUpdateDate>2015/05/27 14:49</PriceUpdateDate>
      <ItemCode>8697431921718</ItemCode>
      <ItemType>1</ItemType>
      <ItemName>קונפיטורה 70% דובדבן חמוץ</ItemName>
      <ManufactureName>תומר יבוא ושיווק מוצרי מזון (1</ManufactureName>
      <ManufactureCountry />
      <ManufactureItemDescription />
      <UnitQty>יח`</UnitQty>
      <Quantity>454</Quantity>
      <UnitMeasure>גרם</UnitMeasure>
      <BisWeighted>0</BisWeighted>
      <QtyInPackage>1</QtyInPackage>
      <ItemPrice>14.90</ItemPrice>
      <UnitOfMeasurePrice>3.28</UnitOfMeasurePrice>
      <AllowDiscount>1</AllowDiscount>
      <itemStatus>1</itemStatus>
      <LastUpdateDate />
      <LastUpdateTime />
    </Product>
    <Product>
      <PriceUpdateDate>2016/09/25 08:20</PriceUpdateDate>
      <ItemCode>8697512610036</ItemCode>
      <ItemType>1</ItemType>
      <ItemName>נייר כסף טנגו גדול</ItemName>
      <ManufactureName>עיסא ערטול בעמ</ManufactureName>
      <ManufactureCountry />
      <ManufactureItemDescription />
      <UnitQty>יח`</UnitQty>
      <Quantity>1</Quantity>
      <UnitMeasure />
      <BisWeighted>0</BisWeighted>
      <QtyInPackage>1</QtyInPackage>
      <ItemPrice>10</ItemPrice>
      <UnitOfMeasurePrice>10</UnitOfMeasurePrice>
      <AllowDiscount>0</AllowDiscount>
      <itemStatus>1</itemStatus>
      <LastUpdateDate />
      <LastUpdateTime />
    </Product>
    <Product>
      <PriceUpdateDate>2018/12/04 07:21</PriceUpdateDate>
      <ItemCode>8697530910743</ItemCode>
      <ItemType>1</ItemType>
      <ItemName>פאל מאל כחול</ItemName>
      <ManufactureName>גלוברנדס בעמ - שיווק סיגריות</ManufactureName>
      <ManufactureCountry />
      <ManufactureItemDescription />
      <UnitQty>יח`</UnitQty>
      <Quantity>1</Quantity>
      <UnitMeasure />
      <BisWeighted>0</BisWeighted>
      <QtyInPackage>1</QtyInPackage>
      <ItemPrice>27.50</ItemPrice>
      <UnitOfMeasurePrice>27.50</UnitOfMeasurePrice>
      <AllowDiscount>0</AllowDiscount>
      <itemStatus>1</itemStatus>
      <LastUpdateDate />
      <LastUpdateTime />
    </Product>
    <Product>
      <PriceUpdateDate>2018/12/04 07:21</PriceUpdateDate>
      <ItemCode>8697530910750</ItemCode>
      <ItemType>1</ItemType>
      <ItemName>פאל מאל כחול 100 ארוך</ItemName>
      <ManufactureName>גלוברנדס בעמ - שיווק סיגריות</ManufactureName>
      <ManufactureCountry />
      <ManufactureItemDescription />
      <UnitQty>יח`</UnitQty>
      <Quantity>1</Quantity>
      <UnitMeasure />
      <BisWeighted>0</BisWeighted>
      <QtyInPackage>1</QtyInPackage>
      <ItemPrice>27.50</ItemPrice>
      <UnitOfMeasurePrice>27.50</UnitOfMeasurePrice>
      <AllowDiscount>0</AllowDiscount>
      <itemStatus>1</itemStatus>
      <LastUpdateDate />
      <LastUpdateTime />
    </Product>
    <Product>
      <PriceUpdateDate>2020/03/24 08:14</PriceUpdateDate>
      <ItemCode>8697659238544</ItemCode>
      <ItemType>1</ItemType>
      <ItemName>אל סבון נוזלי דיסני מיני מאוס 400 מל</ItemName>
      <ManufactureName>פארמה דיל (פ.א.ב.) שיווק והפצה</ManufactureName>
      <ManufactureCountry />
      <ManufactureItemDescription />
      <UnitQty>יח`</UnitQty>
      <Quantity>1</Quantity>
      <UnitMeasure />
      <BisWeighted>0</BisWeighted>
      <QtyInPackage>1</QtyInPackage>
      <ItemPrice>9.90</ItemPrice>
      <UnitOfMeasurePrice>9.90</UnitOfMeasurePrice>
      <AllowDiscount>0</AllowDiscount>
      <itemStatus>1</itemStatus>
      <LastUpdateDate />
      <LastUpdateTime />
    </Product>
    <Product>
      <PriceUpdateDate>2014/01/01 08:37</PriceUpdateDate>
      <ItemCode>8710428005762</ItemCode>
      <ItemType>1</ItemType>
      <ItemName>סימילאק איזומיל טף</ItemName>
      <ManufactureName>שקד תבל בעמ</ManufactureName>
      <ManufactureCountry />
      <ManufactureItemDescription />
      <UnitQty>יח`</UnitQty>
      <Quantity>400</Quantity>
      <UnitMeasure>גרם</UnitMeasure>
      <BisWeighted>0</BisWeighted>
      <QtyInPackage>1</QtyInPackage>
      <ItemPrice>45</ItemPrice>
      <UnitOfMeasurePrice>11.25</UnitOfMeasurePrice>
      <AllowDiscount>0</AllowDiscount>
      <itemStatus>1</itemStatus>
      <LastUpdateDate />
      <LastUpdateTime />
    </Product>
    <Product>
      <PriceUpdateDate>2019/02/20 09:34</PriceUpdateDate>
      <ItemCode>8710447211052</ItemCode>
      <ItemType>1</ItemType>
      <ItemName>טרזמה שמפו בוטניק 500 מל</ItemName>
      <ManufactureName>יוניליוור ישראל שיווק בעמ</ManufactureName>
      <ManufactureCountry />
      <ManufactureItemDescription />
      <UnitQty>יח`</UnitQty>
      <Quantity>500</Quantity>
      <UnitMeasure>מ"ל</UnitMeasure>
      <BisWeighted>0</BisWeighted>
      <QtyInPackage>1</QtyInPackage>
      <ItemPrice>22.90</ItemPrice>
      <UnitOfMeasurePrice>4.58</UnitOfMeasurePrice>
      <AllowDiscount>1</AllowDiscount>
      <itemStatus>1</itemStatus>
      <LastUpdateDate />
      <LastUpdateTime />
    </Product>
    <Product>
      <PriceUpdateDate>2019/02/20 09:34</PriceUpdateDate>
      <ItemCode>8710447224311</ItemCode>
      <ItemType>1</ItemType>
      <ItemName>טרזמה מרכך בוטניק 500 מל</ItemName>
      <ManufactureName>יוניליוור ישראל שיווק בעמ</ManufactureName>
      <ManufactureCountry />
      <ManufactureItemDescription />
      <UnitQty>יח`</UnitQty>
      <Quantity>500</Quantity>
      <UnitMeasure>מ"ל</UnitMeasure>
      <BisWeighted>0</BisWeighted>
      <QtyInPackage>1</QtyInPackage>
      <ItemPrice>22.90</ItemPrice>
      <UnitOfMeasurePrice>4.58</UnitOfMeasurePrice>
      <AllowDiscount>1</AllowDiscount>
      <itemStatus>1</itemStatus>
      <LastUpdateDate />
      <LastUpdateTime />
    </Product>
    <Product>
      <PriceUpdateDate>2018/05/09 08:16</PriceUpdateDate>
      <ItemCode>8710447284117</ItemCode>
      <ItemType>1</ItemType>
      <ItemName>ג`ל רחצה בלאק 400  גר`אקס</ItemName>
      <ManufactureName>יוניליוור ישראל שיווק בעמ</ManufactureName>
      <ManufactureCountry />
      <ManufactureItemDescription />
      <UnitQty>יח`</UnitQty>
      <Quantity>400</Quantity>
      <UnitMeasure>מ"ל</UnitMeasure>
      <BisWeighted>0</BisWeighted>
      <QtyInPackage>1</QtyInPackage>
      <ItemPrice>12.90</ItemPrice>
      <UnitOfMeasurePrice>3.23</UnitOfMeasurePrice>
      <AllowDiscount>0</AllowDiscount>
      <itemStatus>1</itemStatus>
      <LastUpdateDate />
      <LastUpdateTime />
    </Product>
    <Product>
      <PriceUpdateDate>2018/12/31 08:16</PriceUpdateDate>
      <ItemCode>8710447331095</ItemCode>
      <ItemType>1</ItemType>
      <ItemName>TRESemme מסכה בוטניק 300 מל</ItemName>
      <ManufactureName>יוניליוור ישראל שיווק בעמ</ManufactureName>
      <ManufactureCountry />
      <ManufactureItemDescription />
      <UnitQty>יח`</UnitQty>
      <Quantity>300</Quantity>
      <UnitMeasure>מ"ל</UnitMeasure>
      <BisWeighted>0</BisWeighted>
      <QtyInPackage>1</QtyInPackage>
      <ItemPrice>29.90</ItemPrice>
      <UnitOfMeasurePrice>9.97</UnitOfMeasurePrice>
      <AllowDiscount>0</AllowDiscount>
      <itemStatus>1</itemStatus>
      <LastUpdateDate />
      <LastUpdateTime />
    </Product>
    <Product>
      <PriceUpdateDate>2018/10/08 12:12</PriceUpdateDate>
      <ItemCode>8710447438497</ItemCode>
      <ItemType>1</ItemType>
      <ItemName>ג`ל רחצה אקס לגבר קוליז`ן 400 מל</ItemName>
      <ManufactureName>יוניליוור ישראל שיווק בעמ</ManufactureName>
      <ManufactureCountry />
      <ManufactureItemDescription />
      <UnitQty>יח`</UnitQty>
      <Quantity>400</Quantity>
      <UnitMeasure>מ"ל</UnitMeasure>
      <BisWeighted>0</BisWeighted>
      <QtyInPackage>1</QtyInPackage>
      <ItemPrice>12.90</ItemPrice>
      <UnitOfMeasurePrice>3.23</UnitOfMeasurePrice>
      <AllowDiscount>1</AllowDiscount>
      <itemStatus>1</itemStatus>
      <LastUpdateDate />
      <LastUpdateTime />
    </Product>
    <Product>
      <PriceUpdateDate>2015/01/29 09:07</PriceUpdateDate>
      <ItemCode>8710800961310</ItemCode>
      <ItemType>1</ItemType>
      <ItemName>מנטוס רביעיה</ItemName>
      <ManufactureName>ליימן שליסל בעמ</ManufactureName>
      <ManufactureCountry />
      <ManufactureItemDescription />
      <UnitQty>יח`</UnitQty>
      <Quantity>150</Quantity>
      <UnitMeasure>גרם</UnitMeasure>
      <BisWeighted>0</BisWeighted>
      <QtyInPackage>1</QtyInPackage>
      <ItemPrice>11.90</ItemPrice>
      <UnitOfMeasurePrice>7.93</UnitOfMeasurePrice>
      <AllowDiscount>0</AllowDiscount>
      <itemStatus>1</itemStatus>
      <LastUpdateDate />
      <LastUpdateTime />
    </Product>
    <Product>
      <PriceUpdateDate>2019/05/22 08:56</PriceUpdateDate>
      <ItemCode>8710847892134</ItemCode>
      <ItemType>1</ItemType>
      <ItemName>בדין כדוריות הבושם ורוד 275 גר`</ItemName>
      <ManufactureName>יוניליוור ישראל שיווק בעמ</ManufactureName>
      <ManufactureCountry />
      <ManufactureItemDescription />
      <UnitQty>יח`</UnitQty>
      <Quantity>275</Quantity>
      <UnitMeasure>גרם</UnitMeasure>
      <BisWeighted>0</BisWeighted>
      <QtyInPackage>1</QtyInPackage>
      <ItemPrice>28.90</ItemPrice>
      <UnitOfMeasurePrice>10.51</UnitOfMeasurePrice>
      <AllowDiscount>1</AllowDiscount>
      <itemStatus>1</itemStatus>
      <LastUpdateDate />
      <LastUpdateTime />
    </Product>
    <Product>
      <PriceUpdateDate>2019/10/16 14:26</PriceUpdateDate>
      <ItemCode>8710847908439</ItemCode>
      <ItemType>1</ItemType>
      <ItemName>אקס ספריי גוף פרש פורסט 150 מל</ItemName>
      <ManufactureName>יוניליוור ישראל שיווק בעמ</ManufactureName>
      <ManufactureCountry />
      <ManufactureItemDescription />
      <UnitQty>יח`</UnitQty>
      <Quantity>150</Quantity>
      <UnitMeasure>מ"ל</UnitMeasure>
      <BisWeighted>0</BisWeighted>
      <QtyInPackage>1</QtyInPackage>
      <ItemPrice>11.90</ItemPrice>
      <UnitOfMeasurePrice>7.93</UnitOfMeasurePrice>
      <AllowDiscount>1</AllowDiscount>
      <itemStatus>1</itemStatus>
      <LastUpdateDate />
      <LastUpdateTime />
    </Product>
    <Product>
      <PriceUpdateDate>2020/03/29 10:59</PriceUpdateDate>
      <ItemCode>8710847962592</ItemCode>
      <ItemType>1</ItemType>
      <ItemName>אקס בודי ספריי פרש ברגמוט ופינק פפר 150</ItemName>
      <ManufactureName>יוניליוור ישראל שיווק בעמ</ManufactureName>
      <ManufactureCountry />
      <ManufactureItemDescription />
      <UnitQty>יח`</UnitQty>
      <Quantity>150</Quantity>
      <UnitMeasure>מ"ל</UnitMeasure>
      <BisWeighted>0</BisWeighted>
      <QtyInPackage>1</QtyInPackage>
      <ItemPrice>11.90</ItemPrice>
      <UnitOfMeasurePrice>7.93</UnitOfMeasurePrice>
      <AllowDiscount>0</AllowDiscount>
      <itemStatus>1</itemStatus>
      <LastUpdateDate />
      <LastUpdateTime />
    </Product>
    <Product>
      <PriceUpdateDate>2020/03/29 10:59</PriceUpdateDate>
      <ItemCode>8710847962608</ItemCode>
      <ItemType>1</ItemType>
      <ItemName>אקס בודי ספריי מוחיטו ירוק ועצי ארז 150</ItemName>
      <ManufactureName>יוניליוור ישראל שיווק בעמ</ManufactureName>
      <ManufactureCountry />
      <ManufactureItemDescription />
      <UnitQty>יח`</UnitQty>
      <Quantity>150</Quantity>
      <UnitMeasure>מ"ל</UnitMeasure>
      <BisWeighted>0</BisWeighted>
      <QtyInPackage>1</QtyInPackage>
      <ItemPrice>11.90</ItemPrice>
      <UnitOfMeasurePrice>7.93</UnitOfMeasurePrice>
      <AllowDiscount>1</AllowDiscount>
      <itemStatus>1</itemStatus>
      <LastUpdateDate />
      <LastUpdateTime />
    </Product>
    <Product>
      <PriceUpdateDate>2019/08/27 11:10</PriceUpdateDate>
      <ItemCode>8710862057624</ItemCode>
      <ItemType>1</ItemType>
      <ItemName>מימי עוף לחתול 410ג</ItemName>
      <ManufactureName>שחורי אריה ואנסטסיה</ManufactureName>
      <ManufactureCountry />
      <ManufactureItemDescription />
      <UnitQty>יח`</UnitQty>
      <Quantity>1</Quantity>
      <UnitMeasure />
      <BisWeighted>0</BisWeighted>
      <QtyInPackage>1</QtyInPackage>
      <ItemPrice>4</ItemPrice>
      <UnitOfMeasurePrice>4</UnitOfMeasurePrice>
      <AllowDiscount>0</AllowDiscount>
      <itemStatus>1</itemStatus>
      <LastUpdateDate />
      <LastUpdateTime />
    </Product>
    <Product>
      <PriceUpdateDate>2019/08/27 11:10</PriceUpdateDate>
      <ItemCode>8710864009058</ItemCode>
      <ItemType>1</ItemType>
      <ItemName>גטוליני סלמון לחתול 410 גר</ItemName>
      <ManufactureName>שחורי אריה ואנסטסיה</ManufactureName>
      <ManufactureCountry />
      <ManufactureItemDescription />
      <UnitQty>יח`</UnitQty>
      <Quantity>1</Quantity>
      <UnitMeasure />
      <BisWeighted>0</BisWeighted>
      <QtyInPackage>1</QtyInPackage>
      <ItemPrice>4</ItemPrice>
      <UnitOfMeasurePrice>4</UnitOfMeasurePrice>
      <AllowDiscount>0</AllowDiscount>
      <itemStatus>1</itemStatus>
      <LastUpdateDate />
      <LastUpdateTime />
    </Product>
    <Product>
      <PriceUpdateDate>2018/10/19 10:54</PriceUpdateDate>
      <ItemCode>8711000362631</ItemCode>
      <ItemType>1</ItemType>
      <ItemName>קפסולות קפה אספרסו אוניקס (12) 52 גר` ל</ItemName>
      <ManufactureName>דיפלומט היינץ</ManufactureName>
      <ManufactureCountry />
      <ManufactureItemDescription />
      <UnitQty>יח`</UnitQty>
      <Quantity>100</Quantity>
      <UnitMeasure>גרם</UnitMeasure>
      <BisWeighted>0</BisWeighted>
      <QtyInPackage>1</QtyInPackage>
      <ItemPrice>19.90</ItemPrice>
      <UnitOfMeasurePrice>19.90</UnitOfMeasurePrice>
      <AllowDiscount>1</AllowDiscount>
      <itemStatus>1</itemStatus>
      <LastUpdateDate />
      <LastUpdateTime />
    </Product>
    <Product>
      <PriceUpdateDate>2019/06/16 08:26</PriceUpdateDate>
      <ItemCode>8711000362679</ItemCode>
      <ItemType>1</ItemType>
      <ItemName>קפסולות קפה אספרסו קולומביה (8) 52 גר</ItemName>
      <ManufactureName>דיפלומט היינץ</ManufactureName>
      <ManufactureCountry />
      <ManufactureItemDescription />
      <UnitQty>יח`</UnitQty>
      <Quantity>100</Quantity>
      <UnitMeasure>גרם</UnitMeasure>
      <BisWeighted>0</BisWeighted>
      <QtyInPackage>1</QtyInPackage>
      <ItemPrice>19.90</ItemPrice>
      <UnitOfMeasurePrice>19.90</UnitOfMeasurePrice>
      <AllowDiscount>1</AllowDiscount>
      <itemStatus>1</itemStatus>
      <LastUpdateDate />
      <LastUpdateTime />
    </Product>
    <Product>
      <PriceUpdateDate>2019/06/16 08:26</PriceUpdateDate>
      <ItemCode>8711000362693</ItemCode>
      <ItemType>1</ItemType>
      <ItemName>קפסולות קפה אספרסו פפואה (7) 52 גר` לור</ItemName>
      <ManufactureName>דיפלומט היינץ</ManufactureName>
      <ManufactureCountry />
      <ManufactureItemDescription />
      <UnitQty>יח`</UnitQty>
      <Quantity>100</Quantity>
      <UnitMeasure>גרם</UnitMeasure>
      <BisWeighted>0</BisWeighted>
      <QtyInPackage>1</QtyInPackage>
      <ItemPrice>19.90</ItemPrice>
      <UnitOfMeasurePrice>19.90</UnitOfMeasurePrice>
      <AllowDiscount>1</AllowDiscount>
      <itemStatus>1</itemStatus>
      <LastUpdateDate />
      <LastUpdateTime />
    </Product>
    <Product>
      <PriceUpdateDate>2018/10/19 10:54</PriceUpdateDate>
      <ItemCode>8711000362747</ItemCode>
      <ItemType>1</ItemType>
      <ItemName>קפסולות קפה אספרסו ריסטרטו (11) 52 גר` ל</ItemName>
      <ManufactureName>דיפלומט היינץ</ManufactureName>
      <ManufactureCountry />
      <ManufactureItemDescription />
      <UnitQty>יח`</UnitQty>
      <Quantity>100</Quantity>
      <UnitMeasure>גרם</UnitMeasure>
      <BisWeighted>0</BisWeighted>
      <QtyInPackage>1</QtyInPackage>
      <ItemPrice>19.90</ItemPrice>
      <UnitOfMeasurePrice>19.90</UnitOfMeasurePrice>
      <AllowDiscount>1</AllowDiscount>
      <itemStatus>1</itemStatus>
      <LastUpdateDate />
      <LastUpdateTime />
    </Product>
    <Product>
      <PriceUpdateDate>2019/02/17 08:14</PriceUpdateDate>
      <ItemCode>8711000371176</ItemCode>
      <ItemType>1</ItemType>
      <ItemName>קפסולות קפה אספרסו קלאסיקו ג`ייקבוס עוצמ</ItemName>
      <ManufactureName>דיפלומט היינץ</ManufactureName>
      <ManufactureCountry />
      <ManufactureItemDescription />
      <UnitQty>יח`</UnitQty>
      <Quantity>1</Quantity>
      <UnitMeasure />
      <BisWeighted>0</BisWeighted>
      <QtyInPackage>1</QtyInPackage>
      <ItemPrice>15.90</ItemPrice>
      <UnitOfMeasurePrice>15.90</UnitOfMeasurePrice>
      <AllowDiscount>1</AllowDiscount>
      <itemStatus>1</itemStatus>
      <LastUpdateDate />
      <LastUpdateTime />
    </Product>
    <Product>
      <PriceUpdateDate>2019/02/17 08:14</PriceUpdateDate>
      <ItemCode>8711000371183</ItemCode>
      <ItemType>1</ItemType>
      <ItemName>קפסולות קפה אספרסו קלאסיקו אינטנסו עוצמה</ItemName>
      <ManufactureName>דיפלומט היינץ</ManufactureName>
      <ManufactureCountry />
      <ManufactureItemDescription />
      <UnitQty>יח`</UnitQty>
      <Quantity>1</Quantity>
      <UnitMeasure />
      <BisWeighted>0</BisWeighted>
      <QtyInPackage>1</QtyInPackage>
      <ItemPrice>15.90</ItemPrice>
      <UnitOfMeasurePrice>15.90</UnitOfMeasurePrice>
      <AllowDiscount>1</AllowDiscount>
      <itemStatus>1</itemStatus>
      <LastUpdateDate />
      <LastUpdateTime />
    </Product>
    <Product>
      <PriceUpdateDate>2019/02/17 08:14</PriceUpdateDate>
      <ItemCode>8711000371206</ItemCode>
      <ItemType>1</ItemType>
      <ItemName>קפסולות קפה אספרסו ריסטרטו ג`ייקבוס (עוצ</ItemName>
      <ManufactureName>דיפלומט היינץ</ManufactureName>
      <ManufactureCountry />
      <ManufactureItemDescription />
      <UnitQty>יח`</UnitQty>
      <Quantity>1</Quantity>
      <UnitMeasure />
      <BisWeighted>0</BisWeighted>
      <QtyInPackage>1</QtyInPackage>
      <ItemPrice>15.90</ItemPrice>
      <UnitOfMeasurePrice>15.90</UnitOfMeasurePrice>
      <AllowDiscount>1</AllowDiscount>
      <itemStatus>1</itemStatus>
      <LastUpdateDate />
      <LastUpdateTime />
    </Product>
    <Product>
      <PriceUpdateDate>2019/03/27 17:51</PriceUpdateDate>
      <ItemCode>8711200443802</ItemCode>
      <ItemType>1</ItemType>
      <ItemName>חרדל ד`זון בקבוק לחיץ 235 מל</ItemName>
      <ManufactureName>נטו מלינדה סחר בעמ</ManufactureName>
      <ManufactureCountry />
      <ManufactureItemDescription />
      <UnitQty>יח`</UnitQty>
      <Quantity>235</Quantity>
      <UnitMeasure>גרם</UnitMeasure>
      <BisWeighted>0</BisWeighted>
      <QtyInPackage>1</QtyInPackage>
      <ItemPrice>14.90</ItemPrice>
      <UnitOfMeasurePrice>6.34</UnitOfMeasurePrice>
      <AllowDiscount>1</AllowDiscount>
      <itemStatus>1</itemStatus>
      <LastUpdateDate />
      <LastUpdateTime />
    </Product>
    <Product>
      <PriceUpdateDate>2019/06/23 08:22</PriceUpdateDate>
      <ItemCode>8712000051099</ItemCode>
      <ItemType>1</ItemType>
      <ItemName>בירה היינקן 0.0% שישייה 330 מל</ItemName>
      <ManufactureName>טמפו משקאות בעמ</ManufactureName>
      <ManufactureCountry />
      <ManufactureItemDescription />
      <UnitQty>יח`</UnitQty>
      <Quantity>1</Quantity>
      <UnitMeasure />
      <BisWeighted>0</BisWeighted>
      <QtyInPackage>1</QtyInPackage>
      <ItemPrice>29.90</ItemPrice>
      <UnitOfMeasurePrice>29.90</UnitOfMeasurePrice>
      <AllowDiscount>0</AllowDiscount>
      <itemStatus>1</itemStatus>
      <LastUpdateDate />
      <LastUpdateTime />
    </Product>
    <Product>
      <PriceUpdateDate>2020/01/01 10:03</PriceUpdateDate>
      <ItemCode>8712000051945</ItemCode>
      <ItemType>1</ItemType>
      <ItemName>בירה רד סטרייפ 330 מל בקבוק</ItemName>
      <ManufactureName>טמפו משקאות בעמ</ManufactureName>
      <ManufactureCountry />
      <ManufactureItemDescription />
      <UnitQty>יח`</UnitQty>
      <Quantity>330</Quantity>
      <UnitMeasure>מ"ל</UnitMeasure>
      <BisWeighted>0</BisWeighted>
      <QtyInPackage>1</QtyInPackage>
      <ItemPrice>7.90</ItemPrice>
      <UnitOfMeasurePrice>2.30</UnitOfMeasurePrice>
      <AllowDiscount>0</AllowDiscount>
      <itemStatus>1</itemStatus>
      <LastUpdateDate />
      <LastUpdateTime />
    </Product>
    <Product>
      <PriceUpdateDate>2018/02/06 09:32</PriceUpdateDate>
      <ItemCode>8712400802499</ItemCode>
      <ItemType>1</ItemType>
      <ItemName>תחליף חלב שלב 1 נוטרילון (800 גרם)</ItemName>
      <ManufactureName>דיפלומט היינץ</ManufactureName>
      <ManufactureCountry />
      <ManufactureItemDescription />
      <UnitQty>יח`</UnitQty>
      <Quantity>800</Quantity>
      <UnitMeasure>גרם</UnitMeasure>
      <BisWeighted>0</BisWeighted>
      <QtyInPackage>1</QtyInPackage>
      <ItemPrice>75.90</ItemPrice>
      <UnitOfMeasurePrice>9.49</UnitOfMeasurePrice>
      <AllowDiscount>1</AllowDiscount>
      <itemStatus>1</itemStatus>
      <LastUpdateDate />
      <LastUpdateTime />
    </Product>
    <Product>
      <PriceUpdateDate>2018/02/06 09:32</PriceUpdateDate>
      <ItemCode>8712400802512</ItemCode>
      <ItemType>1</ItemType>
      <ItemName>תחליף חלב שלב 2 נוטרילון (800 גרם)</ItemName>
      <ManufactureName>דיפלומט היינץ</ManufactureName>
      <ManufactureCountry />
      <ManufactureItemDescription />
      <UnitQty>יח`</UnitQty>
      <Quantity>800</Quantity>
      <UnitMeasure>גרם</UnitMeasure>
      <BisWeighted>0</BisWeighted>
      <QtyInPackage>1</QtyInPackage>
      <ItemPrice>75.90</ItemPrice>
      <UnitOfMeasurePrice>9.49</UnitOfMeasurePrice>
      <AllowDiscount>1</AllowDiscount>
      <itemStatus>1</itemStatus>
      <LastUpdateDate />
      <LastUpdateTime />
    </Product>
    <Product>
      <PriceUpdateDate>2018/02/06 09:32</PriceUpdateDate>
      <ItemCode>8712400802536</ItemCode>
      <ItemType>1</ItemType>
      <ItemName>תחליף חלב שלב 3 נוטרילון (800 גרם)</ItemName>
      <ManufactureName>דיפלומט היינץ</ManufactureName>
      <ManufactureCountry />
      <ManufactureItemDescription />
      <UnitQty>יח`</UnitQty>
      <Quantity>800</Quantity>
      <UnitMeasure>גרם</UnitMeasure>
      <BisWeighted>0</BisWeighted>
      <QtyInPackage>1</QtyInPackage>
      <ItemPrice>75.90</ItemPrice>
      <UnitOfMeasurePrice>9.49</UnitOfMeasurePrice>
      <AllowDiscount>1</AllowDiscount>
      <itemStatus>1</itemStatus>
      <LastUpdateDate />
      <LastUpdateTime />
    </Product>
    <Product>
      <PriceUpdateDate>2015/08/11 13:02</PriceUpdateDate>
      <ItemCode>8712561594608</ItemCode>
      <ItemType>1</ItemType>
      <ItemName>תחליב רחצה להזנה עמוקה דאב (750 מל)</ItemName>
      <ManufactureName>יוניליוור ישראל שיווק בעמ</ManufactureName>
      <ManufactureCountry />
      <ManufactureItemDescription />
      <UnitQty>יח`</UnitQty>
      <Quantity>750</Quantity>
      <UnitMeasure>מ"ל</UnitMeasure>
      <BisWeighted>0</BisWeighted>
      <QtyInPackage>1</QtyInPackage>
      <ItemPrice>22.90</ItemPrice>
      <UnitOfMeasurePrice>3.05</UnitOfMeasurePrice>
      <AllowDiscount>1</AllowDiscount>
      <itemStatus>1</itemStatus>
      <LastUpdateDate />
      <LastUpdateTime />
    </Product>
    <Product>
      <PriceUpdateDate>2015/08/11 13:02</PriceUpdateDate>
      <ItemCode>8712561611411</ItemCode>
      <ItemType>1</ItemType>
      <ItemName>דאב תחליב רחצה ירוק ומלפפון 750 מל</ItemName>
      <ManufactureName>יוניליוור ישראל שיווק בעמ</ManufactureName>
      <ManufactureCountry />
      <ManufactureItemDescription />
      <UnitQty>יח`</UnitQty>
      <Quantity>750</Quantity>
      <UnitMeasure>מ"ל</UnitMeasure>
      <BisWeighted>0</BisWeighted>
      <QtyInPackage>1</QtyInPackage>
      <ItemPrice>22.90</ItemPrice>
      <UnitOfMeasurePrice>3.05</UnitOfMeasurePrice>
      <AllowDiscount>1</AllowDiscount>
      <itemStatus>1</itemStatus>
      <LastUpdateDate />
      <LastUpdateTime />
    </Product>
    <Product>
      <PriceUpdateDate>2015/08/11 13:02</PriceUpdateDate>
      <ItemCode>8712561626286</ItemCode>
      <ItemType>1</ItemType>
      <ItemName>תחליב רחצה זוהר כמשי דאב (750 מל)</ItemName>
      <ManufactureName>יוניליוור ישראל שיווק בעמ</ManufactureName>
      <ManufactureCountry />
      <ManufactureItemDescription />
      <UnitQty>יח`</UnitQty>
      <Quantity>750</Quantity>
      <UnitMeasure>מ"ל</UnitMeasure>
      <BisWeighted>0</BisWeighted>
      <QtyInPackage>1</QtyInPackage>
      <ItemPrice>22.90</ItemPrice>
      <UnitOfMeasurePrice>3.05</UnitOfMeasurePrice>
      <AllowDiscount>1</AllowDiscount>
      <itemStatus>1</itemStatus>
      <LastUpdateDate />
      <LastUpdateTime />
    </Product>
    <Product>
      <PriceUpdateDate>2019/11/10 11:41</PriceUpdateDate>
      <ItemCode>8714599104330</ItemCode>
      <ItemType>1</ItemType>
      <ItemName>קפה שחור 85 גר` קלוי וטחון טורקי ג`ייקוב</ItemName>
      <ManufactureName>דיפלומט היינץ</ManufactureName>
      <ManufactureCountry />
      <ManufactureItemDescription />
      <UnitQty>יח`</UnitQty>
      <Quantity>85</Quantity>
      <UnitMeasure>גרם</UnitMeasure>
      <BisWeighted>0</BisWeighted>
      <QtyInPackage>1</QtyInPackage>
      <ItemPrice>7.90</ItemPrice>
      <UnitOfMeasurePrice>9.29</UnitOfMeasurePrice>
      <AllowDiscount>1</AllowDiscount>
      <itemStatus>1</itemStatus>
      <LastUpdateDate />
      <LastUpdateTime />
    </Product>
    <Product>
      <PriceUpdateDate>2016/01/20 09:05</PriceUpdateDate>
      <ItemCode>8714599513781</ItemCode>
      <ItemType>1</ItemType>
      <ItemName>ג`יקובס גולד 200 גר` מיובש בהקפאה</ItemName>
      <ManufactureName>דיפלומט היינץ</ManufactureName>
      <ManufactureCountry />
      <ManufactureItemDescription />
      <UnitQty>יח`</UnitQty>
      <Quantity>200</Quantity>
      <UnitMeasure>גרם</UnitMeasure>
      <BisWeighted>0</BisWeighted>
      <QtyInPackage>1</QtyInPackage>
      <ItemPrice>33.90</ItemPrice>
      <UnitOfMeasurePrice>16.95</UnitOfMeasurePrice>
      <AllowDiscount>1</AllowDiscount>
      <itemStatus>1</itemStatus>
      <LastUpdateDate />
      <LastUpdateTime />
    </Product>
    <Product>
      <PriceUpdateDate>2018/11/05 08:45</PriceUpdateDate>
      <ItemCode>8714599513866</ItemCode>
      <ItemType>1</ItemType>
      <ItemName>קפה נמס קרוננג ג`יקובס 200 גר`</ItemName>
      <ManufactureName>דיפלומט היינץ</ManufactureName>
      <ManufactureCountry />
      <ManufactureItemDescription />
      <UnitQty>יח`</UnitQty>
      <Quantity>200</Quantity>
      <UnitMeasure>גרם</UnitMeasure>
      <BisWeighted>0</BisWeighted>
      <QtyInPackage>1</QtyInPackage>
      <ItemPrice>27.90</ItemPrice>
      <UnitOfMeasurePrice>13.95</UnitOfMeasurePrice>
      <AllowDiscount>1</AllowDiscount>
      <itemStatus>1</itemStatus>
      <LastUpdateDate />
      <LastUpdateTime />
    </Product>
    <Product>
      <PriceUpdateDate>2015/12/29 08:29</PriceUpdateDate>
      <ItemCode>8714789177229</ItemCode>
      <ItemType>1</ItemType>
      <ItemName>קולגייט אקסטרה קלין רביעייה</ItemName>
      <ManufactureName>ש.שסטוביץ בעמ</ManufactureName>
      <ManufactureCountry />
      <ManufactureItemDescription />
      <UnitQty>יח`</UnitQty>
      <Quantity>1</Quantity>
      <UnitMeasure />
      <BisWeighted>0</BisWeighted>
      <QtyInPackage>1</QtyInPackage>
      <ItemPrice>9.90</ItemPrice>
      <UnitOfMeasurePrice>9.90</UnitOfMeasurePrice>
      <AllowDiscount>0</AllowDiscount>
      <itemStatus>1</itemStatus>
      <LastUpdateDate />
      <LastUpdateTime />
    </Product>
    <Product>
      <PriceUpdateDate>2017/02/27 08:16</PriceUpdateDate>
      <ItemCode>8715700115344</ItemCode>
      <ItemType>1</ItemType>
      <ItemName>מתבל עגבניות 460 גר` כשלפ קט</ItemName>
      <ManufactureName>דיפלומט היינץ</ManufactureName>
      <ManufactureCountry />
      <ManufactureItemDescription />
      <UnitQty>יח`</UnitQty>
      <Quantity>460</Quantity>
      <UnitMeasure>גרם</UnitMeasure>
      <BisWeighted>0</BisWeighted>
      <QtyInPackage>1</QtyInPackage>
      <ItemPrice>6.90</ItemPrice>
      <UnitOfMeasurePrice>1.50</UnitOfMeasurePrice>
      <AllowDiscount>0</AllowDiscount>
      <itemStatus>1</itemStatus>
      <LastUpdateDate />
      <LastUpdateTime />
    </Product>
    <Product>
      <PriceUpdateDate>2016/07/17 08:06</PriceUpdateDate>
      <ItemCode>8715700422367</ItemCode>
      <ItemType>1</ItemType>
      <ItemName>מיונז מופחת שומן היינץ (420 גרם)</ItemName>
      <ManufactureName>דיפלומט היינץ</ManufactureName>
      <ManufactureCountry />
      <ManufactureItemDescription />
      <UnitQty>יח`</UnitQty>
      <Quantity>425</Quantity>
      <UnitMeasure>גרם</UnitMeasure>
      <BisWeighted>0</BisWeighted>
      <QtyInPackage>1</QtyInPackage>
      <ItemPrice>12.90</ItemPrice>
      <UnitOfMeasurePrice>3.04</UnitOfMeasurePrice>
      <AllowDiscount>0</AllowDiscount>
      <itemStatus>1</itemStatus>
      <LastUpdateDate />
      <LastUpdateTime />
    </Product>
    <Product>
      <PriceUpdateDate>2016/07/17 08:06</PriceUpdateDate>
      <ItemCode>8715700422381</ItemCode>
      <ItemType>1</ItemType>
      <ItemName>מיונז אמיתי היינץ (420 גרם)</ItemName>
      <ManufactureName>דיפלומט היינץ</ManufactureName>
      <ManufactureCountry />
      <ManufactureItemDescription />
      <UnitQty>יח`</UnitQty>
      <Quantity>420</Quantity>
      <UnitMeasure>גרם</UnitMeasure>
      <BisWeighted>0</BisWeighted>
      <QtyInPackage>1</QtyInPackage>
      <ItemPrice>12.90</ItemPrice>
      <UnitOfMeasurePrice>3.07</UnitOfMeasurePrice>
      <AllowDiscount>0</AllowDiscount>
      <itemStatus>1</itemStatus>
      <LastUpdateDate />
      <LastUpdateTime />
    </Product>
    <Product>
      <PriceUpdateDate>2019/04/22 09:09</PriceUpdateDate>
      <ItemCode>8717163647196</ItemCode>
      <ItemType>1</ItemType>
      <ItemName>אקס ספריי אנארכי נשים</ItemName>
      <ManufactureName>יוניליוור ישראל שיווק בעמ</ManufactureName>
      <ManufactureCountry />
      <ManufactureItemDescription />
      <UnitQty>יח`</UnitQty>
      <Quantity>150</Quantity>
      <UnitMeasure>מ"ל</UnitMeasure>
      <BisWeighted>0</BisWeighted>
      <QtyInPackage>1</QtyInPackage>
      <ItemPrice>19.90</ItemPrice>
      <UnitOfMeasurePrice>13.27</UnitOfMeasurePrice>
      <AllowDiscount>1</AllowDiscount>
      <itemStatus>1</itemStatus>
      <LastUpdateDate />
      <LastUpdateTime />
    </Product>
    <Product>
      <PriceUpdateDate>2019/10/16 14:26</PriceUpdateDate>
      <ItemCode>8717163647202</ItemCode>
      <ItemType>1</ItemType>
      <ItemName>אקס בודי ספריי גוף אנרכי גברים</ItemName>
      <ManufactureName>יוניליוור ישראל שיווק בעמ</ManufactureName>
      <ManufactureCountry />
      <ManufactureItemDescription />
      <UnitQty>יח`</UnitQty>
      <Quantity>150</Quantity>
      <UnitMeasure>גרם</UnitMeasure>
      <BisWeighted>0</BisWeighted>
      <QtyInPackage>1</QtyInPackage>
      <ItemPrice>11.90</ItemPrice>
      <UnitOfMeasurePrice>7.93</UnitOfMeasurePrice>
      <AllowDiscount>1</AllowDiscount>
      <itemStatus>1</itemStatus>
      <LastUpdateDate />
      <LastUpdateTime />
    </Product>
    <Product>
      <PriceUpdateDate>2019/10/16 14:26</PriceUpdateDate>
      <ItemCode>8717163647226</ItemCode>
      <ItemType>1</ItemType>
      <ItemName>אקס ספריי גוף בלאק 150 מל</ItemName>
      <ManufactureName>יוניליוור ישראל שיווק בעמ</ManufactureName>
      <ManufactureCountry />
      <ManufactureItemDescription />
      <UnitQty>יח`</UnitQty>
      <Quantity>150</Quantity>
      <UnitMeasure>מ"ל</UnitMeasure>
      <BisWeighted>0</BisWeighted>
      <QtyInPackage>1</QtyInPackage>
      <ItemPrice>11.90</ItemPrice>
      <UnitOfMeasurePrice>7.93</UnitOfMeasurePrice>
      <AllowDiscount>1</AllowDiscount>
      <itemStatus>1</itemStatus>
      <LastUpdateDate />
      <LastUpdateTime />
    </Product>
    <Product>
      <PriceUpdateDate>2019/10/16 14:26</PriceUpdateDate>
      <ItemCode>8717163647233</ItemCode>
      <ItemType>1</ItemType>
      <ItemName>אקס בלאק נייט ספריי 150 מל</ItemName>
      <ManufactureName>יוניליוור ישראל שיווק בעמ</ManufactureName>
      <ManufactureCountry />
      <ManufactureItemDescription />
      <UnitQty>יח`</UnitQty>
      <Quantity>150</Quantity>
      <UnitMeasure>מ"ל</UnitMeasure>
      <BisWeighted>0</BisWeighted>
      <QtyInPackage>1</QtyInPackage>
      <ItemPrice>11.90</ItemPrice>
      <UnitOfMeasurePrice>7.93</UnitOfMeasurePrice>
      <AllowDiscount>1</AllowDiscount>
      <itemStatus>1</itemStatus>
      <LastUpdateDate />
      <LastUpdateTime />
    </Product>
    <Product>
      <PriceUpdateDate>2019/10/16 14:26</PriceUpdateDate>
      <ItemCode>8717163647240</ItemCode>
      <ItemType>1</ItemType>
      <ItemName>אקס בודי ספריי שוקולד 150 מל</ItemName>
      <ManufactureName>יוניליוור ישראל שיווק בעמ</ManufactureName>
      <ManufactureCountry />
      <ManufactureItemDescription />
      <UnitQty>יח`</UnitQty>
      <Quantity>150</Quantity>
      <UnitMeasure>גרם</UnitMeasure>
      <BisWeighted>0</BisWeighted>
      <QtyInPackage>1</QtyInPackage>
      <ItemPrice>11.90</ItemPrice>
      <UnitOfMeasurePrice>7.93</UnitOfMeasurePrice>
      <AllowDiscount>1</AllowDiscount>
      <itemStatus>1</itemStatus>
      <LastUpdateDate />
      <LastUpdateTime />
    </Product>
    <Product>
      <PriceUpdateDate>2019/10/16 14:26</PriceUpdateDate>
      <ItemCode>8717163647257</ItemCode>
      <ItemType>1</ItemType>
      <ItemName>אקס ספריי גוף גולד 150 מל</ItemName>
      <ManufactureName>יוניליוור ישראל שיווק בעמ</ManufactureName>
      <ManufactureCountry />
      <ManufactureItemDescription />
      <UnitQty>יח`</UnitQty>
      <Quantity>150</Quantity>
      <UnitMeasure>מ"ל</UnitMeasure>
      <BisWeighted>0</BisWeighted>
      <QtyInPackage>1</QtyInPackage>
      <ItemPrice>11.90</ItemPrice>
      <UnitOfMeasurePrice>7.93</UnitOfMeasurePrice>
      <AllowDiscount>1</AllowDiscount>
      <itemStatus>1</itemStatus>
      <LastUpdateDate />
      <LastUpdateTime />
    </Product>
    <Product>
      <PriceUpdateDate>2019/04/15 08:31</PriceUpdateDate>
      <ItemCode>8717163647264</ItemCode>
      <ItemType>1</ItemType>
      <ItemName>אקס ספריי גוף אייס ציל 150 מל</ItemName>
      <ManufactureName>יוניליוור ישראל שיווק בעמ</ManufactureName>
      <ManufactureCountry />
      <ManufactureItemDescription />
      <UnitQty>יח`</UnitQty>
      <Quantity>150</Quantity>
      <UnitMeasure>גרם</UnitMeasure>
      <BisWeighted>0</BisWeighted>
      <QtyInPackage>1</QtyInPackage>
      <ItemPrice>11.90</ItemPrice>
      <UnitOfMeasurePrice>7.93</UnitOfMeasurePrice>
      <AllowDiscount>1</AllowDiscount>
      <itemStatus>1</itemStatus>
      <LastUpdateDate />
      <LastUpdateTime />
    </Product>
    <Product>
      <PriceUpdateDate>2019/10/16 14:26</PriceUpdateDate>
      <ItemCode>8717163647271</ItemCode>
      <ItemType>1</ItemType>
      <ItemName>אקס ספריי גוף קולז`ן 150 מל</ItemName>
      <ManufactureName>יוניליוור ישראל שיווק בעמ</ManufactureName>
      <ManufactureCountry />
      <ManufactureItemDescription />
      <UnitQty>יח`</UnitQty>
      <Quantity>150</Quantity>
      <UnitMeasure>מ"ל</UnitMeasure>
      <BisWeighted>0</BisWeighted>
      <QtyInPackage>1</QtyInPackage>
      <ItemPrice>11.90</ItemPrice>
      <UnitOfMeasurePrice>7.93</UnitOfMeasurePrice>
      <AllowDiscount>1</AllowDiscount>
      <itemStatus>1</itemStatus>
      <LastUpdateDate />
      <LastUpdateTime />
    </Product>
    <Product>
      <PriceUpdateDate>2019/05/06 15:00</PriceUpdateDate>
      <ItemCode>8717163648667</ItemCode>
      <ItemType>1</ItemType>
      <ItemName>ג`ל רחצה יו אקס (400 מל)</ItemName>
      <ManufactureName>יוניליוור ישראל שיווק בעמ</ManufactureName>
      <ManufactureCountry />
      <ManufactureItemDescription />
      <UnitQty>יח`</UnitQty>
      <Quantity>400</Quantity>
      <UnitMeasure>מ"ל</UnitMeasure>
      <BisWeighted>0</BisWeighted>
      <QtyInPackage>1</QtyInPackage>
      <ItemPrice>12.90</ItemPrice>
      <UnitOfMeasurePrice>3.23</UnitOfMeasurePrice>
      <AllowDiscount>1</AllowDiscount>
      <itemStatus>1</itemStatus>
      <LastUpdateDate />
      <LastUpdateTime />
    </Product>
    <Product>
      <PriceUpdateDate>2019/11/05 12:15</PriceUpdateDate>
      <ItemCode>8717163711668</ItemCode>
      <ItemType>1</ItemType>
      <ItemName>דאודורנט טלק ספריי רקסונה (150 מל)</ItemName>
      <ManufactureName>יוניליוור ישראל שיווק בעמ</ManufactureName>
      <ManufactureCountry />
      <ManufactureItemDescription />
      <UnitQty>יח`</UnitQty>
      <Quantity>150</Quantity>
      <UnitMeasure>מ"ל</UnitMeasure>
      <BisWeighted>0</BisWeighted>
      <QtyInPackage>1</QtyInPackage>
      <ItemPrice>14.90</ItemPrice>
      <UnitOfMeasurePrice>9.93</UnitOfMeasurePrice>
      <AllowDiscount>1</AllowDiscount>
      <itemStatus>1</itemStatus>
      <LastUpdateDate />
      <LastUpdateTime />
    </Product>
    <Product>
      <PriceUpdateDate>2017/12/26 14:45</PriceUpdateDate>
      <ItemCode>8717644390566</ItemCode>
      <ItemType>1</ItemType>
      <ItemName>דאב סבון מוצק רביעייה</ItemName>
      <ManufactureName>יוניליוור ישראל שיווק בעמ</ManufactureName>
      <ManufactureCountry />
      <ManufactureItemDescription />
      <UnitQty>יח`</UnitQty>
      <Quantity>400</Quantity>
      <UnitMeasure>גרם</UnitMeasure>
      <BisWeighted>0</BisWeighted>
      <QtyInPackage>1</QtyInPackage>
      <ItemPrice>12.90</ItemPrice>
      <UnitOfMeasurePrice>3.23</UnitOfMeasurePrice>
      <AllowDiscount>1</AllowDiscount>
      <itemStatus>1</itemStatus>
      <LastUpdateDate />
      <LastUpdateTime />
    </Product>
    <Product>
      <PriceUpdateDate>2020/05/03 11:04</PriceUpdateDate>
      <ItemCode>8718879000336</ItemCode>
      <ItemType>1</ItemType>
      <ItemName>ענבים שחורים ארוז</ItemName>
      <ManufactureName>שיווק פרי וירק בעמ-אזולאי את א</ManufactureName>
      <ManufactureCountry />
      <ManufactureItemDescription />
      <UnitQty>יח`</UnitQty>
      <Quantity>1</Quantity>
      <UnitMeasure />
      <BisWeighted>0</BisWeighted>
      <QtyInPackage>1</QtyInPackage>
      <ItemPrice>10</ItemPrice>
      <UnitOfMeasurePrice>10</UnitOfMeasurePrice>
      <AllowDiscount>1</AllowDiscount>
      <itemStatus>1</itemStatus>
      <LastUpdateDate />
      <LastUpdateTime />
    </Product>
    <Product>
      <PriceUpdateDate>2019/01/17 07:34</PriceUpdateDate>
      <ItemCode>8718951076372</ItemCode>
      <ItemType>1</ItemType>
      <ItemName>משחת שיניים הרבל עם תמציות צמחים (100 גר</ItemName>
      <ManufactureName>ש.שסטוביץ בעמ</ManufactureName>
      <ManufactureCountry />
      <ManufactureItemDescription />
      <UnitQty>יח`</UnitQty>
      <Quantity>100</Quantity>
      <UnitMeasure>גרם</UnitMeasure>
      <BisWeighted>0</BisWeighted>
      <QtyInPackage>1</QtyInPackage>
      <ItemPrice>12.90</ItemPrice>
      <UnitOfMeasurePrice>12.90</UnitOfMeasurePrice>
      <AllowDiscount>0</AllowDiscount>
      <itemStatus>1</itemStatus>
      <LastUpdateDate />
      <LastUpdateTime />
    </Product>
    <Product>
      <PriceUpdateDate>2017/07/14 09:22</PriceUpdateDate>
      <ItemCode>8718951160897</ItemCode>
      <ItemType>1</ItemType>
      <ItemName>אג`קס ספריי ה7 טריגר אקונומיקה 500 מל</ItemName>
      <ManufactureName>ש.שסטוביץ בעמ</ManufactureName>
      <ManufactureCountry />
      <ManufactureItemDescription />
      <UnitQty>יח`</UnitQty>
      <Quantity>500</Quantity>
      <UnitMeasure>מ"ל</UnitMeasure>
      <BisWeighted>0</BisWeighted>
      <QtyInPackage>1</QtyInPackage>
      <ItemPrice>14.90</ItemPrice>
      <UnitOfMeasurePrice>2.98</UnitOfMeasurePrice>
      <AllowDiscount>0</AllowDiscount>
      <itemStatus>1</itemStatus>
      <LastUpdateDate />
      <LastUpdateTime />
    </Product>
    <Product>
      <PriceUpdateDate>2018/11/12 17:40</PriceUpdateDate>
      <ItemCode>8718951166561</ItemCode>
      <ItemType>1</ItemType>
      <ItemName>משחת שיניים מקס פרש כחול 125 מל קולגייט</ItemName>
      <ManufactureName>ש.שסטוביץ בעמ</ManufactureName>
      <ManufactureCountry />
      <ManufactureItemDescription />
      <UnitQty>יח`</UnitQty>
      <Quantity>1</Quantity>
      <UnitMeasure />
      <BisWeighted>0</BisWeighted>
      <QtyInPackage>1</QtyInPackage>
      <ItemPrice>14.90</ItemPrice>
      <UnitOfMeasurePrice>14.90</UnitOfMeasurePrice>
      <AllowDiscount>0</AllowDiscount>
      <itemStatus>1</itemStatus>
      <LastUpdateDate />
      <LastUpdateTime />
    </Product>
    <Product>
      <PriceUpdateDate>2017/12/17 13:31</PriceUpdateDate>
      <ItemCode>8718951167094</ItemCode>
      <ItemType>1</ItemType>
      <ItemName>פלמוליב צילינדר תפוז וליים 1 ליטר</ItemName>
      <ManufactureName>ש.שסטוביץ בעמ</ManufactureName>
      <ManufactureCountry />
      <ManufactureItemDescription />
      <UnitQty>יח`</UnitQty>
      <Quantity>1000</Quantity>
      <UnitMeasure>מ"ל</UnitMeasure>
      <BisWeighted>0</BisWeighted>
      <QtyInPackage>1</QtyInPackage>
      <ItemPrice>13.90</ItemPrice>
      <UnitOfMeasurePrice>1.39</UnitOfMeasurePrice>
      <AllowDiscount>0</AllowDiscount>
      <itemStatus>1</itemStatus>
      <LastUpdateDate />
      <LastUpdateTime />
    </Product>
    <Product>
      <PriceUpdateDate>2020/01/20 08:43</PriceUpdateDate>
      <ItemCode>8718951175631</ItemCode>
      <ItemType>1</ItemType>
      <ItemName>קולגייט טוטאל משחת שיניים פרו גאם לפה בר</ItemName>
      <ManufactureName>ש.שסטוביץ בעמ</ManufactureName>
      <ManufactureCountry />
      <ManufactureItemDescription />
      <UnitQty>יח`</UnitQty>
      <Quantity>1</Quantity>
      <UnitMeasure />
      <BisWeighted>0</BisWeighted>
      <QtyInPackage>1</QtyInPackage>
      <ItemPrice>22</ItemPrice>
      <UnitOfMeasurePrice>22</UnitOfMeasurePrice>
      <AllowDiscount>1</AllowDiscount>
      <itemStatus>1</itemStatus>
      <LastUpdateDate />
      <LastUpdateTime />
    </Product>
    <Product>
      <PriceUpdateDate>2018/11/12 09:43</PriceUpdateDate>
      <ItemCode>8718951190191</ItemCode>
      <ItemType>1</ItemType>
      <ItemName>אג`קס ספריי ה7 טריגר בוסט לימון וסודה 50</ItemName>
      <ManufactureName>ש.שסטוביץ בעמ</ManufactureName>
      <ManufactureCountry />
      <ManufactureItemDescription />
      <UnitQty>יח`</UnitQty>
      <Quantity>500</Quantity>
      <UnitMeasure>מ"ל</UnitMeasure>
      <BisWeighted>0</BisWeighted>
      <QtyInPackage>1</QtyInPackage>
      <ItemPrice>14.90</ItemPrice>
      <UnitOfMeasurePrice>2.98</UnitOfMeasurePrice>
      <AllowDiscount>0</AllowDiscount>
      <itemStatus>1</itemStatus>
      <LastUpdateDate />
      <LastUpdateTime />
    </Product>
    <Product>
      <PriceUpdateDate>2019/02/19 10:15</PriceUpdateDate>
      <ItemCode>8718951236790</ItemCode>
      <ItemType>1</ItemType>
      <ItemName>קולגייט טוטאל משחת שיניים קלין מינט לפה</ItemName>
      <ManufactureName>ש.שסטוביץ בעמ</ManufactureName>
      <ManufactureCountry />
      <ManufactureItemDescription />
      <UnitQty>יח`</UnitQty>
      <Quantity>1</Quantity>
      <UnitMeasure />
      <BisWeighted>0</BisWeighted>
      <QtyInPackage>1</QtyInPackage>
      <ItemPrice>14.90</ItemPrice>
      <UnitOfMeasurePrice>14.90</UnitOfMeasurePrice>
      <AllowDiscount>0</AllowDiscount>
      <itemStatus>1</itemStatus>
      <LastUpdateDate />
      <LastUpdateTime />
    </Product>
    <Product>
      <PriceUpdateDate>2019/02/19 10:15</PriceUpdateDate>
      <ItemCode>8718951236806</ItemCode>
      <ItemType>1</ItemType>
      <ItemName>קולגייט טוטאל משחת שיניים המסייעת בהסרת</ItemName>
      <ManufactureName>ש.שסטוביץ בעמ</ManufactureName>
      <ManufactureCountry />
      <ManufactureItemDescription />
      <UnitQty>יח`</UnitQty>
      <Quantity>1</Quantity>
      <UnitMeasure />
      <BisWeighted>0</BisWeighted>
      <QtyInPackage>1</QtyInPackage>
      <ItemPrice>14.90</ItemPrice>
      <UnitOfMeasurePrice>14.90</UnitOfMeasurePrice>
      <AllowDiscount>0</AllowDiscount>
      <itemStatus>1</itemStatus>
      <LastUpdateDate />
      <LastUpdateTime />
    </Product>
    <Product>
      <PriceUpdateDate>2019/02/19 10:15</PriceUpdateDate>
      <ItemCode>8718951240742</ItemCode>
      <ItemType>1</ItemType>
      <ItemName>קולגייט טוטאל משחת שיניים פסים מרעענים ל</ItemName>
      <ManufactureName>ש.שסטוביץ בעמ</ManufactureName>
      <ManufactureCountry />
      <ManufactureItemDescription />
      <UnitQty>יח`</UnitQty>
      <Quantity>1</Quantity>
      <UnitMeasure />
      <BisWeighted>0</BisWeighted>
      <QtyInPackage>1</QtyInPackage>
      <ItemPrice>14.90</ItemPrice>
      <UnitOfMeasurePrice>14.90</UnitOfMeasurePrice>
      <AllowDiscount>0</AllowDiscount>
      <itemStatus>1</itemStatus>
      <LastUpdateDate />
      <LastUpdateTime />
    </Product>
    <Product>
      <PriceUpdateDate>2020/03/30 10:32</PriceUpdateDate>
      <ItemCode>8718951264618</ItemCode>
      <ItemType>1</ItemType>
      <ItemName>קולגיט אופטיק וויט עם פחם פעיל 75 מל</ItemName>
      <ManufactureName>ש.שסטוביץ בעמ</ManufactureName>
      <ManufactureCountry />
      <ManufactureItemDescription />
      <UnitQty>יח`</UnitQty>
      <Quantity>1</Quantity>
      <UnitMeasure />
      <BisWeighted>0</BisWeighted>
      <QtyInPackage>1</QtyInPackage>
      <ItemPrice>24.90</ItemPrice>
      <UnitOfMeasurePrice>24.90</UnitOfMeasurePrice>
      <AllowDiscount>0</AllowDiscount>
      <itemStatus>1</itemStatus>
      <LastUpdateDate />
      <LastUpdateTime />
    </Product>
    <Product>
      <PriceUpdateDate>2020/02/14 12:07</PriceUpdateDate>
      <ItemCode>8718951288492</ItemCode>
      <ItemType>1</ItemType>
      <ItemName>משחת שיניים בי טיוב (2*75 מל ) מרידול</ItemName>
      <ManufactureName>ש.שסטוביץ בעמ</ManufactureName>
      <ManufactureCountry />
      <ManufactureItemDescription />
      <UnitQty>יח`</UnitQty>
      <Quantity>1</Quantity>
      <UnitMeasure />
      <BisWeighted>0</BisWeighted>
      <QtyInPackage>1</QtyInPackage>
      <ItemPrice>24.90</ItemPrice>
      <UnitOfMeasurePrice>24.90</UnitOfMeasurePrice>
      <AllowDiscount>0</AllowDiscount>
      <itemStatus>1</itemStatus>
      <LastUpdateDate />
      <LastUpdateTime />
    </Product>
    <Product>
      <PriceUpdateDate>2020/02/14 12:07</PriceUpdateDate>
      <ItemCode>8718951319806</ItemCode>
      <ItemType>1</ItemType>
      <ItemName>פלמוליב לגבר ג`ל רחצה ושמפו מרענן 750 מ</ItemName>
      <ManufactureName>ש.שסטוביץ בעמ</ManufactureName>
      <ManufactureCountry />
      <ManufactureItemDescription />
      <UnitQty>יח`</UnitQty>
      <Quantity>750</Quantity>
      <UnitMeasure>מ"ל</UnitMeasure>
      <BisWeighted>0</BisWeighted>
      <QtyInPackage>1</QtyInPackage>
      <ItemPrice>19.90</ItemPrice>
      <UnitOfMeasurePrice>2.65</UnitOfMeasurePrice>
      <AllowDiscount>0</AllowDiscount>
      <itemStatus>1</itemStatus>
      <LastUpdateDate />
      <LastUpdateTime />
    </Product>
    <Product>
      <PriceUpdateDate>2018/07/29 09:00</PriceUpdateDate>
      <ItemCode>8719128110349</ItemCode>
      <ItemType>1</ItemType>
      <ItemName>סירופ פטל ופירות יער 500 מל סודה סטרים</ItemName>
      <ManufactureName>סודהסטרים ישראל בעמ</ManufactureName>
      <ManufactureCountry />
      <ManufactureItemDescription />
      <UnitQty>יח`</UnitQty>
      <Quantity>500</Quantity>
      <UnitMeasure>מ"ל</UnitMeasure>
      <BisWeighted>0</BisWeighted>
      <QtyInPackage>1</QtyInPackage>
      <ItemPrice>19.90</ItemPrice>
      <UnitOfMeasurePrice>3.98</UnitOfMeasurePrice>
      <AllowDiscount>1</AllowDiscount>
      <itemStatus>1</itemStatus>
      <LastUpdateDate />
      <LastUpdateTime />
    </Product>
    <Product>
      <PriceUpdateDate>2019/12/16 08:39</PriceUpdateDate>
      <ItemCode>8719200997998</ItemCode>
      <ItemType>1</ItemType>
      <ItemName>בלו בנד לבישול וטיגון 200 גר`</ItemName>
      <ManufactureName>דיפלומט היינץ</ManufactureName>
      <ManufactureCountry />
      <ManufactureItemDescription />
      <UnitQty>יח`</UnitQty>
      <Quantity>200</Quantity>
      <UnitMeasure>גרם</UnitMeasure>
      <BisWeighted>0</BisWeighted>
      <QtyInPackage>1</QtyInPackage>
      <ItemPrice>4.50</ItemPrice>
      <UnitOfMeasurePrice>2.25</UnitOfMeasurePrice>
      <AllowDiscount>0</AllowDiscount>
      <itemStatus>1</itemStatus>
      <LastUpdateDate />
      <LastUpdateTime />
    </Product>
    <Product>
      <PriceUpdateDate>2019/12/16 08:39</PriceUpdateDate>
      <ItemCode>8719200998001</ItemCode>
      <ItemType>1</ItemType>
      <ItemName>בלו בנד בלי מלח 250 גר`</ItemName>
      <ManufactureName>דיפלומט היינץ</ManufactureName>
      <ManufactureCountry />
      <ManufactureItemDescription />
      <UnitQty>יח`</UnitQty>
      <Quantity>200</Quantity>
      <UnitMeasure>גרם</UnitMeasure>
      <BisWeighted>0</BisWeighted>
      <QtyInPackage>1</QtyInPackage>
      <ItemPrice>4.50</ItemPrice>
      <UnitOfMeasurePrice>2.25</UnitOfMeasurePrice>
      <AllowDiscount>0</AllowDiscount>
      <itemStatus>1</itemStatus>
      <LastUpdateDate />
      <LastUpdateTime />
    </Product>
    <Product>
      <PriceUpdateDate>2019/12/16 08:39</PriceUpdateDate>
      <ItemCode>8719200998018</ItemCode>
      <ItemType>1</ItemType>
      <ItemName>מרגרינה מחמאה בטעם חמאה 200  גר`בלובנד</ItemName>
      <ManufactureName>דיפלומט היינץ</ManufactureName>
      <ManufactureCountry />
      <ManufactureItemDescription />
      <UnitQty>יח`</UnitQty>
      <Quantity>200</Quantity>
      <UnitMeasure>גרם</UnitMeasure>
      <BisWeighted>0</BisWeighted>
      <QtyInPackage>1</QtyInPackage>
      <ItemPrice>4.80</ItemPrice>
      <UnitOfMeasurePrice>2.40</UnitOfMeasurePrice>
      <AllowDiscount>0</AllowDiscount>
      <itemStatus>1</itemStatus>
      <LastUpdateDate />
      <LastUpdateTime />
    </Product>
    <Product>
      <PriceUpdateDate>2019/12/15 14:11</PriceUpdateDate>
      <ItemCode>8719200998025</ItemCode>
      <ItemType>1</ItemType>
      <ItemName>מרגרינה לייט למריחה (250  גרם)מזולה</ItemName>
      <ManufactureName>דיפלומט היינץ</ManufactureName>
      <ManufactureCountry />
      <ManufactureItemDescription />
      <UnitQty>יח`</UnitQty>
      <Quantity>250</Quantity>
      <UnitMeasure>גרם</UnitMeasure>
      <BisWeighted>0</BisWeighted>
      <QtyInPackage>1</QtyInPackage>
      <ItemPrice>9.90</ItemPrice>
      <UnitOfMeasurePrice>3.96</UnitOfMeasurePrice>
      <AllowDiscount>0</AllowDiscount>
      <itemStatus>1</itemStatus>
      <LastUpdateDate />
      <LastUpdateTime />
    </Product>
    <Product>
      <PriceUpdateDate>2019/12/15 14:11</PriceUpdateDate>
      <ItemCode>8719200998032</ItemCode>
      <ItemType>1</ItemType>
      <ItemName>מרגרינה למריחה בטעם חמאה (250 גרם) מזולה</ItemName>
      <ManufactureName>דיפלומט היינץ</ManufactureName>
      <ManufactureCountry />
      <ManufactureItemDescription />
      <UnitQty>יח`</UnitQty>
      <Quantity>250</Quantity>
      <UnitMeasure>גרם</UnitMeasure>
      <BisWeighted>0</BisWeighted>
      <QtyInPackage>1</QtyInPackage>
      <ItemPrice>10.90</ItemPrice>
      <UnitOfMeasurePrice>4.36</UnitOfMeasurePrice>
      <AllowDiscount>0</AllowDiscount>
      <itemStatus>1</itemStatus>
      <LastUpdateDate />
      <LastUpdateTime />
    </Product>
    <Product>
      <PriceUpdateDate>2019/12/15 14:11</PriceUpdateDate>
      <ItemCode>8719200998049</ItemCode>
      <ItemType>1</ItemType>
      <ItemName>מרגרינה למריחה בטעם טבעי (250  גרם)מזולה</ItemName>
      <ManufactureName>דיפלומט היינץ</ManufactureName>
      <ManufactureCountry />
      <ManufactureItemDescription />
      <UnitQty>יח`</UnitQty>
      <Quantity>250</Quantity>
      <UnitMeasure>גרם</UnitMeasure>
      <BisWeighted>0</BisWeighted>
      <QtyInPackage>1</QtyInPackage>
      <ItemPrice>9.90</ItemPrice>
      <UnitOfMeasurePrice>3.96</UnitOfMeasurePrice>
      <AllowDiscount>0</AllowDiscount>
      <itemStatus>1</itemStatus>
      <LastUpdateDate />
      <LastUpdateTime />
    </Product>
    <Product>
      <PriceUpdateDate>2019/12/16 08:39</PriceUpdateDate>
      <ItemCode>8719200998087</ItemCode>
      <ItemType>1</ItemType>
      <ItemName>מרגרינה מחמאה למריחה (250 גרם)בלובנד</ItemName>
      <ManufactureName>דיפלומט היינץ</ManufactureName>
      <ManufactureCountry />
      <ManufactureItemDescription />
      <UnitQty>יח`</UnitQty>
      <Quantity>250</Quantity>
      <UnitMeasure>גרם</UnitMeasure>
      <BisWeighted>0</BisWeighted>
      <QtyInPackage>1</QtyInPackage>
      <ItemPrice>7.90</ItemPrice>
      <UnitOfMeasurePrice>3.16</UnitOfMeasurePrice>
      <AllowDiscount>0</AllowDiscount>
      <itemStatus>1</itemStatus>
      <LastUpdateDate />
      <LastUpdateTime />
    </Product>
    <Product>
      <PriceUpdateDate>2019/12/15 14:11</PriceUpdateDate>
      <ItemCode>8719200998094</ItemCode>
      <ItemType>1</ItemType>
      <ItemName>מזולה אפייה ללא מלח 200 גר</ItemName>
      <ManufactureName>דיפלומט היינץ</ManufactureName>
      <ManufactureCountry />
      <ManufactureItemDescription />
      <UnitQty>יח`</UnitQty>
      <Quantity>200</Quantity>
      <UnitMeasure>גרם</UnitMeasure>
      <BisWeighted>0</BisWeighted>
      <QtyInPackage>1</QtyInPackage>
      <ItemPrice>6.90</ItemPrice>
      <UnitOfMeasurePrice>3.45</UnitOfMeasurePrice>
      <AllowDiscount>0</AllowDiscount>
      <itemStatus>1</itemStatus>
      <LastUpdateDate />
      <LastUpdateTime />
    </Product>
    <Product>
      <PriceUpdateDate>2015/01/29 09:10</PriceUpdateDate>
      <ItemCode>8801055706952</ItemCode>
      <ItemType>1</ItemType>
      <ItemName>נס קפה קפוצ`ינו קרמל 170 גר`</ItemName>
      <ManufactureName>קבוצת אסם סחר שות. מוגבלת</ManufactureName>
      <ManufactureCountry />
      <ManufactureItemDescription />
      <UnitQty>יח`</UnitQty>
      <Quantity>170</Quantity>
      <UnitMeasure>גרם</UnitMeasure>
      <BisWeighted>0</BisWeighted>
      <QtyInPackage>1</QtyInPackage>
      <ItemPrice>20.90</ItemPrice>
      <UnitOfMeasurePrice>12.29</UnitOfMeasurePrice>
      <AllowDiscount>0</AllowDiscount>
      <itemStatus>1</itemStatus>
      <LastUpdateDate />
      <LastUpdateTime />
    </Product>
    <Product>
      <PriceUpdateDate>2015/01/29 09:10</PriceUpdateDate>
      <ItemCode>8801055706976</ItemCode>
      <ItemType>1</ItemType>
      <ItemName>נס קפה קפוצ`ינו וניל 185 גר`</ItemName>
      <ManufactureName>קבוצת אסם סחר שות. מוגבלת</ManufactureName>
      <ManufactureCountry />
      <ManufactureItemDescription />
      <UnitQty>יח`</UnitQty>
      <Quantity>185</Quantity>
      <UnitMeasure>גרם</UnitMeasure>
      <BisWeighted>0</BisWeighted>
      <QtyInPackage>1</QtyInPackage>
      <ItemPrice>20.90</ItemPrice>
      <UnitOfMeasurePrice>11.30</UnitOfMeasurePrice>
      <AllowDiscount>0</AllowDiscount>
      <itemStatus>1</itemStatus>
      <LastUpdateDate />
      <LastUpdateTime />
    </Product>
    <Product>
      <PriceUpdateDate>2015/01/29 09:10</PriceUpdateDate>
      <ItemCode>8801055707010</ItemCode>
      <ItemType>1</ItemType>
      <ItemName>נס קפה קפוצ`ינו קלאסיק 125 גר`</ItemName>
      <ManufactureName>קבוצת אסם סחר שות. מוגבלת</ManufactureName>
      <ManufactureCountry />
      <ManufactureItemDescription />
      <UnitQty>יח`</UnitQty>
      <Quantity>125</Quantity>
      <UnitMeasure>גרם</UnitMeasure>
      <BisWeighted>0</BisWeighted>
      <QtyInPackage>1</QtyInPackage>
      <ItemPrice>20.90</ItemPrice>
      <UnitOfMeasurePrice>16.72</UnitOfMeasurePrice>
      <AllowDiscount>0</AllowDiscount>
      <itemStatus>1</itemStatus>
      <LastUpdateDate />
      <LastUpdateTime />
    </Product>
    <Product>
      <PriceUpdateDate>2015/01/29 09:10</PriceUpdateDate>
      <ItemCode>8801055707188</ItemCode>
      <ItemType>1</ItemType>
      <ItemName>נס קפה קפוצ`ינו אגוזים 180 גר`</ItemName>
      <ManufactureName>קבוצת אסם סחר שות. מוגבלת</ManufactureName>
      <ManufactureCountry />
      <ManufactureItemDescription />
      <UnitQty>יח`</UnitQty>
      <Quantity>180</Quantity>
      <UnitMeasure>גרם</UnitMeasure>
      <BisWeighted>0</BisWeighted>
      <QtyInPackage>1</QtyInPackage>
      <ItemPrice>20.90</ItemPrice>
      <UnitOfMeasurePrice>11.61</UnitOfMeasurePrice>
      <AllowDiscount>0</AllowDiscount>
      <itemStatus>1</itemStatus>
      <LastUpdateDate />
      <LastUpdateTime />
    </Product>
    <Product>
      <PriceUpdateDate>2019/02/24 09:48</PriceUpdateDate>
      <ItemCode>8801055707966</ItemCode>
      <ItemType>1</ItemType>
      <ItemName>קפה טייסטרס צ`ויס בריסטה נסקפה (180 גרם)</ItemName>
      <ManufactureName>קבוצת אסם סחר שות. מוגבלת</ManufactureName>
      <ManufactureCountry />
      <ManufactureItemDescription />
      <UnitQty>יח`</UnitQty>
      <Quantity>180</Quantity>
      <UnitMeasure>גרם</UnitMeasure>
      <BisWeighted>0</BisWeighted>
      <QtyInPackage>1</QtyInPackage>
      <ItemPrice>32.90</ItemPrice>
      <UnitOfMeasurePrice>18.28</UnitOfMeasurePrice>
      <AllowDiscount>0</AllowDiscount>
      <itemStatus>1</itemStatus>
      <LastUpdateDate />
      <LastUpdateTime />
    </Product>
    <Product>
      <PriceUpdateDate>2017/12/18 10:33</PriceUpdateDate>
      <ItemCode>8802241131664</ItemCode>
      <ItemType>1</ItemType>
      <ItemName>חטיף אצות ים קלויות 9 יח עם מלח</ItemName>
      <ManufactureName>טעמי אסיה בעמ</ManufactureName>
      <ManufactureCountry />
      <ManufactureItemDescription />
      <UnitQty>יח`</UnitQty>
      <Quantity>40.50</Quantity>
      <UnitMeasure>גרם</UnitMeasure>
      <BisWeighted>0</BisWeighted>
      <QtyInPackage>1</QtyInPackage>
      <ItemPrice>27.90</ItemPrice>
      <UnitOfMeasurePrice>68.89</UnitOfMeasurePrice>
      <AllowDiscount>0</AllowDiscount>
      <itemStatus>1</itemStatus>
      <LastUpdateDate />
      <LastUpdateTime />
    </Product>
    <Product>
      <PriceUpdateDate>2016/11/15 08:19</PriceUpdateDate>
      <ItemCode>8850025000026</ItemCode>
      <ItemType>1</ItemType>
      <ItemName>משקה מי קוקוס 1 ליטר</ItemName>
      <ManufactureName>טעמי אסיה בעמ</ManufactureName>
      <ManufactureCountry />
      <ManufactureItemDescription />
      <UnitQty>יח`</UnitQty>
      <Quantity>1000</Quantity>
      <UnitMeasure>מ"ל</UnitMeasure>
      <BisWeighted>0</BisWeighted>
      <QtyInPackage>1</QtyInPackage>
      <ItemPrice>19.90</ItemPrice>
      <UnitOfMeasurePrice>1.99</UnitOfMeasurePrice>
      <AllowDiscount>0</AllowDiscount>
      <itemStatus>1</itemStatus>
      <LastUpdateDate />
      <LastUpdateTime />
    </Product>
    <Product>
      <PriceUpdateDate>2015/07/01 11:25</PriceUpdateDate>
      <ItemCode>8850389105832</ItemCode>
      <ItemType>1</ItemType>
      <ItemName>משקה אלוורה תפוחים סאפה (1 ליטר)</ItemName>
      <ManufactureName>טמפו משקאות בעמ</ManufactureName>
      <ManufactureCountry />
      <ManufactureItemDescription />
      <UnitQty>יח`</UnitQty>
      <Quantity>1</Quantity>
      <UnitMeasure>1 ליטר</UnitMeasure>
      <BisWeighted>0</BisWeighted>
      <QtyInPackage>1</QtyInPackage>
      <ItemPrice>11.90</ItemPrice>
      <UnitOfMeasurePrice>11.90</UnitOfMeasurePrice>
      <AllowDiscount>0</AllowDiscount>
      <itemStatus>1</itemStatus>
      <LastUpdateDate />
      <LastUpdateTime />
    </Product>
    <Product>
      <PriceUpdateDate>2018/03/07 14:42</PriceUpdateDate>
      <ItemCode>8850389115336</ItemCode>
      <ItemType>1</ItemType>
      <ItemName>משקה אלוורה מלון סאפה (1 ליטר)</ItemName>
      <ManufactureName>טמפו משקאות בעמ</ManufactureName>
      <ManufactureCountry />
      <ManufactureItemDescription />
      <UnitQty>יח`</UnitQty>
      <Quantity>1</Quantity>
      <UnitMeasure>1 ליטר</UnitMeasure>
      <BisWeighted>0</BisWeighted>
      <QtyInPackage>1</QtyInPackage>
      <ItemPrice>11.90</ItemPrice>
      <UnitOfMeasurePrice>11.90</UnitOfMeasurePrice>
      <AllowDiscount>0</AllowDiscount>
      <itemStatus>1</itemStatus>
      <LastUpdateDate />
      <LastUpdateTime />
    </Product>
    <Product>
      <PriceUpdateDate>2018/02/06 12:14</PriceUpdateDate>
      <ItemCode>8850632604259</ItemCode>
      <ItemType>1</ItemType>
      <ItemName>יוגטה חמצוצים מקלות 50 גר`</ItemName>
      <ManufactureName>ליימן שליסל בעמ</ManufactureName>
      <ManufactureCountry />
      <ManufactureItemDescription />
      <UnitQty>יח`</UnitQty>
      <Quantity>50</Quantity>
      <UnitMeasure>גרם</UnitMeasure>
      <BisWeighted>0</BisWeighted>
      <QtyInPackage>1</QtyInPackage>
      <ItemPrice>3.90</ItemPrice>
      <UnitOfMeasurePrice>7.80</UnitOfMeasurePrice>
      <AllowDiscount>1</AllowDiscount>
      <itemStatus>1</itemStatus>
      <LastUpdateDate />
      <LastUpdateTime />
    </Product>
    <Product>
      <PriceUpdateDate>2018/02/06 12:14</PriceUpdateDate>
      <ItemCode>8850632604266</ItemCode>
      <ItemType>1</ItemType>
      <ItemName>חיספוסים מקלות בטעם קולה יוגטה (50 גרם)</ItemName>
      <ManufactureName>ליימן שליסל בעמ</ManufactureName>
      <ManufactureCountry />
      <ManufactureItemDescription />
      <UnitQty>יח`</UnitQty>
      <Quantity>50</Quantity>
      <UnitMeasure>גרם</UnitMeasure>
      <BisWeighted>0</BisWeighted>
      <QtyInPackage>1</QtyInPackage>
      <ItemPrice>3.90</ItemPrice>
      <UnitOfMeasurePrice>7.80</UnitOfMeasurePrice>
      <AllowDiscount>1</AllowDiscount>
      <itemStatus>1</itemStatus>
      <LastUpdateDate />
      <LastUpdateTime />
    </Product>
    <Product>
      <PriceUpdateDate>2018/02/06 12:14</PriceUpdateDate>
      <ItemCode>8850632604372</ItemCode>
      <ItemType>1</ItemType>
      <ItemName>חמצוצים שטיח בטעם תות שדה יוגטה (50 גרם)</ItemName>
      <ManufactureName>ליימן שליסל בעמ</ManufactureName>
      <ManufactureCountry />
      <ManufactureItemDescription />
      <UnitQty>יח`</UnitQty>
      <Quantity>50</Quantity>
      <UnitMeasure>גרם</UnitMeasure>
      <BisWeighted>0</BisWeighted>
      <QtyInPackage>1</QtyInPackage>
      <ItemPrice>3.90</ItemPrice>
      <UnitOfMeasurePrice>7.80</UnitOfMeasurePrice>
      <AllowDiscount>1</AllowDiscount>
      <itemStatus>1</itemStatus>
      <LastUpdateDate />
      <LastUpdateTime />
    </Product>
    <Product>
      <PriceUpdateDate>2018/02/06 12:14</PriceUpdateDate>
      <ItemCode>8850632604402</ItemCode>
      <ItemType>1</ItemType>
      <ItemName>יוגטה חמצוצים שטיח 50 גר`</ItemName>
      <ManufactureName>ליימן שליסל בעמ</ManufactureName>
      <ManufactureCountry />
      <ManufactureItemDescription />
      <UnitQty>יח`</UnitQty>
      <Quantity>50</Quantity>
      <UnitMeasure>גרם</UnitMeasure>
      <BisWeighted>0</BisWeighted>
      <QtyInPackage>1</QtyInPackage>
      <ItemPrice>3.90</ItemPrice>
      <UnitOfMeasurePrice>7.80</UnitOfMeasurePrice>
      <AllowDiscount>1</AllowDiscount>
      <itemStatus>1</itemStatus>
      <LastUpdateDate />
      <LastUpdateTime />
    </Product>
    <Product>
      <PriceUpdateDate>2018/02/06 12:14</PriceUpdateDate>
      <ItemCode>8850632605201</ItemCode>
      <ItemType>1</ItemType>
      <ItemName>יוגטה חמצוצים 50 גר`</ItemName>
      <ManufactureName>ליימן שליסל בעמ</ManufactureName>
      <ManufactureCountry />
      <ManufactureItemDescription />
      <UnitQty>יח`</UnitQty>
      <Quantity>50</Quantity>
      <UnitMeasure>גרם</UnitMeasure>
      <BisWeighted>0</BisWeighted>
      <QtyInPackage>1</QtyInPackage>
      <ItemPrice>3.90</ItemPrice>
      <UnitOfMeasurePrice>7.80</UnitOfMeasurePrice>
      <AllowDiscount>1</AllowDiscount>
      <itemStatus>1</itemStatus>
      <LastUpdateDate />
      <LastUpdateTime />
    </Product>
    <Product>
      <PriceUpdateDate>2018/02/06 12:14</PriceUpdateDate>
      <ItemCode>8850632606390</ItemCode>
      <ItemType>1</ItemType>
      <ItemName>חיספוסים מקלות בטעם אבטיח יוגטה (50 גרם)</ItemName>
      <ManufactureName>ליימן שליסל בעמ</ManufactureName>
      <ManufactureCountry />
      <ManufactureItemDescription />
      <UnitQty>יח`</UnitQty>
      <Quantity>50</Quantity>
      <UnitMeasure>גרם</UnitMeasure>
      <BisWeighted>0</BisWeighted>
      <QtyInPackage>1</QtyInPackage>
      <ItemPrice>3.90</ItemPrice>
      <UnitOfMeasurePrice>7.80</UnitOfMeasurePrice>
      <AllowDiscount>1</AllowDiscount>
      <itemStatus>1</itemStatus>
      <LastUpdateDate />
      <LastUpdateTime />
    </Product>
    <Product>
      <PriceUpdateDate>2018/07/01 08:20</PriceUpdateDate>
      <ItemCode>8850632608233</ItemCode>
      <ItemType>1</ItemType>
      <ItemName>זאזי ממתק מסוכר בטעם פירות שקית 4*40 גר`</ItemName>
      <ManufactureName>אבאל יזמות בעמ</ManufactureName>
      <ManufactureCountry />
      <ManufactureItemDescription />
      <UnitQty>יח`</UnitQty>
      <Quantity>120</Quantity>
      <UnitMeasure>גרם</UnitMeasure>
      <BisWeighted>0</BisWeighted>
      <QtyInPackage>1</QtyInPackage>
      <ItemPrice>12.90</ItemPrice>
      <UnitOfMeasurePrice>10.75</UnitOfMeasurePrice>
      <AllowDiscount>0</AllowDiscount>
      <itemStatus>1</itemStatus>
      <LastUpdateDate />
      <LastUpdateTime />
    </Product>
    <Product>
      <PriceUpdateDate>2016/06/15 11:44</PriceUpdateDate>
      <ItemCode>8852633119039</ItemCode>
      <ItemType>1</ItemType>
      <ItemName>רוטב דגים 300  מל- כשר</ItemName>
      <ManufactureName>טעמי אסיה בעמ</ManufactureName>
      <ManufactureCountry />
      <ManufactureItemDescription />
      <UnitQty>יח`</UnitQty>
      <Quantity>300</Quantity>
      <UnitMeasure>מ"ל</UnitMeasure>
      <BisWeighted>0</BisWeighted>
      <QtyInPackage>1</QtyInPackage>
      <ItemPrice>9.90</ItemPrice>
      <UnitOfMeasurePrice>3.30</UnitOfMeasurePrice>
      <AllowDiscount>0</AllowDiscount>
      <itemStatus>1</itemStatus>
      <LastUpdateDate />
      <LastUpdateTime />
    </Product>
    <Product>
      <PriceUpdateDate>2019/01/30 08:32</PriceUpdateDate>
      <ItemCode>8857101301008</ItemCode>
      <ItemType>1</ItemType>
      <ItemName>רוטב צ`ילי מתוק וילי פוד (700 מל)</ItemName>
      <ManufactureName>ג.וילי-פוד אינטרנשיונל בעמ</ManufactureName>
      <ManufactureCountry />
      <ManufactureItemDescription />
      <UnitQty>יח`</UnitQty>
      <Quantity>700</Quantity>
      <UnitMeasure>מ"ל</UnitMeasure>
      <BisWeighted>0</BisWeighted>
      <QtyInPackage>1</QtyInPackage>
      <ItemPrice>9.80</ItemPrice>
      <UnitOfMeasurePrice>1.40</UnitOfMeasurePrice>
      <AllowDiscount>1</AllowDiscount>
      <itemStatus>1</itemStatus>
      <LastUpdateDate />
      <LastUpdateTime />
    </Product>
    <Product>
      <PriceUpdateDate>2016/03/08 08:14</PriceUpdateDate>
      <ItemCode>8888111030053</ItemCode>
      <ItemType>1</ItemType>
      <ItemName>מיץ אננס רבעייה 240*4 מל</ItemName>
      <ManufactureName>בני פאוזי שמשום (2009) בעמ</ManufactureName>
      <ManufactureCountry />
      <ManufactureItemDescription />
      <UnitQty>יח`</UnitQty>
      <Quantity>960</Quantity>
      <UnitMeasure>מ"ל</UnitMeasure>
      <BisWeighted>0</BisWeighted>
      <QtyInPackage>1</QtyInPackage>
      <ItemPrice>11.90</ItemPrice>
      <UnitOfMeasurePrice>1.11</UnitOfMeasurePrice>
      <AllowDiscount>1</AllowDiscount>
      <itemStatus>1</itemStatus>
      <LastUpdateDate />
      <LastUpdateTime />
    </Product>
    <Product>
      <PriceUpdateDate>2019/07/24 10:24</PriceUpdateDate>
      <ItemCode>8901483010482</ItemCode>
      <ItemType>1</ItemType>
      <ItemName>מלפפונים בחומץ 690 גר` יורוסטנדרט</ItemName>
      <ManufactureName>יורוסטנדרט בעמ</ManufactureName>
      <ManufactureCountry />
      <ManufactureItemDescription />
      <UnitQty>יח`</UnitQty>
      <Quantity>690</Quantity>
      <UnitMeasure>גרם</UnitMeasure>
      <BisWeighted>0</BisWeighted>
      <QtyInPackage>1</QtyInPackage>
      <ItemPrice>8.90</ItemPrice>
      <UnitOfMeasurePrice>1.29</UnitOfMeasurePrice>
      <AllowDiscount>1</AllowDiscount>
      <itemStatus>1</itemStatus>
      <LastUpdateDate />
      <LastUpdateTime />
    </Product>
    <Product>
      <PriceUpdateDate>2014/10/13 10:50</PriceUpdateDate>
      <ItemCode>8901483010505</ItemCode>
      <ItemType>1</ItemType>
      <ItemName>קורנישון בחומץ כפרי וביתי (690 גרם)</ItemName>
      <ManufactureName>יורוסטנדרט בעמ</ManufactureName>
      <ManufactureCountry />
      <ManufactureItemDescription />
      <UnitQty>יח`</UnitQty>
      <Quantity>690</Quantity>
      <UnitMeasure>גרם</UnitMeasure>
      <BisWeighted>0</BisWeighted>
      <QtyInPackage>1</QtyInPackage>
      <ItemPrice>8.90</ItemPrice>
      <UnitOfMeasurePrice>1.29</UnitOfMeasurePrice>
      <AllowDiscount>1</AllowDiscount>
      <itemStatus>1</itemStatus>
      <LastUpdateDate />
      <LastUpdateTime />
    </Product>
    <Product>
      <PriceUpdateDate>2015/04/29 18:39</PriceUpdateDate>
      <ItemCode>8901537024014</ItemCode>
      <ItemType>1</ItemType>
      <ItemName>אורז בסמטי דאווט וילי פוד (1 קג)</ItemName>
      <ManufactureName>ג.וילי-פוד אינטרנשיונל בעמ</ManufactureName>
      <ManufactureCountry />
      <ManufactureItemDescription />
      <UnitQty>יח`</UnitQty>
      <Quantity>1000</Quantity>
      <UnitMeasure>גרם</UnitMeasure>
      <BisWeighted>0</BisWeighted>
      <QtyInPackage>1</QtyInPackage>
      <ItemPrice>12.90</ItemPrice>
      <UnitOfMeasurePrice>1.29</UnitOfMeasurePrice>
      <AllowDiscount>1</AllowDiscount>
      <itemStatus>1</itemStatus>
      <LastUpdateDate />
      <LastUpdateTime />
    </Product>
    <Product>
      <PriceUpdateDate>2019/11/10 17:17</PriceUpdateDate>
      <ItemCode>8906009801575</ItemCode>
      <ItemType>1</ItemType>
      <ItemName>גליליות וופל במילוי קרם אגוזי לוז 100 גר</ItemName>
      <ManufactureName>אבאל יזמות בעמ</ManufactureName>
      <ManufactureCountry />
      <ManufactureItemDescription />
      <UnitQty>יח`</UnitQty>
      <Quantity>100</Quantity>
      <UnitMeasure>גרם</UnitMeasure>
      <BisWeighted>0</BisWeighted>
      <QtyInPackage>1</QtyInPackage>
      <ItemPrice>3.90</ItemPrice>
      <UnitOfMeasurePrice>3.90</UnitOfMeasurePrice>
      <AllowDiscount>1</AllowDiscount>
      <itemStatus>1</itemStatus>
      <LastUpdateDate />
      <LastUpdateTime />
    </Product>
    <Product>
      <PriceUpdateDate>2020/04/17 09:51</PriceUpdateDate>
      <ItemCode>8906009801599</ItemCode>
      <ItemType>1</ItemType>
      <ItemName>גליליות וופל במילוי קרם אגוזי לוז 100 גר</ItemName>
      <ManufactureName>אבאל יזמות בעמ</ManufactureName>
      <ManufactureCountry />
      <ManufactureItemDescription />
      <UnitQty>יח`</UnitQty>
      <Quantity>100</Quantity>
      <UnitMeasure>גרם</UnitMeasure>
      <BisWeighted>0</BisWeighted>
      <QtyInPackage>1</QtyInPackage>
      <ItemPrice>3.90</ItemPrice>
      <UnitOfMeasurePrice>3.90</UnitOfMeasurePrice>
      <AllowDiscount>1</AllowDiscount>
      <itemStatus>1</itemStatus>
      <LastUpdateDate />
      <LastUpdateTime />
    </Product>
    <Product>
      <PriceUpdateDate>2019/07/10 08:27</PriceUpdateDate>
      <ItemCode>8906064282371</ItemCode>
      <ItemType>1</ItemType>
      <ItemName>עוגיות חמאה בפח 340 גר` AVEL</ItemName>
      <ManufactureName>אבאל יזמות בעמ</ManufactureName>
      <ManufactureCountry />
      <ManufactureItemDescription />
      <UnitQty>יח`</UnitQty>
      <Quantity>340</Quantity>
      <UnitMeasure>גרם</UnitMeasure>
      <BisWeighted>0</BisWeighted>
      <QtyInPackage>1</QtyInPackage>
      <ItemPrice>11.90</ItemPrice>
      <UnitOfMeasurePrice>3.50</UnitOfMeasurePrice>
      <AllowDiscount>1</AllowDiscount>
      <itemStatus>1</itemStatus>
      <LastUpdateDate />
      <LastUpdateTime />
    </Product>
    <Product>
      <PriceUpdateDate>2018/04/13 10:24</PriceUpdateDate>
      <ItemCode>8908003050461</ItemCode>
      <ItemType>1</ItemType>
      <ItemName>אורז בסמטי הימליה 1 קג`</ItemName>
      <ManufactureName>נטו מלינדה סחר בעמ</ManufactureName>
      <ManufactureCountry />
      <ManufactureItemDescription />
      <UnitQty>יח`</UnitQty>
      <Quantity>1000</Quantity>
      <UnitMeasure>גרם</UnitMeasure>
      <BisWeighted>0</BisWeighted>
      <QtyInPackage>1</QtyInPackage>
      <ItemPrice>9.90</ItemPrice>
      <UnitOfMeasurePrice>0.99</UnitOfMeasurePrice>
      <AllowDiscount>0</AllowDiscount>
      <itemStatus>1</itemStatus>
      <LastUpdateDate />
      <LastUpdateTime />
    </Product>
    <Product>
      <PriceUpdateDate>2016/11/17 12:41</PriceUpdateDate>
      <ItemCode>9001616202131</ItemCode>
      <ItemType>1</ItemType>
      <ItemName>מוצצים 0-6 סיליקון פרל</ItemName>
      <ManufactureName>אלפא קוסמטיקה בעמ</ManufactureName>
      <ManufactureCountry />
      <ManufactureItemDescription />
      <UnitQty>יח`</UnitQty>
      <Quantity>1</Quantity>
      <UnitMeasure />
      <BisWeighted>0</BisWeighted>
      <QtyInPackage>1</QtyInPackage>
      <ItemPrice>39.90</ItemPrice>
      <UnitOfMeasurePrice>39.90</UnitOfMeasurePrice>
      <AllowDiscount>0</AllowDiscount>
      <itemStatus>1</itemStatus>
      <LastUpdateDate />
      <LastUpdateTime />
    </Product>
    <Product>
      <PriceUpdateDate>2016/11/17 12:38</PriceUpdateDate>
      <ItemCode>9001616202988</ItemCode>
      <ItemType>1</ItemType>
      <ItemName>מוצצים איר 6+ סיליקון-בן (כחול)</ItemName>
      <ManufactureName>אלפא קוסמטיקה בעמ</ManufactureName>
      <ManufactureCountry />
      <ManufactureItemDescription />
      <UnitQty>יח`</UnitQty>
      <Quantity>1</Quantity>
      <UnitMeasure />
      <BisWeighted>0</BisWeighted>
      <QtyInPackage>1</QtyInPackage>
      <ItemPrice>39.90</ItemPrice>
      <UnitOfMeasurePrice>39.90</UnitOfMeasurePrice>
      <AllowDiscount>0</AllowDiscount>
      <itemStatus>1</itemStatus>
      <LastUpdateDate />
      <LastUpdateTime />
    </Product>
    <Product>
      <PriceUpdateDate>2016/11/17 12:41</PriceUpdateDate>
      <ItemCode>9001616203329</ItemCode>
      <ItemType>1</ItemType>
      <ItemName>זוג ידיות לבקבוק-תכלת</ItemName>
      <ManufactureName>אלפא קוסמטיקה בעמ</ManufactureName>
      <ManufactureCountry />
      <ManufactureItemDescription />
      <UnitQty>יח`</UnitQty>
      <Quantity>1</Quantity>
      <UnitMeasure />
      <BisWeighted>0</BisWeighted>
      <QtyInPackage>1</QtyInPackage>
      <ItemPrice>29.90</ItemPrice>
      <UnitOfMeasurePrice>29.90</UnitOfMeasurePrice>
      <AllowDiscount>0</AllowDiscount>
      <itemStatus>1</itemStatus>
      <LastUpdateDate />
      <LastUpdateTime />
    </Product>
    <Product>
      <PriceUpdateDate>2018/09/17 08:56</PriceUpdateDate>
      <ItemCode>9001616702693</ItemCode>
      <ItemType>1</ItemType>
      <ItemName>מוצצים 0-6 סיליקון בעלי חיים בת (ורוד)</ItemName>
      <ManufactureName>אלפא קוסמטיקה בעמ</ManufactureName>
      <ManufactureCountry />
      <ManufactureItemDescription />
      <UnitQty>יח`</UnitQty>
      <Quantity>1</Quantity>
      <UnitMeasure />
      <BisWeighted>0</BisWeighted>
      <QtyInPackage>1</QtyInPackage>
      <ItemPrice>39.90</ItemPrice>
      <UnitOfMeasurePrice>39.90</UnitOfMeasurePrice>
      <AllowDiscount>0</AllowDiscount>
      <itemStatus>1</itemStatus>
      <LastUpdateDate />
      <LastUpdateTime />
    </Product>
    <Product>
      <PriceUpdateDate>2018/09/20 07:11</PriceUpdateDate>
      <ItemCode>9001616702969</ItemCode>
      <ItemType>1</ItemType>
      <ItemName>בקבוק תינוק 270 מל -סגול</ItemName>
      <ManufactureName>אלפא קוסמטיקה בעמ</ManufactureName>
      <ManufactureCountry />
      <ManufactureItemDescription />
      <UnitQty>יח`</UnitQty>
      <Quantity>1</Quantity>
      <UnitMeasure />
      <BisWeighted>0</BisWeighted>
      <QtyInPackage>1</QtyInPackage>
      <ItemPrice>39.90</ItemPrice>
      <UnitOfMeasurePrice>39.90</UnitOfMeasurePrice>
      <AllowDiscount>0</AllowDiscount>
      <itemStatus>1</itemStatus>
      <LastUpdateDate />
      <LastUpdateTime />
    </Product>
    <Product>
      <PriceUpdateDate>2018/09/20 07:11</PriceUpdateDate>
      <ItemCode>9001616703027</ItemCode>
      <ItemType>1</ItemType>
      <ItemName>בקבוק תינוק 330 מל -אפור</ItemName>
      <ManufactureName>אלפא קוסמטיקה בעמ</ManufactureName>
      <ManufactureCountry />
      <ManufactureItemDescription />
      <UnitQty>יח`</UnitQty>
      <Quantity>1</Quantity>
      <UnitMeasure />
      <BisWeighted>0</BisWeighted>
      <QtyInPackage>1</QtyInPackage>
      <ItemPrice>39.90</ItemPrice>
      <UnitOfMeasurePrice>39.90</UnitOfMeasurePrice>
      <AllowDiscount>0</AllowDiscount>
      <itemStatus>1</itemStatus>
      <LastUpdateDate />
      <LastUpdateTime />
    </Product>
    <Product>
      <PriceUpdateDate>2015/06/03 07:41</PriceUpdateDate>
      <ItemCode>9044400231009</ItemCode>
      <ItemType>1</ItemType>
      <ItemName>סוכריות פז מילוי שמיניה</ItemName>
      <ManufactureName>ר.ב מוצרי דגנים בעמ</ManufactureName>
      <ManufactureCountry />
      <ManufactureItemDescription />
      <UnitQty>יח`</UnitQty>
      <Quantity>82</Quantity>
      <UnitMeasure>גרם</UnitMeasure>
      <BisWeighted>0</BisWeighted>
      <QtyInPackage>1</QtyInPackage>
      <ItemPrice>8.90</ItemPrice>
      <UnitOfMeasurePrice>10.85</UnitOfMeasurePrice>
      <AllowDiscount>0</AllowDiscount>
      <itemStatus>1</itemStatus>
      <LastUpdateDate />
      <LastUpdateTime />
    </Product>
    <Product>
      <PriceUpdateDate>2015/06/23 11:41</PriceUpdateDate>
      <ItemCode>9044400841000</ItemCode>
      <ItemType>1</ItemType>
      <ItemName>סוכריות פז פו הדוב +3 מילויים</ItemName>
      <ManufactureName>ר.ב מוצרי דגנים בעמ</ManufactureName>
      <ManufactureCountry />
      <ManufactureItemDescription />
      <UnitQty>יח`</UnitQty>
      <Quantity>25.50</Quantity>
      <UnitMeasure>גרם</UnitMeasure>
      <BisWeighted>0</BisWeighted>
      <QtyInPackage>1</QtyInPackage>
      <ItemPrice>11.90</ItemPrice>
      <UnitOfMeasurePrice>46.67</UnitOfMeasurePrice>
      <AllowDiscount>0</AllowDiscount>
      <itemStatus>1</itemStatus>
      <LastUpdateDate />
      <LastUpdateTime />
    </Product>
    <Product>
      <PriceUpdateDate>2016/04/21 09:04</PriceUpdateDate>
      <ItemCode>9310072028743</ItemCode>
      <ItemType>1</ItemType>
      <ItemName>חטיף שוקולד אורגינל טים טם (200 גרם)</ItemName>
      <ManufactureName>משה סידס ובנו בעמ</ManufactureName>
      <ManufactureCountry />
      <ManufactureItemDescription />
      <UnitQty>יח`</UnitQty>
      <Quantity>200</Quantity>
      <UnitMeasure>גרם</UnitMeasure>
      <BisWeighted>0</BisWeighted>
      <QtyInPackage>1</QtyInPackage>
      <ItemPrice>20.90</ItemPrice>
      <UnitOfMeasurePrice>10.45</UnitOfMeasurePrice>
      <AllowDiscount>1</AllowDiscount>
      <itemStatus>1</itemStatus>
      <LastUpdateDate />
      <LastUpdateTime />
    </Product>
    <Product>
      <PriceUpdateDate>2016/03/17 08:41</PriceUpdateDate>
      <ItemCode>9310072028750</ItemCode>
      <ItemType>1</ItemType>
      <ItemName>חטיף שוקולד דאבל קרם טים טם (200 גרם)</ItemName>
      <ManufactureName>משה סידס ובנו בעמ</ManufactureName>
      <ManufactureCountry />
      <ManufactureItemDescription />
      <UnitQty>יח`</UnitQty>
      <Quantity>200</Quantity>
      <UnitMeasure>גרם</UnitMeasure>
      <BisWeighted>0</BisWeighted>
      <QtyInPackage>1</QtyInPackage>
      <ItemPrice>20.90</ItemPrice>
      <UnitOfMeasurePrice>10.45</UnitOfMeasurePrice>
      <AllowDiscount>1</AllowDiscount>
      <itemStatus>1</itemStatus>
      <LastUpdateDate />
      <LastUpdateTime />
    </Product>
    <Product>
      <PriceUpdateDate>2015/05/27 11:08</PriceUpdateDate>
      <ItemCode>9310088007015</ItemCode>
      <ItemType>1</ItemType>
      <ItemName>תחבושת דיפנד אוברנייט OVERNIGHT</ItemName>
      <ManufactureName>קימברלי קלארק ישראל שיווק בעמ</ManufactureName>
      <ManufactureCountry />
      <ManufactureItemDescription />
      <UnitQty>יח`</UnitQty>
      <Quantity>1</Quantity>
      <UnitMeasure />
      <BisWeighted>0</BisWeighted>
      <QtyInPackage>1</QtyInPackage>
      <ItemPrice>24.90</ItemPrice>
      <UnitOfMeasurePrice>24.90</UnitOfMeasurePrice>
      <AllowDiscount>1</AllowDiscount>
      <itemStatus>1</itemStatus>
      <LastUpdateDate />
      <LastUpdateTime />
    </Product>
    <Product>
      <PriceUpdateDate>2020/02/10 07:21</PriceUpdateDate>
      <ItemCode>9421018071508</ItemCode>
      <ItemType>1</ItemType>
      <ItemName>יין לבן 750 מל מד האוס</ItemName>
      <ManufactureName>היכל היין שקד גולן בעמ</ManufactureName>
      <ManufactureCountry />
      <ManufactureItemDescription />
      <UnitQty>יח`</UnitQty>
      <Quantity>750</Quantity>
      <UnitMeasure>מ"ל</UnitMeasure>
      <BisWeighted>0</BisWeighted>
      <QtyInPackage>1</QtyInPackage>
      <ItemPrice>59.90</ItemPrice>
      <UnitOfMeasurePrice>7.95</UnitOfMeasurePrice>
      <AllowDiscount>0</AllowDiscount>
      <itemStatus>1</itemStatus>
      <LastUpdateDate />
      <LastUpdateTime />
    </Product>
    <Product>
      <PriceUpdateDate>2014/01/01 08:37</PriceUpdateDate>
      <ItemCode>9720188050109</ItemCode>
      <ItemType>1</ItemType>
      <ItemName>גבינת טופו בטעמים צוריאל</ItemName>
      <ManufactureName>החב` המרכזית - טרה</ManufactureName>
      <ManufactureCountry />
      <ManufactureItemDescription />
      <UnitQty>יח`</UnitQty>
      <Quantity>227</Quantity>
      <UnitMeasure>גרם</UnitMeasure>
      <BisWeighted>0</BisWeighted>
      <QtyInPackage>1</QtyInPackage>
      <ItemPrice>21.40</ItemPrice>
      <UnitOfMeasurePrice>9.43</UnitOfMeasurePrice>
      <AllowDiscount>0</AllowDiscount>
      <itemStatus>1</itemStatus>
      <LastUpdateDate />
      <LastUpdateTime />
    </Product>
    <Product>
      <PriceUpdateDate>2014/01/01 08:37</PriceUpdateDate>
      <ItemCode>9720188060108</ItemCode>
      <ItemType>1</ItemType>
      <ItemName>שמנת טופו צוריאל</ItemName>
      <ManufactureName>החב` המרכזית - טרה</ManufactureName>
      <ManufactureCountry />
      <ManufactureItemDescription />
      <UnitQty>יח`</UnitQty>
      <Quantity>340</Quantity>
      <UnitMeasure>גרם</UnitMeasure>
      <BisWeighted>0</BisWeighted>
      <QtyInPackage>1</QtyInPackage>
      <ItemPrice>21.40</ItemPrice>
      <UnitOfMeasurePrice>6.29</UnitOfMeasurePrice>
      <AllowDiscount>0</AllowDiscount>
      <itemStatus>1</itemStatus>
      <LastUpdateDate />
      <LastUpdateTime />
    </Product>
  </Products>
</Prices>